3986 6350
267 560 326 619 tat
986 555 1103 620 LIBER
1124 555 1177 616 IX.

310 743 506 825 Respoudao.
523 743 572 805 Ad
596 741 848 804 emendationem
871 741 955 811 scitae,
972 743 1063 804 curet
1115 742 1244 820 tutum,
1273 742 1315 804 ed
1352 741 1438 822 quod
1464 739 1604 821 disponit
1629 741 1838 804 Gonlesserius
1856 741 1891 804 ia·

269 831 482 896 confessarius
503 830 708 910 poenitentem
732 830 848 891 armari
872 835 984 893 contra
1007 830 1063 892 da·
1115 830 1266 890 struendo
1282 833 1313 890 et
1327 829 1494 892 hortando.

268 922 368 983 lectus
390 937 481 996 suas,
506 921 597 979 llrma
617 919 777 980 voluntate
802 923 833 980 et
856 937 938 998 saepe
968 937 1062 980 reno·
1156 918 1185 987 l.
1202 917 1249 978 nd
1265 917 1385 978 bonum
1399 935 1491 978 usum
1500 919 1613 999 gratim
1626 917 1893 997 acceptae;tuendo

269 1015 352 1085 rata,
374 1025 436 1068 uon
460 1006 639 1069 offendendi
663 1009 763 1067 Deum
784 1023 821 1068 ac
844 1007 873 1068 ei
896 1025 971 1068 vere
996 1025 1062 1068 scr·
1116 1004 1246 1066 sollicite
1280 1005 1494 1066 omnimodam
1527 1007 1717 1086 puritatem
1741 1003 1893 1066 insistendo

269 1096 385 1158 aiendi.
411 1098 452 1158 Ut
473 1099 579 1156 autem
613 1093 690 1154 illud
719 1099 915 1174 assequatur,
937 1095 1062 1176 juvebit
1115 1091 1207 1153 bonis
1222 1092 1370 1170 operibus
1385 1109 1441 1170 pro
1465 1094 1573 1156 talenti
1592 1091 1715 1172 accepti
1743 1092 1895 1153 retentet

270 1181 424 1244 memoria
441 1182 666 1244 beneficiorum
689 1182 745 1243 Dei
767 1188 798 1242 ct
812 1200 978 1260 poenarum
993 1183 1062 1262 qui·
1116 1178 1153 1239 iis
1168 1179 1337 1258 praecipue,
1355 1197 1425 1260 quae
1440 1181 1593 1244 charitate
1612 1182 1645 1243 iu
1669 1185 1771 1243 Deum
1794 1184 1895 1258 etpro-

269 1268 328 1328 bus
350 1273 498 1347 peccator
511 1271 547 1331 fit
570 1268 722 1331 obnoxius
737 1272 768 1330 et
782 1269 890 1331 mortis
905 1269 993 1350 eujus
1009 1271 1061 1331 ad·
1114 1266 1235 1327 ximum
1249 1267 1513 1331 commendantur
1530 1290 1536 1331 :
1553 1274 1681 1350 gratum
1704 1269 1799 1330 etiam
1812 1285 1843 1328 se
1853 1285 1896 1326 ex·

269 1357 381 1416 ventus
395 1356 474 1416 bora
487 1360 553 1418 tam
568 1361 615 1416 est
629 1355 747 1415 incerta
763 1362 793 1416 et
810 1355 921 1436 judicii
936 1357 992 1419 Dei
1008 1358 1060 1437 qui
1115 1353 1253 1416 bibendo
1267 1354 1425 1416 bonorum
1439 1359 1515 1434 Dec,
1537 1357 1679 1419 omnium
1699 1354 1837 1432 Auctor-i,
1850 1373 1896 1434 par

268 1444 356 1503 testis
379 1448 410 1506 et
432 1461 505 1522 pars
528 1443 650 1506 futurus
675 1448 731 1504 est.
757 1445 887 1507 Juvabit
910 1445 1017 1521 etiam,
1035 1445 1060 1506 si
1114 1443 1300 1504 memoriam
1324 1442 1554 1507 beneficiorum
1568 1450 1600 1507 et
1622 1445 1797 1526 gratiarum
1814 1443 1896 1504 actio·
1977 1459 1978 1464 ¹

268 1535 432 1608 peccatum
447 1532 573 1611 aliquod
588 1531 756 1608 accideret,
773 1533 878 1593 statim
893 1534 1058 1610 paenitere,
1116 1549 1189 1590 nem
1203 1535 1235 1592 et
1248 1531 1387 1594 laudem.
1977 1607 1978 1612 ἵ

270 1621 301 1678 et
323 1617 462 1698 aliquam
484 1619 541 1681 sibi
557 1637 685 1698 poenam
709 1626 838 1699 propter
861 1620 892 1680 id
908 1621 1061 1699 infligere,
1156 1622 1186 1679 t.
1203 1622 1244 1682 Ut
1257 1638 1290 1680 se
1314 1619 1444 1681 idoneos
1466 1624 1497 1682 et
1519 1621 1610 1701 quasi
1633 1639 1713 1682 svesa
1726 1619 1895 1701 capaciaad

270 1710 371 1768 etsuo
392 1711 532 1787 tempore
556 1708 699 1769 confiteri
717 1726 918 1787 proponere:
944 1710 1062 1789 alioqui
1118 1723 1232 1766 novam
1264 1707 1399 1786 gratiam
1434 1709 1671 1788 percipiendam
1710 1709 1893 1771 consfitmnt.

270 1813 368 1855 unum
379 1800 544 1873 peccatum
558 1815 613 1857 suo
625 1795 763 1874 pondere
779 1796 810 1855 in
825 1796 910 1857 aliud
925 1814 1063 1874 pessum·
1118 1793 1314 1854 [testitudine
1345 1795 1464 1858 scilicet
1494 1797 1694 1874 intentionis,
1722 1815 1784 1877 qua
1805 1797 1895 1858 omnia

270 1882 370 1945 daret.
387 1886 403 1946 J
408 1883 514 1945 uvubit
527 1883 662 1962 denique
685 1884 897 1962 eleemosyna,
913 1884 999 1945 bona
1012 1902 1063 1944 so·
1115 1880 1201 1941 bona
1215 1885 1247 1942 ct
1260 1882 1484 1960 perfectionem
1499 1884 1600 1963 ipsam
1615 1903 1719 1962 suum,
1743 1903 1803 1946 uon
1816 1901 1895 1962 prop·

270 1971 366 2032 cietas
392 1975 423 2032 et
447 1971 574 2032 evitatio
598 1987 715 2049 pravae.
741 1970 815 2031 Tria
843 1976 949 2031 eutem
984 1989 1062 2049 prm-
1116 1972 1165 2029 ter
1187 1986 1220 2028 sa
1243 1973 1368 2030 tautum
1390 1973 1518 2049 optent,
1544 1972 1600 2033 sed
1623 1972 1665 2032 ad
1694 1972 1894 2051 proximorum
1977 1981 1978 2034 j

270 2059 361 2139 cipue
385 2059 530 2120 omnibus
551 2059 617 2118 fere
650 2063 778 2136 possent
800 2057 967 2120 salubriter
990 2076 1063 2137 pro·
1116 2055 1267 2116 auxilium
1299 2061 1332 2118 et
1359 2057 1414 2117 Dei
1444 2057 1597 2119 honorem
1620 2059 1768 2121 referant.
1792 2057 1896 2120 Latitu-

271 2147 357 2229 poni.
1117 2142 1189 2203 dine
1205 2143 1354 2204 desiderii
1368 2145 1574 2224 vehementis,
1587 2147 1739 2224 continui,
1755 2145 1843 2222 unici,
1858 2144 1894 2204 in·

311 2234 658 2311 Primumest,mana
689 2236 832 2294 aetolos
862 2234 1062 2297 offerreDeo
1119 2230 1282 2308 satiabilis,
1298 2231 1433 2294 efficacis
1448 2234 1488 2294 ad
1510 2234 1664 2297 utendum
1686 2231 1894 2296 mediisomni·

270 2339 343 2384 cum
365 2323 519 2385 memoria
540 2326 615 2386 Jesu
639 2322 753 2385 Christi
777 2323 873 2383 oblati
896 2340 953 2401 pro
973 2323 1063 2385 nobis
1116 2317 1187 2394 bus,
1205 2337 1275 2399 quae
1289 2320 1330 2380 ad
1345 2322 1455 2400 gratiae
1474 2323 1705 2385 incrementum
1729 2324 1891 2402 disponunt.
1977 2319 1978 2324 ’

270 2411 301 2472 in
317 2429 420 2487 cruce,
436 2411 572 2490 petendo
593 2410 781 2490 gratiamne
799 2428 835 2470 eo
851 2409 903 2470 die
927 2428 985 2472 nos
998 2412 1062 2472 labi
1117 2407 1333 2470 Profunditate
1360 2409 1562 2488 humilitatis,
1592 2429 1720 2490 semper
1743 2411 1824 2492 quod
1844 2409 1892 2470 sibi

270 2499 362 2576 sinat,
375 2499 548 2578 praesertim
562 2498 594 2559 in
610 2515 648 2559 aa
661 2502 801 2578 peccata,
814 2498 855 2559 ad
870 2515 939 2578 quae
954 2517 1062 2560 sumus
1117 2493 1206 2555 deest
1224 2495 1385 2574 intuendo,
1398 2497 1457 2559 sibi
1472 2499 1599 2560 omnino
1615 2499 1786 2560 diffidendo
1801 2503 1830 2561 et
1841 2513 1893 2558 om·

269 2587 484 2668 procliviores.
1117 2599 1189 2641 nem
1204 2600 1344 2644 amoram
1358 2585 1521 2663 proprium
1536 2587 1739 2666 abnegando.

310 2676 490 2738 Secundum
506 2679 562 2752 est,
579 2675 775 2755 aliquantum
788 2675 940 2754 temporis
956 2674 1062 2753 quiete
1159 2672 1189 2730 3.
1213 2673 1254 2732 Ut
1274 2688 1313 2731 ea
1335 2671 1543 2734 instrumenta
1564 2674 1646 2735 bene
1670 2675 1843 2749 exerceant,
1863 2689 1893 2731 er

270 2781 304 2824 se
319 2762 494 2842 colligendo
511 2763 608 2844 (quod
632 2764 725 2823 noctu
749 2765 822 2823 ante
846 2779 992 2822 somnum
1007 2781 1063 2840 op·
1117 2756 1230 2838 quibus
1250 2775 1367 2838 aquam
1391 2759 1502 2838 gratiae
1526 2760 1705 2823 intellectus
1728 2765 1760 2823 et
1781 2761 1893 2822 allectus

270 2853 405 2930 portune
419 2851 486 2910 fieri
502 2849 604 2928 solet),
618 2851 797 2911 examinare
812 2867 846 2909 se
861 2849 974 2927 ipsum,
985 2867 1063 2928 quo·
1117 2848 1223 2906 noster
1237 2845 1363 2907 haurire
1378 2848 1467 2909 solat.
1484 2849 1573 2910 Talia
1586 2854 1660 2912 suut
1679 2850 1772 2912 lectio
1786 2849 1892 2929 piomm

211 2945 213 2950 ’
269 2936 345 2999 tidie
370 2935 597 2997 considerando
612 2934 766 2997 beneficia
789 2939 918 3013 accepta
941 2953 961 2996 a
984 2938 1060 3012 Dec,
1115 2933 1279 3011 librorum,
1296 2934 1415 2997 auditio
1430 2937 1517 2997 serbi
1532 2939 1603 3014 Dei,
1620 2938 1793 3014 meditatio,
1809 2934 1892 2997 oratic

270 3031 302 3088 et
325 3026 409 3086 mala
431 3043 488 3104 pro
511 3025 602 3086 bonis
624 3024 766 3098 reddita;
787 3025 922 3104 petendo
937 3024 1062 3086 veniam
1118 3021 1265 3100 (maxime
1287 3023 1456 3103 mentalis),
1482 3029 1513 3086 ct
1531 3044 1607 3086 usus
1629 3029 1890 3098 sacramentorum,

270 3118 302 3176 at
316 3112 520 3193 proponendo
536 3112 800 3174 emendationem.
1117 3107 1324 3171 Confessionis
1339 3116 1370 3172 at
1384 3112 1630 3175 Communionis.

309 3202 448 3264 Tertium
463 3201 647 3278 est,.crebro
663 3200 804 3261 confiteri
821 3199 1062 3262 sacramentali·
1156 3200 1185 3258 l.
1204 3199 1317 3259 Fontes
1336 3199 1409 3278 ipsi,
1427 3200 1510 3261 unde
1526 3202 1654 3263 haurire
1669 3201 1801 3281 gratiam
1814 3215 1891 3279 opor-

271 3295 329 3368 ter,
347 3290 431 3371 quod
452 3290 623 3351 multorum
647 3287 821 3349 remedium
845 3288 944 3350 instar
958 3292 1014 3365 est,
1031 3295 1063 3349 et
1117 3288 1173 3361 tet,
1191 3286 1383 3348 ostendendi
1397 3292 1470 3350 sunt
1490 3290 1716 3367 poeuitentibus
1733 3309 1740 3349 :
1757 3307 1793 3350 ac
1805 3288 1890 3368 pn‘mo

270 3379 333 3440 alia
346 3379 495 3457 pleraque
520 3376 748 3456 complectitur.
766 3375 811 3438 Ειι
825 3377 885 3454 his,
903 3395 972 3456 quae
991 3394 1063 3455 pro·
1116 3372 1244 3450 quidem
1268 3374 1434 3437 excitanda
1449 3383 1496 3437 est
1519 3394 1628 3438 eorum
1653 3377 1778 3439 devotio
1792 3376 1891 3437 adlu-

271 3465 344 3545 poni
361 3466 496 3526 debeant
510 3465 685 3544 poenitenti,
702 3463 850 3526 discretio
874 3463 1063 3526 confessarii
1115 3460 1204 3538 gelos
1227 3465 1260 3522 et
1284 3463 1429 3540 Sanctus,
1447 3464 1621 3542 praesertim
1637 3465 1678 3527 ad
1692 3465 1818 3527 Matrem
1831 3481 1891 3542 gra·

271 3554 412 3616 dictabit.
429 3553 579 3625 Quaedam
602 3555 719 3629 autem,
738 3570 807 3630 quae
828 3552 929 3631 magis
950 3569 1062 3630 oppor-
1118 3547 1168 3608 tiae
1188 3549 1331 3610 Mariam.
1348 3551 1468 3612 Deinde
1491 3552 1678 3614 exhortandi
1693 3571 1799 3614 omues
1820 3553 1888 3624 suut,

270 3647 348 3706 tuna
361 3641 517 3717 videntur,
539 3639 640 3718 magis
662 3639 851 3700 inculcanda
872 3643 955 3716 sunt,
972 3644 1007 3701 ιιι
1030 3638 1062 3698 in
1117 3636 1158 3696 ad
1175 3639 1363 3715 quaerendas
1386 3645 1418 3701 et
1440 3640 1655 3719 implorandae
1677 3641 1889 3703 orationesser

271 3729 424 3790 memoria
444 3728 647 3790 retineantur.
664 3727 743 3789 atsi
769 3728 985 3807 promptitudo
1009 3745 1063 3787 vo·
1117 3741 1231 3783 vorum
1246 3725 1314 3802 Dei,
1331 3726 1384 3805 qui
1406 3728 1511 3788 adhuc
1525 3728 1646 3806 vivunt,
1662 3731 1695 3790 et
1708 3733 1743 3790 ut
1754 3729 1888 3790 bonorum

271 3815 398 3879 luntatis
422 3815 462 3877 ad
494 3815 658 3877 consilium
687 3815 875 3894 capiendum
899 3815 930 3875 in
958 3815 1062 3894 aliquo
1117 3828 1248 3888 operum
1262 3812 1402 3891 ipsorum
1417 3816 1585 3896 participes
1600 3817 1667 3877 fieri
1683 3817 1833 3879 studeant.

271 3907 463 3980 cerneretur,
480 3904 536 3964 sed
560 3902 675 3964 oblivio
690 3903 864 3980 timeretur,
882 3904 943 3965 dici
957 3908 1064 3982 posset
1158 3900 1221 3960 Scd
1236 3901 1311 3981 quia
1324 3903 1453 3964 uberior
1473 3907 1520 3965 est
1542 3905 1700 3966 secundus
1714 3904 1782 3966 fons
1794 3901 1888 3965 Christi

272 3997 307 4054 ιιι
329 3992 490 4071 scriberet,
515 3992 565 4052 rel
588 3991 707 4052 rediret
729 3993 870 4070 tempore
885 3992 986 4071 magis
1010 4009 1064 4052 aaa·
1117 3988 1319 4064 mediatoris,
1344 3991 1535 4052 admonendi
1559 3997 1633 4054 sunt
1661 3996 1696 4054 ut
1720 3992 1760 4053 ab
1782 4009 1816 4054 eo
1841 3991 1887 4051 na-

272 4099 342 4156 cuo,
360 4085 395 4141 ιιι
408 4079 440 4140 id
456 4079 610 4142 dictatum
624 4078 791 4158 acciperet.
1119 4075 1322 4153 quentissime
1337 4077 1495 4156 hauriant,
1511 4080 1616 4158 ipsum
1637 4079 1786 4142 intuendo
1799 4082 1831 4139 ιιι
1841 4077 1888 4138 vir·

312 4169 392 4240 Quia
405 4173 511 4228 mmen
531 4167 596 4228 fere
612 4166 738 4244 accidit,
756 4172 790 4229 ut
813 4172 944 4247 peccata
965 4169 1065 4230 multa
1118 4167 1220 4225 tutum
1244 4165 1384 4226 omnium
1408 4169 1632 4247 exempleant
1651 4169 1706 4250 qui
1730 4167 1814 4229 nobis
1830 4183 1888 4245 pro-

212 4313 216 4322 ,
272 4273 368 4316 uuam
383 4255 433 4316 vel
455 4257 540 4316 certe
564 4271 682 4333 paucas
706 4254 843 4318 habeant
858 4255 1000 4330 redices;
1018 4255 1066 4315 di·
1118 4252 1244 4329 meruit,
1261 4253 1363 4332 utqui
1378 4254 1446 4315 vult
1467 4263 1499 4316 et
1521 4261 1625 4334 potest
1638 4274 1755 4336 augere
1774 4254 1887 4334 gratiam

271 4341 406 4421 ligeuter
420 4359 458 4401 ex
481 4341 643 4402 effectibus
667 4341 813 4405 observet
835 4361 888 4404 eas
903 4343 1066 4406 Confessa—
1119 4357 1256 4418 omnem,
1273 4341 1336 4402 imo
1355 4341 1395 4403 ad
1418 4341 1449 4403 id
1464 4342 1586 4421 invitat,
1603 4343 1737 4406 dicendo
1753 4362 1761 4404 :
1776 4338 1889 4421 Persecti

272 4429 348 4506 rius,
365 4434 400 4490 ut
413 4428 547 4489 securim
562 4428 730 4490 admoveat
743 4431 941 4509 propriorum
964 4448 1066 4491 reme-
1118 4435 1215 4496 estote,
1232 4433 1291 4492 ete.

273 4515 459 4591 diorum,de
474 4514 588 4594 quibus
601 4517 668 4576 l'use
682 4521 834 4578 tractatur
848 4518 878 4578 in
894 4518 953 4580 hac
967 4518 1066 4580 'theo-
1159 4517 1341 4580 Ubern'mus
1364 4537 1440 4581 vero
1463 4520 1605 4581 omnium
1627 4526 1675 4582 est
1694 4521 1802 4584 tertius
1820 4518 1885 4592 loos,

272 4603 357 4683 logia
378 4603 489 4664 morali
513 4601 581 4664 Lib.
606 4607 637 4680 6,
654 4623 685 4683 p.
709 4609 738 4678 2,
764 4625 783 4666 a
806 4625 891 4668 uum.
916 4610 1003 4670 laea.
1021 4609 1065 4668 Ex
1119 4605 1203 4665 unde
1217 4605 1257 4666 ad
1281 4607 1358 4668 alios
1378 4627 1462 4689 aqua
1475 4609 1584 4688 gratita
1604 4609 1774 4684 derivatur,
1790 4605 1887 4668 scilicet

274 4691 322 4750 bis
337 4689 450 4768 seligat
463 4693 495 4750 et
508 4695 660 4767 suggerat
673 4693 848 4769 poenitenti,
861 4711 930 4774 quae
945 4694 1066 4774 aptiora
1119 4693 1226 4754 divina
1240 4694 1410 4772 opulentia,
1426 4696 1562 4774 bonitas,
1580 4697 1802 4772 misericordia,
1816 4709 1887 4754 amer

273 4778 476 4854 videbuntur,
493 4795 551 4856 per
566 4795 636 4856 qua
651 4778 710 4840 hoe
731 4781 780 4841 vel
804 4781 880 4843 illud
901 4787 1065 4861 peccatum
1119 4788 1151 4842 et
1171 4799 1241 4863 qua
1256 4799 1344 4862 spem
1367 4785 1505 4848 excitant
1526 4785 1560 4846 in
1574 4788 1687 4846 Deum.
1704 4784 1780 4858 Quia
1800 4785 1885 4842 aneu

273 4865 431 4927 emendet.
450 4864 740 4944 Speeiatimautem
759 4869 935 4930 monendus
958 4875 1014 4946 est,
1032 4874 1066 4932 ut
1119 4871 1558 4952 (utsaepemonereopcrtet),
1576 4891 1756 4935 nonomnes
1769 4867 1885 4930 omnium
1970 4879 1972 4906 ι

272 4953 374 5032 primo
388 4955 508 5031 pugnet
522 4954 632 5012 contra
646 4952 733 5030 illud,
751 4955 834 5034 quod
858 4961 906 5018 est
928 4957 1063 5018 maxime
1118 4976 1251 5036 capaces
1274 4963 1357 5036 sunt,
1382 4960 1522 5039 prudens
1554 4959 1768 5023 confessarius
1787 4954 1883 5026 rideat,

272 5039 515 5115 scandalosum,
539 5036 771 5118 periculosum,
794 5047 849 5103 aut
876 5044 964 5105 radix
987 5044 1065 5104 alio-
1118 5050 1153 5108 ut
1179 5046 1416 5125 proportionata
1452 5047 1606 5129 cujusque
1634 5042 1819 5128 dispositioni
1845 5037 1883 5100 vel

272 5143 353 5188 rum·
1117 5135 1221 5212 captui
1236 5140 1392 5213 proponat
1405 5135 1446 5196 ed
1460 5135 1571 5215 gratim
1586 5139 1798 5216 augmentum.

313 5215 424 5290 Quoest.
449 5215 480 5274 6.
505 5245 546 5260 -
570 5213 718 5288 Quomodo
740 5215 861 5296 jocetur
877 5219 1062 5300 penitense
1156 5221 1336 5302 ecquidem
1351 5223 1445 5284 modo
1469 5223 1621 5302 praedicto
1645 5223 1678 5284 in
1701 5221 1804 5302 quovis
1815 5219 1880 5281 sau

273 5297 463 5380 confessario
477 5301 518 5362 cd
529 5303 639 5383 pretim
652 5313 840 5385 augmentum
855 5313 871 5367 t
1115 5308 1223 5371 fideles
1242 5309 1348 5390 juvari
1368 5315 1510 5390 possunt.
1526 5313 1598 5375 lam
1613 5312 1686 5375 licet
1699 5311 1820 5373 dubium
1831 5321 1878 5366 nou

313 5391 507 5468 Respondes.
524 5391 646 5454 Tertius
662 5394 855 5456 Sacramauti
869 5397 1060 5474 peanitentiae
1115 5398 1165 5476 sit,
1182 5398 1258 5479 quin
1281 5402 1381 5461 status
1395 5399 1597 5462 consiliorum
1610 5401 1650 5462 sit
1664 5401 1764 5480 aptior
1775 5396 1811 5458 ad
1821 5409 1879 5475 grt-

273 5477 391 5542 fcuotus
405 5495 442 5539 ac
457 5477 527 5540 sinis
547 5484 594 5542 est
616 5486 819 5562 augmentum
834 5483 942 5564 gretia
957 5490 988 5547 ct
1002 5485 1061 5548 vir·
1114 5484 1166 5548 oa
1189 5490 1393 5566 augmentum
1426 5505 1523 5572 quam
1554 5495 1779 5568 praeceptorum
1804 5483 1830 5545 iu
1848 5477 1877 5539 iis
