3968 6346
345 583 371 648 8
568 544 574 556 ’
691 585 812 647 rapax
830 571 1006 649 casana.
1331 584 1355 650 8
1638 595 1675 656 re

355 772 495 823 Beatam

69 861 161 911 Bellum
175 859 347 910 defensivurn
363 863 411 922 eet,
427 873 480 923 quo
495 860 536 908 vis
558 860 656 924 injusta
674 859 821 924 repellitur,

44 933 90 992 18,
103 945 125 996 p.
142 935 163 993 1,
177 944 192 980 8
207 945 234 982 n.
250 931 305 980 887.
323 931 437 981 Licitum
448 935 488 981 est
499 931 582 980 etiam
592 931 754 981 auctoritate
766 931 822 994 pri-

44 1007 103 1064 vata,
119 1003 180 1053 ibid.
205 1001 373 1052 Odensivum
399 1006 447 1063 est,
468 1015 522 1066 qao
542 1003 583 1050 vis
599 1002 723 1062 infertur,
739 1002 822 1065 qaod,

44 1077 68 1123 at
81 1073 161 1132 liceat,
179 1073 261 1122 varia
279 1073 451 1122 conditiones
471 1073 655 1136 requiruntur,
672 1072 736 1122 ibid.
755 1073 823 1122 Coa·

44 1147 76 1192 tra
90 1147 220 1208 gerentem
234 1141 338 1191 bellum
350 1143 454 1205 tastum
468 1155 523 1190 non
539 1143 602 1192 11881
626 1155 653 1191 se
668 1141 821 1203 defendere,

45 1213 72 1262 b.
89 1211 147 1261 Belli
162 1212 269 1276 lustitia
284 1223 383 1275 magna
394 1212 534 1274 diligentia
546 1213 677 1276 Principis
688 1216 728 1262 est
743 1213 822 1262 inda-

42 1283 124 1346 ganda,
141 1282 175 1330 ib.
194 1282 223 1330 ln
241 1282 314 1332 bello
326 1284 410 1347 justa,
436 1297 484 1346 per
502 1297 529 1332 sc
548 1283 693 1346 loquendo,
716 1283 779 1333 licet
794 1283 822 1332 in

43 1352 159 1402 auxilium
173 1365 270 1403 vocare
291 1353 423 1415 infideles,
440 1355 481 1410 ib.
501 1354 586 1404 Etiam
606 1354 668 1402 lieet
685 1367 730 1403 eos
744 1353 822 1416 adiu·

44 1437 94 1472 mre
107 1425 133 1473 in
149 1423 219 1473 bello
233 1425 318 1488 justo,
342 1424 379 1474 ib.
399 1426 428 1474 ln
444 1425 487 1476 die
505 1424 571 1475 festo
586 1425 696 1476 licitum
714 1428 753 1474 est
770 1439 823 1488 pa-

42 1505 119 1554 gaare,
134 1506 159 1541 n.
173 1494 227 1542 858.
246 1493 351 1543 Bellum
360 1495 449 1558 potest
460 1507 516 1542 esse
528 1494 655 1556 utrinque
671 1492 820 1542 formaliter

41 1565 129 1625 justum
146 1583 152 1612 :
170 1575 224 1614 non
247 1568 340 1614 iernen
360 1566 464 1629 justum
482 1565 609 1628 utrinque
634 1563 821 1624 materialiter,

43 1649 64 1682 a.
76 1635 122 1682 869.
137 1633 218 1684 Licita
232 1635 268 1684 ab
285 1634 332 1684 illo
347 1635 431 1684 indici
447 1636 545 1698 potest,
562 1634 608 1696 qari
624 1647 713 1695 suam,
729 1637 755 1683 et
769 1633 817 1684 ad·

44 1715 112 1753 rerem
124 1704 204 1768 pertis
216 1707 262 1768 jus
276 1719 293 1754 a
310 1705 376 1755 viris
393 1704 480 1754 doctis
500 1703 563 1754 fecit
577 1703 742 1754 sufficienter
756 1719 821 1754 exe·

44 1773 174 1834 818818.
189 1775 243 1824 859.
268 1775 385 1839 Pugnnri
401 1777 488 1838 potest
503 1787 550 1838 pro
569 1779 682 1837 utreque
698 1779 783 1838 parte,
799 1775 821 1825 si

44 1845 144 1894 mitanas
158 1859 205 1908 pro
217 1845 327 1908 iustitia
347 1845 412 1896 belli
432 1846 486 1894 sint
504 1845 641 1908 utrimque
656 1846 821 1909 probabiles,

44 1929 65 1963 8.
84 1917 131 1964 871.
152 1915 216 1965 Belli
237 1915 345 1979 lustitia
367 1915 449 1965 etiem
473 1915 611 1979 supposita
635 1915 771 1966 ordinarie
794 1916 821 1964 ia

43 1984 106 2047 praxi
119 1987 156 2034 est
169 1983 295 2034 illicitum
312 1983 398 2035 foedus
410 1985 579 2048 Principibus
589 1985 750 2034 Christianis
760 2000 822 2036 cunr

43 2053 126 2114 furcis,
141 2057 166 2103 et
180 2054 480 2115 1188811818888872.
496 2055 570 2104 Bello
579 2054 687 2118 aggredi
700 2055 822 2108 infideles

43 2137 82 2184 per
93 2136 118 2172 se
130 2123 277 2187 loquendo,
292 2124 453 2174 Christianis
469 2128 510 2174 est
524 2124 660 2185 illicitam,
676 2139 750 2175 auin.
767 2127 821 2175 878.

44 2193 103 2242 Bella
116 2193 274 2244 Christianis
284 2194 422 2258 prohiberi
434 2197 547 2258 possunt
559 2207 574 2243 a
585 2195 665 2258 Papa,
677 2209 751 2244 num.
767 2197 820 2246 871.

44 2263 66 2312 18
78 2261 140 2312 bella
151 2265 222 2327 18818
239 2263 323 2314 118881
346 2265 438 2314 omnia
452 2277 512 2327 qnae
530 2263 564 2312 ad
584 2264 665 2312 linem
685 2265 743 2327 ejus
758 2270 822 2315 sunt

44 2335 182 2394 8888888818,
197 2349 213 2384 8
229 2349 257 2384 ιι.
273 2335 326 2384 888.
342 2335 373 2383 18
387 2334 458 2384 belle
473 2334 596 2384 hostibus
611 2336 711 2398 erepte,
728 2336 749 2384 si
767 2335 822 2384 sint

44 2404 101 2452 Bona
110 2404 268 2466 immobilia,
285 2404 387 2454 cedunt
402 2405 531 2468 Principi,
546 2407 594 2453 aut
608 2403 674 2466 lleip
699 2404 721 2453 si
737 2405 822 2454 mobi-

43 2474 80 2535 lia,
92 2473 306 2538 fluntcapientis,
324 2473 377 2523 nisi
394 2475 561 2524 consuetudo
576 2474 611 2524 sit
625 2475 767 2534 contraria,
784 2473 819 2524 ib.

45 2543 103 2592 Bello
116 2543 210 2607 injusto
224 2557 241 2594 a
257 2543 364 2604 Piretis,
381 2547 457 2607 cepta
473 2543 578 2593 licitum
597 2546 637 2592 est
651 2544 821 2594 acatholicis

44 2625 126 2674 encre,
143 2620 191 2662 etc.
208 2613 226 2663 l.
243 2615 268 2674 3,
286 2628 312 2678 p.
331 2615 356 2675 2,
377 2627 404 2663 8.
419 2615 472 2664 972.
492 2615 519 2664 81
535 2613 651 2664 inbelle
674 2613 822 2665 aedificetur

44 2684 141 2733 munitio
150 2683 182 2734 ed
193 2684 289 2734 urbem
301 2683 487 2745 muniendam,
497 2684 627 2734 damnum
639 2685 704 2735 fund
709 2686 715 2734 1
727 2699 821 2734 ornnes

43 2754 163 2816 aqualiter
177 2753 246 2804 ferre
262 2752 372 2814 debent,
393 2752 410 2803 1.
426 2757 450 2816 8,
462 2769 487 2818 p.
504 2759 527 2815 1,
542 2768 568 2805 8.
585 2757 640 2806 882.
666 2755 732 2805 118111
752 2761 820 2806 tem-

45 2837 94 2886 pore
106 2824 175 2874 licita
194 2829 235 2874 est
252 2823 392 2888 pabulatio
408 2825 520 2874 interra
541 2825 645 2887 hostili,
659 2839 714 2876 non
729 2829 819 2876 188188

44 2893 159 2942 ordinarie
174 2893 286 2944 interra
300 2894 397 2955 amica,
413 2907 440 2944 ιι.
455 2895 509 2943 888.
522 2894 588 2943 118111
604 2899 724 2960 tempore
740 2896 818 2944 sicuti

43 2964 135 3026 8111188,
151 2963 184 3014 118
194 2967 220 3014 81
228 2963 395 3014 illesionarii
407 2965 656 3028 possuntaceipere,
667 2969 693 3015 et
703 2967 819 3016 retinere

44 3033 112 3095 spolie
130 3035 258 3094 bostium,
284 3047 310 3082 n.
335 3035 389 3083 881.
413 3034 440 3085 81
458 3034 522 3083 urbs
537 3035 617 3084 detur
631 3035 777 3099 direptioni
792 3039 820 3086 et

44 3101 108 3163 ferro,
121 3117 165 3167 per
179 3117 206 3153 se
227 3103 375 3168 loquendo,
392 3107 419 3153 et
433 3103 543 3164 directe,
561 3103 718 3154 innocentes
732 3105 818 3154 occidi

45 3183 87 3220 aaa
102 3177 217 3236 poseant,
233 3187 262 3223 8.
276 3173 330 3223 885.
349 3172 472 3236 Expulsis
486 3187 519 3220 ex
535 3173 600 3222 urbe
616 3173 722 3224 obsessa
736 3175 819 3224 armis

44 3241 149 3302 gerendis
170 3243 270 3307 ineptis
285 3243 421 3293 ordinarie
437 3243 565 3292 transitus
584 3248 735 3306 porcestre
757 3257 819 3309 per-

45 3312 101 3364 mitti
111 3313 194 3374 debet,
210 3315 277 3364 ibid.

336 3420 506 3470 aaattbbx.

70 3507 203 3559 Bsilidaces
218 3521 274 3559 non
294 3511 408 3572 possunt
422 3509 557 3573 surripere
571 3509 675 3573 aliquid
695 3511 728 3561 ed
745 3525 818 3560 eom·

45 3571 191 3636 paneadam
211 3577 343 3638 laborem,
363 3579 407 3628 cni
430 3583 529 3641 patant
542 3593 597 3629 non
612 3581 818 3644 correspondere

45 3648 155 3708 equalem
177 3649 338 3708 mercedem,
362 3649 379 3698 l.
405 3651 429 3710 a,
453 3665 479 3714 p.
497 3653 519 3711 1,
535 3665 561 3700 8.
578 3651 632 3700 878.
661 3652 818 3702 1318888118

45 3719 206 3780 competente
223 3716 277 3768 iilis
293 3719 383 3780 liceat,
398 3718 498 3769 debent
512 3733 569 3770 esse
583 3720 650 3770 certi
660 3721 694 3771 de
710 3722 818 3785 injuria,

46 3800 67 3834 n.
82 3789 127 3837 871.
149 3789 307 3850 Bellidaees,
330 3787 479 3853 Cepitenei,
504 3789 698 3851 commissarii,
713 3791 818 3841 0111818-

47 3857 136 3918 tes,etc.
149 3860 253 3924 aliquid
263 3860 423 3924 accipiendo
437 3861 535 3924 sepias
550 3863 670 3923 peccunt,
685 3865 712 3910 et
726 3865 819 3911 tenen-

47 3929 116 3979 turad
128 3931 335 3993 restitutionem,
345 3943 372 3980 n.
383 3931 438 3991 867,
453 3945 469 3980 8
484 3945 511 3980 8.
526 3933 584 3992 875,
594 3945 620 3980 8.
636 3933 689 3981 888.
706 3932 736 3982 V.
753 3929 819 3995 Offi-

46 3998 102 4046 88118
114 3999 215 4051 defines.

318 4115 518 4165 barbatorta.

72 4203 207 4256 Benedicta
228 4215 271 4254 res
291 4207 446 4254 reverenter
467 4208 495 4254 et
508 4205 635 4254 decenter
648 4205 756 4254 tractari
771 4206 820 4256 de-

47 4272 107 4332 bent,
120 4273 167 4335 18,
182 4289 206 4337 p.
225 4279 249 4335 1,
264 4288 281 4324 8
298 4288 324 4323 8.
341 4275 394 4322 222.
420 4274 576 4324 Benedictio
594 4274 820 4326 8118881888811-

47 4343 126 4403 tutiva,
137 4345 394 4404 eivecoaeecretiva3
404 4345 458 4394 elie
466 4345 620 4395 invocativa
630 4363 636 4404 ς
648 4345 701 4394 alia
713 4349 820 4396 tantum

46 4411 212 4476 significative,
226 4428 254 4464 a.
271 4417 325 4475 227,
341 4418 367 4464 81
381 4416 398 4465 1.
422 4417 446 4475 5,
462 4431 487 4479 p.
502 4419 527 4477 2,
542 4429 569 4464 8.
585 4418 639 4465 185.
656 4416 819 4466 Benedicere

46 4495 176 4547 campanas,
187 4487 226 4536 uti
236 4489 263 4536 et
276 4486 329 4536 alie
344 4498 407 4535 vasa
415 4488 614 4549 secrapossnnt
623 4487 740 4536 Abbates
755 4501 821 4550 pon-

47 4552 137 4604 8188118
150 4559 313 4616 exercentes,
329 4556 345 4604 1.
360 4559 384 4616 8,
400 4571 425 4620 p.
443 4559 467 4617 2,
478 4571 505 4605 n.
520 4557 680 4606 1887818188
694 4557 820 4607 Sacerdo-

47 4622 108 4673 tales.
121 4626 149 4676 v.
160 4627 317 4676 paramenta.
330 4626 535 4676 Benedictiones
550 4626 579 4676 in
588 4627 678 4686 lttisea,
689 4627 746 4676 sive
757 4628 821 4676 Cra-

48 4704 82 4740 ces
89 4693 224 4746 fernande
238 4700 303 4750 sant
313 4709 394 4746 manu
404 4696 547 4760 explicate,
556 4695 684 4759 etdigitis
693 4698 820 4760 conjunc·

48 4761 192 4822 11888185.
208 4766 363 4817 Benedictio
380 4766 821 4828 cinerum,candelan1m,Pelma·

48 4843 103 4882 rum.
116 4835 144 4884 v.
154 4836 296 4885 Patmernm
304 4837 452 4886 Benedictio.
468 4836 505 4884 Ad
519 4841 641 4886 octavam
651 4835 820 4886 benedictio·

48 4911 98 4950 nem
114 4899 144 4954 e'd
161 4905 304 4957 lectionem
327 4907 355 4956 iu
379 4905 456 4955 floris
471 4919 519 4969 pro
542 4907 672 4955 varietate
693 4905 821 4956 festorum

49 4969 108 5019 varia
119 4973 168 5022 dici
182 4975 290 5040 debent,
306 4987 379 5024 naim.
394 4975 465 5034 2855,
483 4975 513 5023 11.
530 4977 585 5036 252,
595 4975 649 5024 258.
663 4975 819 5024 Benedictio

49 5037 191 5093 detrimenti
201 5049 242 5094 est
252 5043 396 5094 laudabilis
410 5045 581 5105 caeremonia,
598 5045 614 5095 l.
630 5047 655 5104 B,
675 5057 697 5107 p.
707 5047 730 5106 8,
742 5059 769 5094 8.
782 5047 818 5094 ta.

50 5107 183 5163 18111888
195 5127 211 5164 8
226 5115 354 5174 Perocha,
369 5113 412 5164 vel
422 5115 456 5164 ab
467 5129 499 5164 eo
514 5115 673 5177 designator
689 5115 711 5164 si
726 5115 772 5164 flet
785 5115 820 5164 ab

49 5177 148 5238 alatne
161 5184 216 5246 ipse
230 5183 301 5234 facte
315 5184 489 5247 suspenditur
503 5184 537 5232 ab
552 5183 654 5244 Officio,
671 5188 697 5234 et
716 5185 819 5234 Benefi-

50 5245 92 5308 cia,
104 5263 127 5299 8.
139 5253 190 5312 158,
203 5255 257 5304 581.
275 5253 303 5303 81
322 5255 473 5314 omittatur,
490 5253 627 5304 ordinaria
646 5257 687 5304 est
704 5255 819 5315 veniale,

50 5323 173 5382 8888158,
192 5327 245 5376 585.
260 5323 372 5376 Differre
395 5328 457 5388 post
474 5325 739 5374 consummationem
762 5325 820 5376 8188

44 5397 124 5462 vaae,
137 5393 211 5444 etiam
233 5393 400 5457 prohabilius
423 5397 463 5444 est
484 5393 600 5454 veniale,
615 5408 643 5444 8.
658 5397 713 5444 585.
735 5394 822 5444 Debet

42 5459 203 5518 ’1101811818
216 5465 275 5520 fieri
286 5465 314 5516 18
328 5464 455 5529 Ecclesia,
470 5479 546 5516 baar.
561 5467 615 5516 586.
625 5467 722 5517 ⁴Potest
731 5465 791 5516 lieri
804 5477 822 5518 8

878 773 1002 823 Peroebo
1017 764 1117 836 Sponsi
1133 775 1176 824 rel
1192 776 1312 840 Sponsae,
1335 790 1409 828 8881.
1428 779 1483 828 587.
1500 777 1678 830 Probabiliter

877 843 970 892 iterari
991 847 1079 906 potest
1094 844 1124 893 in
1142 846 1268 895 secundis
1285 847 1399 910 nuptiis,
1415 849 1437 896 si
1452 847 1583 899 alteruter
1596 854 1677 902 antea

877 925 932 961 non
948 913 985 963 sit
999 914 1170 975 benedictas,
1182 929 1258 964 num.
1269 917 1322 966 588.
1333 917 1420 966 Etiam
1430 917 1554 968 benedici
1566 923 1678 982 possunt

878 983 989 1045 nuptiae,
1006 984 1028 1031 si
1039 983 1094 1033 duo
1103 984 1225 1034 infideles
1237 991 1441 1050 convertantur,
1461 986 1678 1048 vel,sialteruter

877 1053 911 1101 sit
925 1054 1088 1115 catholicus,
1104 1069 1180 1106 num.
1196 1059 1252 1106 588.

1148 1181 1412 1234 bavariensem.

909 1263 938 1314 lu
953 1265 1142 1316 Beueticieudo
1165 1269 1242 1332 plura
1264 1270 1450 1334 requiruntur,
1469 1275 1501 1321 81
1514 1270 1677 1322 Beneficium

876 1335 974 1396 valide,
991 1339 1017 1385 et
1031 1337 1105 1388 licite
1116 1339 1249 1399 obtineat,
1261 1339 1531 1403 scilicetcleriaalus,
1541 1341 1678 1404 habilitas,

877 1408 908 1454 ut
918 1406 989 1455 intru
1000 1417 1102 1456 ennurn
1112 1409 1242 1472 suscipiet
1253 1409 1380 1459 Ordinem
1389 1409 1522 1462 Beneficio
1530 1425 1676 1472 annexum,

877 1477 956 1526 81811
974 1477 1112 1539 legitimus
1129 1498 1135 1528 ι
1153 1480 1183 1528 in
1197 1477 1312 1530 Ecclesia
1328 1481 1422 1542 latine,
1438 1484 1538 1532 utnon
1558 1483 1592 1532 811
1607 1495 1675 1532 eon·

874 1548 995 1610 jugatas,
1011 1552 1044 1598 ut
1056 1561 1112 1599 non
1139 1551 1175 1599 sit
1190 1551 1439 1601 excommunicatus
1460 1554 1679 1603 excommunica-

877 1617 951 1666 tione
966 1619 1077 1682 mej0re,
1096 1623 1127 1668 ui
1145 1621 1251 1670 888811
1267 1619 1385 1680 inmanis,
1406 1622 1531 1686 aptitudo
1546 1623 1675 1686 corporis,

877 1689 1010 1751 etenimi,
1025 1691 1148 1751 scientie,
1165 1695 1191 1740 et
1209 1691 1359 1755 aliquando
1370 1693 1473 1742 Gradus
1489 1694 1620 1756 Baeturia,
1634 1695 1677 1744 vel

878 1759 1036 1818 Licentieri;
1051 1765 1122 1810 certa
1138 1767 1212 1822 retas,
1229 1765 1277 1812 etc.
1295 1763 1312 1812 l.
1329 1765 1352 1823 1,
1370 1775 1396 1813 8.
1412 1765 1467 1824 781,
1482 1779 1497 1814 8
1512 1778 1539 1814 8.
1554 1765 1609 1825 711,
1622 1765 1677 1825 rea,

876 1831 932 1890 787,
945 1832 1000 1890 771,
1015 1833 1069 1880 785.
1095 1832 1260 1890 Qualitutem
1278 1833 1405 1884 Beneficii
1419 1847 1529 1886 narrare
1545 1835 1634 1896 debet,
1650 1837 1677 1885 et

877 1913 937 1962 quae
954 1900 1115 1964 impediant,
1133 1902 1161 1951 in
1177 1902 1300 1966 supplica
1316 1905 1475 1968 exprimere,
1486 1910 1535 1956 etc.
1550 1919 1565 1955 8
1580 1919 1606 1956 8.
1621 1907 1677 1962 688,

876 1970 930 2019 851.
947 1970 1031 2020 Debet
1046 1971 1148 2021 habere
1164 1972 1343 2040 intentionem
1369 1975 1500 2038 implendi
1523 1977 1676 2042 praescripta

878 2041 904 2088 ct
918 2041 1080 2103 necessaria,
1095 2055 1111 2092 a
1126 2055 1152 2092 n.
1168 2044 1222 2092 858.

1155 2157 1396 2211 aeneatoribus.

909 2238 1088 2289 Beneficiatus
1108 2241 1248 2291 ordinario
1263 2243 1345 2294 debet
1360 2245 1513 2296 functiones
1527 2261 1576 2297 suo
1591 2249 1675 2298 Bene·

876 2308 938 2358 ilcio
952 2323 1073 2360 annexas
1097 2315 1225 2374 praestare
1245 2327 1293 2377 per
1311 2316 1430 2380 seipsum
1446 2318 1495 2367 surb
1511 2318 1676 2381 obligatione

875 2380 961 2440 gravi,
978 2379 995 2428 l.
1018 2382 1041 2440 1,
1061 2395 1088 2430 8.
1108 2383 1163 2432 818.
1181 2385 1360 2435 Beneficiatus
1375 2387 1404 2436 in
1419 2387 1635 2449 Cathedralibus,
1649 2394 1677 2439 et

877 2448 1042 2512 Collegiatis,
1057 2451 1080 2500 si
1100 2451 1172 2501 ultra
1192 2455 1246 2504 ires
1265 2467 1370 2504 menses
1386 2455 1456 2504 intra
1473 2469 1576 2506 annum
1594 2457 1675 2516 absit,

876 2522 967 2582 peccat
975 2522 1102 2582 graviter,
1114 2525 1140 2571 et
1150 2524 1238 2585 perimo
1248 2537 1320 2574 enno
1335 2526 1424 2576 medie
1436 2530 1510 2590 parte
1525 2527 1672 2588 flnctuum,

876 2589 995 2638 secando
1005 2603 1069 2639 vero
1084 2591 1212 2642 omnibus
1226 2593 1359 2644 fructibus
1368 2597 1469 2658 privari
1476 2597 1566 2656 debet,
1577 2611 1603 2646 n.
1615 2599 1670 2656 862,

875 2671 933 2708 88.
952 2661 1006 2710 878.
1025 2661 1053 2710 81
1067 2661 1149 2721 absit,
1171 2663 1308 2714 ordinarie
1328 2677 1383 2714 non
1402 2666 1525 2717 lucretur
1544 2667 1675 2718 distrihu-

876 2729 973 2790 tiones,
987 2733 1014 2778 et
1028 2729 1050 2778 si
1072 2743 1117 2780 eas
1132 2731 1281 2796 participet,
1304 2737 1405 2797 peccet,
1421 2749 1454 2785 ac
1473 2739 1581 2787 tenetur
1596 2738 1675 2788 resti·

876 2804 960 2860 tuere,
976 2800 1028 2848 nisi
1042 2800 1114 2851 absit
1129 2801 1157 2849 in
1174 2802 1321 2854 utilitatem
1340 2805 1476 2866 Ecclesiae,
1497 2811 1547 2857 etc.
1566 2806 1630 2856 ibid.
1646 2808 1673 2858 Si

875 2883 993 2934 praesens
1007 2871 1034 2919 in
1050 2871 1137 2920 Chore
1159 2885 1215 2922 ιιοιι
1234 2877 1323 2935 88881,
1338 2876 1501 2939 quandoque
1521 2882 1623 2941 peccet,
1648 2883 1674 2927 et

875 2955 930 2990 888
945 2941 1065 2992 lucratur
1079 2942 1294 3004 distributiones,
1309 2959 1324 2994 a
1340 2959 1414 2995 aum.
1425 2949 1479 2997 878.
1496 2949 1674 2999 8188888818

874 3008 946 3072 legat
960 3012 1082 3072 Sacram,
1106 3012 1242 3062 ordinario
1259 3019 1386 3064 censetur
1403 3015 1510 3077 absens,
1529 3029 1604 3067 num.
1631 3021 1676 3069 888

875 3081 902 3131 81
918 3080 1018 3130 habeat
1027 3081 1138 3144 plenum
1149 3082 1300 3132 dominium
1313 3083 1449 3146 Beneticii,
1465 3090 1492 3136 et
1503 3087 1674 3152 fructueper-

875 3152 968 3215 cipiet,
977 3155 1025 3201 aut
1036 3155 1212 3216 percepturus
1221 3153 1266 3214 sit,
1278 3158 1386 3206 tenetur
1394 3157 1428 3206 ed
1437 3158 1553 3218 liores,a
1564 3173 1590 3208 n.
1602 3161 1670 3209 1188.

874 3221 933 3270 Non
946 3221 1077 3271 satisfecit
1091 3223 1193 3272 oranda
1207 3237 1256 3286 per
1277 3225 1371 3288 alium,
1388 3240 1414 3275 n.
1433 3229 1500 3277 1192.
1523 3229 1552 3279 Si
1577 3229 1675 3293 elapsis

875 3303 922 3338 sea
936 3290 1076 3340 mensibus
1085 3294 1147 3354 post
1159 3289 1285 3354 adeptam
1295 3295 1491 3357 possessionem
1505 3296 1590 3346 liores
1604 3298 1674 3347 oasi-

875 3358 949 3418 serit,
964 3361 1073 3410 teuetnr
1086 3359 1121 3408 ed
1146 3361 1348 3412 restitutionem
1362 3363 1541 3426 1888188888
1557 3379 1584 3416 8.
1602 3368 1672 3417 1281.

874 3428 1044 3478 probabilius
1062 3433 1104 3479 est
1120 3431 1244 3480 absolute
1267 3432 1400 3483 Dominae
1421 3447 1532 3484 snorum
1556 3447 1674 3499 proven-

874 3502 992 3559 tuum,a
1016 3513 1041 3548 n.
1058 3501 1127 3548 1855.
1147 3500 1187 3550 ad
1202 3502 1297 3552 blissas
1311 3503 1448 3567 obligatus
1467 3508 1555 3569 petest
1578 3519 1627 3570 pro
1642 3505 1675 3554 iis

874 3570 996 3632 accipere
1006 3571 1182 3633 stipendium,
1193 3573 1210 3621 l.
1230 3575 1254 3633 6,
1267 3588 1294 3636 p.
1308 3576 1333 3634 2,
1344 3587 1371 3624 8.
1385 3579 1406 3625 1.
1423 3572 1514 3628 Potest
1528 3589 1574 3626 aas
1588 3577 1674 3640 legere

874 3653 923 3704 per
930 3641 1025 3701 aliam,
1036 3641 1100 3691 dato
1115 3642 1205 3691 solum
1219 3642 1359 3693 ordinario
1375 3647 1523 3709 stipendio,
1532 3661 1609 3698 num.
1620 3651 1672 3698 181.

874 3711 1014 3760 Ordinerie
1029 3724 1085 3760 nan
1107 3715 1197 3774 potest
1216 3712 1380 3763 Beneficium
1404 3717 1596 3767 administrare
1611 3723 1674 3768 ante

874 3781 1081 3844 possessionem,
1100 3779 1117 3830 1.
1141 3782 1165 3842 1,
1180 3795 1207 3830 n.
1229 3783 1282 3832 158.
1303 3785 1420 3835 Tenetur
1436 3786 1471 3836 ad
1486 3788 1673 3846 residentiam,

873 3867 890 3902 8
904 3861 979 3901 nana.
988 3852 1042 3900 862.
1057 3853 1175 3901 Tenetur
1188 3852 1325 3903 ordinarie
1337 3855 1388 3904 sub
1398 3857 1503 3906 mortali
1516 3858 1675 3920 pensionem

875 3923 990 3982 solvere,
1013 3922 1034 3970 81
1056 3921 1156 3972 habeat
1179 3923 1344 3974 Beneficium
1370 3926 1500 3988 pensione
1523 3932 1674 3988 gravatam,

874 4005 979 4042 enam.
996 3993 1064 4042 1158.
1081 3993 1219 4050 Quantum
1234 3994 1274 4043 illi
1288 3993 1323 4042 ad
1333 3996 1560 4046 sustentationem
1575 3998 1673 4048 decen-

876 4068 930 4114 tem
946 4062 982 4111 sit
1001 4063 1195 4123 neeessariam,
1215 4075 1248 4112 ex
1266 4075 1388 4126 personae
1409 4066 1552 4128 qualitate,
1576 4072 1602 4119 et
1622 4067 1673 4118 loci

874 4131 1031 4182 civennam
1046 4131 1134 4180 decidi
1145 4131 1236 4192 debet,
1251 4146 1327 4183 anm.
1342 4135 1396 4184 981.
1408 4135 1436 4186 81
1447 4135 1610 4187 Beneficium
1625 4139 1673 4188 tle·

875 4202 1054 4252 clesiaeticum
1073 4200 1146 4250 licite
1166 4202 1308 4252 obtentum
1329 4217 1377 4266 per
1396 4205 1545 4256 triennium
1560 4209 1670 4270 pacifice

874 4272 1024 4336 possederit
1037 4285 1099 4320 enm
1110 4271 1200 4331 titulo,
1218 4273 1461 4338 praescribitjasin
1472 4277 1528 4338 1118,
1543 4277 1560 4328 l.
1576 4281 1599 4329 8.
1611 4293 1636 4344 p.
1648 4283 1672 4335 2,

874 4357 901 4392 8.
916 4344 970 4391 511.
995 4342 1027 4392 Ut
1041 4340 1149 4390 dicatur
1163 4342 1299 4405 subjectas
1313 4342 1347 4392 ad
1362 4344 1490 4395 ellectum
1506 4348 1674 4412 suscipiendi

875 4416 969 4465 Sacros
981 4412 1094 4463 Ordines
1108 4412 1213 4462 ratione
1230 4413 1367 4474 Beneficii,
1383 4415 1466 4466 debet
1475 4416 1545 4468 illud
1557 4419 1591 4468 ad
1608 4429 1672 4468 con·

874 4495 968 4546 gruem
982 4483 1046 4532 vitea
1065 4483 1292 4532 sustentationem
1314 4498 1362 4547 per
1375 4500 1403 4536 sa
1418 4487 1551 4548 sufficere,
1567 4493 1594 4538 et
1606 4492 1668 4539 acta

875 4553 985 4618 pacifice
1001 4551 1142 4616 possideri,
1163 4553 1180 4602 1.
1197 4555 1222 4613 ti,
1238 4567 1263 4616 p.
1279 4556 1303 4614 2,
1326 4569 1352 4604 8.
1377 4558 1446 4607 2168.
1465 4558 1492 4608 81
1508 4558 1672 4608 Beneficium

875 4624 964 4686 quoad
981 4626 1043 4686 jura
1067 4623 1234 4686 Episcopalia
1260 4625 1412 4687 subjectum
1439 4627 1503 4676 buia
1533 4629 1673 4692 Episcopo,

875 4694 999 4756 quemvis
1009 4693 1097 4756 quoad
1109 4694 1347 4756 presentationem
1360 4698 1387 4744 et
1399 4697 1598 4748 instibrtionem
1608 4699 1673 4747 sub·

873 4765 986 4828 jicietur
1009 4763 1085 4813 elteri
1110 4763 1250 4825 Episcopo,
1277 4764 1458 4816 Beneficiatus
1487 4767 1532 4816 hia
1554 4768 1673 4818 ordinari

875 4837 972 4898 881881,
987 4847 1014 4882 8.
1033 4834 1141 4883 217851
1156 4833 1256 4882 lrabeat
1271 4835 1348 4897 plura
1370 4836 1501 4887 Beneficia
1517 4839 1544 4886 in
1559 4839 1674 4887 diversis

875 4904 1051 4964 Bimcesibns,
1069 4903 1096 4952 18
1118 4903 1246 4952 omnibns
1269 4903 1323 4954 illie
1343 4906 1455 4956 Ordines
1474 4907 1609 4970 suscipere
1624 4923 1672 4972 pa·

874 4979 935 5035 test,
948 4975 1012 5024 ibid.
1029 4974 1056 5024 si
1073 4973 1101 5022 in
1118 4975 1397 5026 excommunicatione
1412 4978 1482 5027 bona
1498 4976 1550 5027 fide
1567 4979 1670 5030 Benefi-

875 5047 947 5095 cium
962 5045 1147 5108 acquisiverit,
1158 5046 1237 5108 eique
1249 5045 1387 5107 inserviat,
1399 5048 1574 5111 probabiliter
1583 5054 1672 5115 potest

875 5116 1258 5176 1888188811888888,8228.
1270 5119 1298 5168 81
1307 5118 1673 5181 illudncceperitcumduhio

875 5185 1089 5248 irregularitatis,
1099 5187 1221 5250 peccavit
1235 5187 1355 5249 quidem,
1375 5187 1397 5234 si
1413 5190 1505 5237 tamen
1520 5189 1671 5252 postadbi-

875 5256 960 5306 bitem
970 5255 1139 5317 diligentiam
1154 5261 1261 5307 maneat
1277 5257 1402 5316 dubium,
1419 5257 1589 5319 8818811118ιί
1604 5259 1672 5308 roti-

875 5337 949 5384 nere,
970 5337 996 5372 n.
1017 5326 1069 5374 157.
1089 5325 1215 5374 beneficii
1235 5328 1325 5376 rector
1342 5325 1479 5374 ordinarie
1494 5326 1634 5388 satisfecit,
1649 5329 1670 5376 si

874 5407 1024 5456 ceugrrrum
1046 5395 1212 5457 stipendium
1233 5393 1278 5444 det
1301 5394 1436 5446 Sacerdoti
1461 5395 1609 5446 celebranti
1636 5395 1670 5450 ed

874 5471 996 5520 meatem
1008 5465 1178 5528 fundatoris,
1199 5466 1215 5516 l.
1226 5467 1250 5528 6,
1261 5470 1330 5535 part
1342 5468 1367 5528 2,
1377 5479 1451 5530 uuna
1466 5467 1507 5529 81,
1517 5467 1554 5517 81.
