4044 6340
316 541 355 602 611
965 532 1038 598 LlB.
1063 532 1114 597 vl.
1138 531 1239 598 PARS
1262 533 1313 600 111.

310 722 461 785 reddendi
477 722 629 801 debitum,
645 721 677 783 in
688 740 762 784 casu
773 739 835 802 quo
850 722 938 785 alteri
954 741 1016 786 uon
1030 723 1106 786 lice·
1199 725 1217 804 5
1231 728 1260 788 3.
1278 727 1381 788 Canus
1395 725 1522 806 putavit
1535 721 1736 788 Matrimonia
1751 723 1826 786 solis
1835 721 1945 788 6611166
1962 725 1989 770 ”¹

310 812 357 874 111
371 813 506 894 exigere,
524 813 567 874 uti
586 811 708 874 dicetur
721 831 752 872 n.
770 815 839 873 111.
1160 817 1320 876 contracta
1341 833 1403 877 nen
1426 833 1493 876 esse
1517 815 1731 891 Sacramenta,
1758 813 1815 876 sed
1842 813 1941 874 surdos

229 915 271 960 are
351 900 575 976 1611116.
606 899 706 961 Andr.
724 900 861 962 Anchar.
885 901 1049 981 requirunt
1064 902 1105 964 ad
1160 905 1192 963 et
1227 905 1331 963 mutos
1367 920 1458 982 posse
1494 902 1683 964 contrahere
1724 901 1802 964 solis
1835 901 1946 962 nutibus

310 987 462 1066 valerem,
479 992 513 1050 ut
527 993 658 1068 uterque
673 1006 842 1049 censensus
866 988 958 1050 simul
982 990 1103 1067 existat,
1161 994 1283 1052 constat
1310 1010 1347 1052 ex
1376 994 1452 1071 Gap.
1486 991 1581 1060 Tne,
1616 990 1652 1052 de
1675 990 1807 1072 sponsal.
1841 995 1945 1052 certum

311 1075 387 1157 quia
409 1081 541 1158 uterque
566 1077 726 1139 constituit
753 1081 967 1154 contractum,
997 1081 1105 1158 estque
1161 1078 1275 1140 audem
1296 1078 1419 1140 videtur
1438 1079 1523 1159 quod
1542 1079 1605 1140 tale
1620 1077 1857 1140 Matrimonium
1878 1078 1946 1138 inter

310 1183 407 1227 causa
434 1165 611 1227 traditionis
644 1168 676 1226 et
698 1165 932 1244 acceptationis.
970 1163 1043 1227 Led.
1076 1169 1107 1227 et
1160 1165 1321 1228 fidelessit
1336 1169 1588 1243 Sacramentum,
1611 1175 1730 1228 etcum
1745 1166 1798 1227 alii
1818 1168 1945 1226 contrae-

194 1287 208 1316 6
315 1251 393 1334 Vequ
417 1253 448 1315 id
474 1259 598 1316 tantum
622 1253 796 1334 requirunt,
820 1253 872 1314 uhi
887 1251 975 1315 Trid.
999 1260 1046 1314 est
1060 1271 1106 1313 re·
1160 1258 1210 1316 tus
1223 1255 1290 1315 fieri
1305 1255 1424 1334 possint
1438 1255 1504 1316 6166
1524 1254 1639 1332 verbis,
1656 1273 1720 1315 non
1736 1261 1785 1316 est
1802 1253 1878 1316 ratio
1899 1270 1946 1312 cur

309 1343 447 1419 ceptum,
464 1340 1107 1421 6616611166666616666666616616666-
1162 1361 1224 1403 non
1246 1343 1344 1404 etiam
1367 1343 1611 1420 Matrimonium,
1637 1348 1669 1404 et
1692 1343 1774 1405 torte
1797 1341 1866 1403 ideo
1888 1341 1945 1402 llo·

308 1427 367 1489 cho
391 1428 568 1490 attactibus
584 1427 623 1488 de
638 1427 800 1508 utriusque
815 1446 1107 1490 consensuconcur-
1161 1435 1241 1492 rent.
1258 1429 1336 1491 dixit
1350 1448 1538 1492 consensum
1562 1431 1743 1512 repulartter
1757 1428 1885 1509 exprimi
1898 1446 1945 1506 per

307 1520 397 1578 rente
412 1516 453 1578 ad
468 1516 718 1590 Matrimonium;
743 1515 796 1578 sed
818 1517 960 1578 simultas
975 1517 1106 1597 physica
1160 1519 1267 1581 verba.
1291 1519 1417 1580 Putavit
1436 1519 1564 1598 quidem
1585 1518 1665 1580 Koa.
1691 1519 1807 1580 saltem
1829 1517 1861 1577 in
1883 1516 1942 1592 illis,

310 1624 372 1666 non
394 1605 564 1686 requiritur
579 1606 699 1667 ratione
721 1605 927 1678 Sacramenti,
953 1606 997 1667 uti
1019 1609 1106 1684 patet
1160 1605 1214 1686 qui
1235 1605 1320 1686 loqui
1344 1610 1484 1685 possunt,
1508 1606 1684 1668 necessarie
1709 1604 1830 1686 requiri
1849 1603 1942 1692 verba,

307 1695 339 1754 in
355 1696 561 1756 Sacramenta
576 1693 783 1770 Paenitentia,
808 1711 865 1754 666
889 1694 1009 1755 6611666
1031 1712 1106 1755 ecn—
1160 1694 1215 1755 sed
1244 1695 1421 1774 oppositum
1443 1699 1529 1757 tenet
1552 1695 1729 1757 communis
1755 1711 1829 1756 cum
1849 1694 1941 1756 Mastr.

306 1786 434 1860 tractus,
459 1799 530 1843 cum
557 1783 656 1844 multa
674 1781 752 1842 siunt
771 1781 852 1842 inter
879 1781 1026 1843 absentes
1047 1799 1105 1859 per
1159 1782 1748 1862 6191661616.11,6.1,66666.
1769 1785 1798 1859 1,
1815 1781 1849 1842 de
1860 1799 1942 1862 66666.

305 1869 437 1946 litterae,
463 1886 617 1930 censensu
639 1870 732 1930 unius
749 1872 899 1948 sequente
919 1869 959 1929 ad
974 1887 1106 1930 consen·
1157 1869 1270 1952 impul.
1295 1869 1325 1929 in
1349 1873 1379 1948 6,
1405 1870 1519 1931 dieitur
1542 1870 1646 1932 valere
1665 1869 1907 1945 Matrimonium,
1921 1868 1942 1928 si

306 1974 375 2018 sum
399 1957 538 2036 alterius,
564 1957 637 2018 hinc
664 1955 741 2019 Neo.
767 1958 835 2019 vult
861 1957 1004 2018 sultlcere
1033 1976 1105 2018 con·
1159 1961 1305 2036 parentes
1320 1957 1496 2036 exprimant
1513 1975 1701 2020 consensum
1724 1957 1851 2018 nomine
1873 1973 1943 2034 pre-

305 2063 433 2107 sensum
461 2065 524 2107 non
558 2065 626 2107 esse
655 2051 861 2122 revocatum,
893 2045 949 2106 etsi
977 2046 1104 2107 alterius
1159 2042 1941 2122 666116166166666616611166611666.6116666616

305 2151 476 2194 666666666
507 2133 605 2196 multo
629 2136 772 2212 tempore
805 2136 914 2210 postea
942 2137 1102 2212 sequatur,
1159 2138 1231 2195 6661
1240 2133 1312 2195 Led.
1328 2132 1453 2218 Rodrr'q.
1471 2134 1557 2218 Sylo.
1571 2135 1673 2196 Avers.
1686 2138 1719 2196 et
1734 2135 1787 2196 alii
1803 2133 1860 2195 sub
1873 2149 1942 2192 mor-

305 2229 337 2283 et
359 2223 485 2284 videtur
507 2223 684 2285 consentire
707 2223 798 2301 Sper.
824 2241 854 2282 6.
881 2225 950 2300 131,
976 2223 1031 2283 sed
1057 2223 1104 2282 in·
1158 2223 1212 2284 tali
1227 2223 1345 2302 requiri
1362 2223 1460 2284 verba
1481 2223 1512 2283 in
1535 2224 1605 2301 illis,
1628 2223 1681 2302 qui
1696 2223 1785 2303 loqui
1800 2223 1940 2301 possunt:

304 2309 402 2390 telligi
431 2328 494 2372 non
516 2313 628 2390 potest,
651 2309 737 2388 qued
760 2308 895 2370 sufficiat
923 2313 1103 2388 quantacun
1157 2310 1267 2373 Sancti.
1284 2309 1359 2372 Fili.
1376 2314 1407 2373 et
1421 2311 1472 2372 alii
1497 2311 1662 2393 requirunt
1685 2311 1745 2372 661
1760 2310 1873 2372 veniali
1886 2314 1942 2370 tan·

306 2417 367 2478 que
397 2397 546 2459 distantia
572 2395 742 2476 temporis,
781 2396 855 2476 quia
882 2397 1103 2457 contrahentes
1157 2404 1235 2477 turn,
1261 2401 1316 2462 sed
1339 2403 1429 2462 Pont.
1453 2403 1552 2463 Castr.
1574 2421 1606 2482 6.
1631 2407 1661 2478 7,
1685 2419 1716 2460 6.
1744 2403 1775 2478 1,
1804 2399 1940 2474 Her-inex,

306 2505 368 2548 non
384 2492 552 2547 censentur
565 2485 644 2546 velle
660 2503 785 2564 semper
802 2503 930 2545 manere
946 2486 1100 2563 suspensi,
1156 2489 1267 2550 Tamh.
1285 2491 1376 2567 Sper.
1394 2509 1424 2551 n.
1441 2492 1510 2567 119,
1527 2490 1626 2568 Krim,
1642 2509 1672 2550 6.
1689 2491 1762 2565 317,
1775 2486 1882 2548 dicunt
1893 2503 1942 2565 per

306 2577 338 2636 et
358 2572 532 2636 diutissime
557 2578 722 2650 expectare
746 2588 932 2632 consensum
954 2572 1100 2647 alterius;
1157 2595 1189 2637 se
1206 2577 1323 2638 nullam
1338 2594 1405 2638 esse
1420 2578 1545 2655 culpam
1569 2576 1747 2656 exprimere
1770 2574 1833 2636 alic
1852 2573 1939 2654 siguo,

306 2660 380 2722 hinc
396 2660 511 2738 Sancta,
530 2660 552 2722 t.
563 2659 634 2737 161.
650 2663 700 2736 13,
712 2679 742 2741 q.
754 2663 784 2736 1,
797 2659 925 2721 Pontius
936 2659 956 2720 I.
969 2664 999 2737 1,
1012 2680 1037 2722 6.
1052 2665 1100 2740 16,
1158 2669 1189 2727 61
1202 2666 1326 2727 videtur
1340 2665 1515 2727 consentire
1535 2667 1639 2726 Mastr.
1666 2685 1696 2726 6.
1714 2667 1766 2742 19,
1783 2661 1941 2724 dummodo

304 2751 412 2813 Mastr.
436 2770 467 2812 6.
492 2753 548 2827 31,
574 2748 739 2829 requirunt
765 2749 956 2810 simultatem
979 2754 1102 2813 tantum
1157 2753 1239 2814 absit
1251 2753 1425 2832 perieulum
1440 2752 1589 2829 scandali,
1612 2755 1643 2813 61
1658 2751 1746 2813 dubii
1762 2750 1803 2811 de
1819 2750 1941 2811 exister-

305 2837 459 2899 meralem
476 2856 482 2897 :
500 2840 532 2899 et
545 2836 630 2897 idem
646 2835 755 2896 volunt
769 2838 910 2914 Castrup.
927 2835 958 2897 d.
975 2840 1004 2915 1,
1017 2856 1052 2918 p.
1069 2841 1099 2914 6,
1156 2843 1200 2903 tia
1214 2859 1394 2917 consensus,
1412 2840 1506 2902 debet
1519 2841 1603 2901 enim
1618 2839 1814 2902 sutllcienter
1822 2836 1940 2916 exprimi

304 2930 414 2989 Avers.
431 2945 461 3006 q.
480 2927 510 3002 3,
526 2944 550 2986 6.
564 2927 595 3001 6,
610 2923 710 2984 lirim.
727 2941 746 2986 a
759 2945 790 2984 6.
806 2926 876 3002 311,
889 2943 1002 3004 nempe
1018 2927 1102 2986 sulfi-
1157 2930 1195 2991 de
1211 2928 1356 3009 praesenti
1370 2933 1480 2989 mutua
1493 2927 1621 2990 traditio
1631 2927 1713 3008 juris
1728 2927 1771 2988 ad
1787 2939 1940 2988 66666666-

306 3030 376 3074 6666
392 3012 582 3074 simultatem
597 3010 802 3088 habitualem,
829 3018 859 3072 et
882 3013 1044 3090 moralem,
1069 3015 1101 3075 id
1156 3034 1279 3097 porum.

306 3103 363 3177 661,
381 3099 531 3179 quamdiu
546 3103 692 3160 censetur
713 3116 898 3177 permanere
917 3117 1097 3178 consensus,
1194 3107 1256 3185 §a
1274 3104 1307 3168 Si
1330 3105 1362 3165 in
1385 3106 1465 3181 loco,
1489 3103 1543 3166 uhi
1565 3102 1649 3166 Yrid,
1676 3103 1716 3164 de
1742 3100 1894 3176 Paracho,
1915 3101 1941 3158 61
1959 3097 1986 3144 ³⁸

304 3188 480 3267 praesertim
492 3187 584 3268 juxta
598 3185 804 3248 intentionem
827 3186 918 3266 illius,
946 3189 999 3270 qui
1014 3191 1101 3268 prior
1154 3192 1286 3255 testibus
1306 3191 1493 3252 adhibendis
1517 3209 1579 3252 non
1607 3195 1655 3253 est
1679 3194 1857 3268 receptum,
1881 3188 1941 3266 post

305 3276 472 3338 consensit.
1154 3281 1312 3362 sponsalia
1326 3285 1477 3360 sequatur
1490 3281 1615 3360 copula,
1628 3279 1773 3342 Ecclesia
1787 3277 1861 3340 olim
1874 3291 1940 3354 pra-
1993 3339 1994 3342 ,

342 3365 405 3445 57.
432 3363 612 3428 Secundum
641 3367 713 3426 6616
741 3363 825 3426 dicta
852 3367 1034 3446 requiritur,
1065 3374 1100 3428 ut
1154 3371 1286 3450 sumpsit
1299 3387 1488 3431 eonsensum
1503 3369 1542 3430 de
1556 3369 1715 3448 prasenti,
1732 3385 1798 3448 quo
1813 3364 1941 3429 6616116-

303 3469 473 3514 eousensus
501 3452 615 3512 interni
641 3457 768 3514 externe
801 3452 1041 3515 manifestentur
1068 3461 1099 3519 et
1154 3461 1201 3518 ret
1225 3457 1470 3535 Matrimonium,
1497 3457 1658 3538 quianon
1683 3457 1780 3519 debet
1805 3449 1939 3534 presumi

302 3543 515 3621 acceptentur,
548 3538 705 3620 debetque
730 3539 903 3618 acceptatio
927 3559 1098 3605 consensus
1154 3546 1301 3608 delictum
1325 3545 1550 3622 fornicationis,
1576 3548 1653 3625 Cap.
1685 3545 1812 3606 Veniens
1829 3543 1937 3621 1666.

303 3649 371 3692 6666
385 3649 424 3691 ex
438 3631 527 3708 parte
542 3626 706 3706 utriusque
721 3626 945 3706 contrahentis,
963 3648 1026 3708 qua
1044 3648 1098 3708 po·
1152 3634 1250 3716 16661
1262 3632 1352 3715 fidem
1367 3639 1398 3694 et
1411 3636 1445 3697 C.
1463 3635 1519 3696 ult.
1535 3637 1581 3695 De
1595 3635 1733 3713 sponsal.
1751 3634 1784 3696 Si
1796 3637 1898 3696 tamen
1912 3646 1940 3688 re

302 3717 372 3795 sita,
402 3717 462 3778 hoe
486 3714 554 3794 ipso
577 3715 662 3776 valet
689 3714 940 3789 Matrimonium;
972 3716 1043 3777 hinc
1071 3717 1096 3776 si
1151 3725 1220 3803 ipsa
1235 3722 1358 3782 abesset
1371 3739 1553 3800 censensus,
1570 3720 1810 3786 Matrimonium
1822 3738 1881 3782 non
1894 3735 1939 3779 va·

302 3804 394 3867 (16166
416 3801 538 3864 dixerit:
565 3801 678 3881 occipio
700 3808 726 3860 te
749 3799 781 3860 in
801 3820 905 3878 mecm,
930 3806 962 3863 et
981 3804 1098 3865 Bertha
1152 3816 1239 3883 leret.
1257 3811 1295 3870 Et
1310 3827 1382 3869 cum
1397 3827 1493 3888 6666,
1521 3809 1574 3871 611
1605 3807 1693 3870 raa.
1711 3813 1872 3888 receptum
1890 3810 1937 3882 est,

273 3889 678 3972 ›responderit:eteqotet'n
687 3889 1096 3965 meum,licettlaiusstalim
1154 3899 1331 3962 necessario
1347 3898 1657 3960 (1616616661666166
1682 3898 1751 3962 lieri
1774 3897 1940 3960 66666111-
1993 3901 1994 3904 ’

301 3985 372 4060 6661
399 3979 497 4042 verba
519 3977 644 4039 Berthae
660 3976 754 4038 dieat:
779 3995 837 4056 ego
853 3983 960 4040 autem
982 3999 1096 4043 revoco
1157 3989 1254 4052 rocho
1284 3991 1316 4049 61
1328 3987 1471 4066 testibus,
1489 3988 1515 4048 si
1535 3987 1655 4068 absque
1670 3988 1719 4050 his
1733 3988 1884 4048 habeatur
1895 4002 1939 4046 ec-

300 4087 405 4132 meam
428 4070 633 4145 voluntatem,
651 4065 854 4127 nihilominus
878 4074 990 4145 putant
1008 4073 1095 4150 hugo
1151 4079 1235 4159 pula,
1252 4094 1315 4137 non
1326 4076 1366 4137 sit
1375 4076 1621 4153 Matrimonium,
1636 4081 1670 4138 ut
1679 4080 1777 4157 patet.
1789 4077 1828 4137 nt
1843 4091 1938 4155 quam·

300 4158 331 4218 in
345 4175 423 4239 resp.
436 4175 512 4218 mor.
525 4155 547 4218 t.
561 4159 590 4233 l,
607 4153 675 4216 dub.
691 4157 742 4232 11,
760 4155 837 4216 Gob.
855 4163 895 4217 tr.
914 4161 961 4235 16,
977 4177 1008 4220 n.
1025 4163 1094 4237 399,
1150 4167 1197 4230 uis
1211 4164 1350 4227 Ecclesia
1363 4163 1483 4241 fecerit,
1496 4169 1531 4226 ut
1545 4183 1720 4227 666666666
1734 4166 1801 4227 sive
1812 4169 1939 4226 eontrac-

301 4243 1093 4326 31101·’11316ΜᾶῑΐῑῐῦθῃῑΰῐῦῙῙῙΠΜΟΓΘΨΕῙΜΠΙΠ,
1150 4266 1200 4324 tus
1218 4254 1428 4315 clandestinus
1452 4272 1536 4315 nune
1558 4273 1621 4316 non
1646 4255 1783 4317 sufficiat
1804 4253 1844 4314 ad
1865 4250 1937 4314 valo·
1991 4291 1993 4298 ι

301 4334 471 4397 dummodo
486 4334 579 4396 Caius
600 4335 795 4395 voluntatem
819 4352 881 4395 666
902 4337 1097 4399 revocaverit
1150 4360 1217 4405 rem
1231 4343 1431 4419 Matrimonii,
1448 4347 1552 4404 tamen
1570 4362 1634 4404 666
1649 4343 1721 4405 ideo
1739 4341 1873 4404 mutavit
1886 4339 1937 4400 lor·

300 4428 373 4485 ante
388 4422 622 4502 expressionem
642 4422 811 4482 verborum
820 4424 943 4484 Berthee
959 4426 1096 4504 complc-
1149 4431 1272 4494 maliter
1286 4434 1317 4492 61
1330 4431 1471 4509 proxime
1490 4431 1551 4492 hoc
1575 4433 1829 4507 Sacramentum,
1852 4427 1936 4508 prout

299 4517 376 4587 tam,
402 4510 476 4590 quia
498 4508 591 4570 Caius
614 4507 732 4568 dicens:
757 4508 872 4589 accipio
896 4511 975 4571 1616
989 4531 1093 4592 meam,
1150 4519 1304 4582 aChristo
1319 4519 1496 4582 institutum
1517 4524 1575 4599 est,
1597 4521 1642 4583 uti
1657 4519 1815 4600 explicavi
1830 4519 1860 4579 16
1874 4517 1892 4578 1.
1908 4519 1933 4590 6,

300 4599 360 4661 166
374 4597 441 4676 1666
457 4594 1093 4678 61161166161616166661116111661666ς
1150 4628 1181 4689 p,
1199 4613 1228 4686 1,
1246 4628 1276 4669 ῃ,
1296 4612 1346 4670 17,

300 4684 450 4765 obligatio
478 4688 583 4746 autem
606 4684 730 4745 herthae
754 4685 963 4748 6666616166
987 4707 1096 4770 66666-
1189 4691 1935 4778 510.51616666661616666161166616616666166

301 4774 418 4836 tatione
433 4790 601 4834 consensus
622 4772 768 4846 aarum
793 4791 868 4852 ergo
883 4773 944 4836 hoe
957 4775 1025 4855 ipso
1045 4797 1096 4840 ae·
1150 4786 1365 4867 pauimentum
1381 4787 1542 4864 dirimens,
1560 4791 1592 4849 et
1606 4786 1813 4850 nihilominus
1827 4785 1935 4845 conha-

300 4861 446 4941 captabat
460 4877 648 4922 eonsensum
662 4860 798 4938 Berthae,
810 4861 836 4921 si
850 4862 919 4941 ipsa
932 4863 1020 4926 illum
1039 4885 1096 4947 po·
1150 4877 1237 4953 hant,
1268 4893 1308 4936 66
1336 4881 1403 4937 tum
1431 4876 1537 4937 valere
1565 4875 1665 4955 possit
1691 4871 1931 4940 Matrimonium,

300 4953 405 5023 neret;
429 4967 504 5029 erge
528 4949 589 5009 hcc
611 4948 691 5029 ipso,
720 4949 805 5028 qued
828 4949 868 5012 sit
889 4951 940 5012 ille
962 4955 1093 5034 positus,
1149 4963 1253 5025 dicam
1276 4983 1304 5026 η,
1323 4965 1392 5024 531,
1417 4962 1498 5036 Quid
1519 4967 1627 5025 autem
1649 4963 1690 5024 sit
1713 4959 1890 5033 diffindam,
1912 4950 1932 5010 61

297 5037 364 5119 jam
378 5039 542 5118 6661116616
564 5042 612 5099 661
635 5037 784 5115 conditio,
810 5043 841 5100 et
863 5057 1034 5105 consensus
1049 5048 1096 5107 est
1149 5051 1306 5112 voluerint
1319 5055 1515 5113 contractum
1528 5055 1560 5112 et
1581 5069 1643 5113 non
1665 5050 1819 5114 rationem
1834 5047 1931 5108 Sacra-

300 5129 499 5205 aoceptatus3
517 5143 592 5204 ergo
615 5125 732 5186 trustra
750 5130 879 5188 revocat
896 5129 988 5191 (16166
1003 5150 1095 5193 suum
1149 5138 1257 5214 menti,
1275 5137 1378 5198 dicam
1392 5157 1423 5198 6.
1441 5140 1511 5200 116.

300 5229 498 5275 eonsensum.
514 5215 553 5275 Et
568 5213 814 5292 acceptationem
829 5232 920 5293 posse
939 5217 1007 5278 fieri
1022 5224 1094 5280 ante
1189 5228 1207 5306 §
1235 5230 1282 5287 11.
1314 5227 1445 5298 Quande
1478 5227 1712 5288 Matrimonium
1748 5220 1932 5287 conunhitur

299 5301 549 5380 promissionem,
566 5302 659 5364 decet
672 5305 757 5364 recte
772 5303 878 5364 Palav.
899 5303 945 5365 De
956 5307 1091 5370 Sacram.
1149 5313 1231 5373 inter
1245 5317 1425 5392 praesentes,
1437 5314 1639 5393 praesumitur
1652 5313 1738 5394 prior
1750 5305 1929 5374 consensisse

299 5409 329 5450 a.
355 5393 405 5468 61,
430 5409 468 5452 ex
485 5391 507 5452 l.
530 5395 558 5468 l,
582 5389 619 5454 sa·
636 5391 711 5472 que,
731 5389 843 5471 juncta
862 5393 981 5472 Glossa,
998 5395 1036 5484 ff,
1051 5396 1095 5458 Ile
1150 5400 1208 5461 661
1222 5399 1412 5478 conditione,
1428 5403 1455 5462 si
1476 5401 1556 5464 alter
1579 5402 1674 5464 etiam
1697 5399 1868 5463 consentiat
1879 5393 1928 5455 du·

299 5475 378 5542 verb.
396 5479 484 5560 61116.
1148 5493 1236 5549 66616
1252 5486 1362 5550 eodem
1374 5506 1556 5568 congressu,
1570 5490 1654 5570 quod
1669 5489 1694 5552 si
1709 5495 1777 5551 tum
1792 5503 1852 5550 non
1866 5497 1927 5544 cote
