3976 6348
689 509 741 570 llll
762 507 1024 570 Maraluoulo.
1624 499 1683 558 2⁴7

58 699 120 758 dum
139 715 182 773 se,
204 697 290 777 quod
315 714 475 776 nunquam
500 699 581 758 esset
604 695 775 771 confessus,
801 697 833 754 et
886 691 938 772 qui
954 711 972 754 n
986 711 1016 752 n.
1034 693 1122 767 atil,
1140 693 1229 770 putat
1248 707 1338 768 posse
1359 705 1482 750 cessare
1504 687 1586 748 banc
1600 683 1679 746 obli·

57 785 126 847 circa
138 783 219 864 quod
234 803 297 846 non
312 787 394 846 esset
408 802 504 844 causa
523 781 685 844 minuendi
707 779 833 841 ordina·
885 780 1045 857 gationem
1060 777 1264 839 confessionis
1278 781 1457 846 menstruae.
1474 774 1499 836 si
1514 773 1678 854 dispense-

57 875 122 934 riem
134 873 359 952 poerutentiam,
378 873 456 934 (lob.
473 891 491 932 a
506 891 536 932 n.
553 873 632 942 2083
648 867 747 929 Krim.
764 887 782 926 a
798 887 828 926 n.
887 871 936 924 tus
959 865 1097 926 lucretur
1117 864 1295 939 Jubilaeum,
1313 863 1362 922 rel
1381 859 1594 940 indulgentias
1613 858 1680 938 ple·

57 963 137 1030 23973
159 959 289 1020 Wiestn.
307 961 398 1020 Kerc.
414 979 445 1020 n.
471 963 540 1021 2'll.
567 962 721 1038 Notatquc
744 959 827 1016 recte
887 952 1011 1024 narias;
1038 953 1093 1012 sed
1116 951 1308 1030 probabilius
1332 949 1518 1010 contradicit
1541 948 1618 1010 Gob.
1644 965 1676 1007 n.

56 1049 158 1110 Tiburi.
182 1065 279 1126 supra
310 1067 342 1128 p.
374 1051 424 1124 2l,
455 1047 539 1128 quod
570 1046 653 1108 circa
678 1044 832 1126 ejusmodi
886 1044 955 1116 226,
974 1039 1048 1120 quia
1071 1045 1118 1101 est
1138 1058 1233 1118 poena
1254 1035 1501 1100 extraordinaria
1521 1035 1615 1096 etiem
1638 1034 1679 1096 ad

55 1133 254 1214 paenitentiam
269 1133 509 1214 injungendam,
527 1135 701 1196 substantio
716 1133 755 1194 sit
769 1151 832 1194 ser·
887 1128 963 1188 alios
978 1129 1057 1188 forte
1081 1129 1158 1188 lines
1173 1127 1324 1208 injuncta.
1341 1127 1374 1188 ln
1391 1121 1559 1202 Rescriptis
1574 1123 1678 1182 autem

56 1221 154 1300 reoda,
174 1221 229 1284 sed
251 1223 357 1302 quoad
378 1223 586 1304 quantitatem
607 1223 647 1284 sit
669 1223 755 1283 locus
771 1219 832 1280 dis·
886 1235 948 1276 non
972 1218 1008 1278 fit
1031 1217 1148 1277 mentio
1172 1213 1417 1290 communionis,
1443 1213 1525 1274 unde
1549 1211 1679 1270 nonest

55 1310 179 1387 crationi,
208 1316 243 1372 ut
271 1329 384 1390 nempe
412 1309 627 1372 confessarius
655 1307 832 1370 consideret
887 1304 1035 1384 obligatio
1056 1305 1240 1386 injungendi
1263 1303 1358 1379 illam,
1375 1305 1481 1381 posset
1504 1303 1608 1362 tamen
1630 1295 1678 1356 in-

54 1399 218 1479 ponitentis
245 1417 366 1475 sexum,
398 1399 662 1478 complexionem,
693 1402 828 1472 aetatem,
882 1389 972 1469 jungi
988 1390 1156 1470 aliquando
1173 1389 1357 1452 Communia
1372 1388 1440 1448 loco
1454 1381 1673 1466 gravisPoeni-

54 1491 165 1564 statum,
190 1486 268 1548 alias
292 1486 360 1566 ejus
382 1487 598 1566 obligationes
625 1491 656 1548 ot
679 1485 727 1546 his
750 1485 830 1544 bene
885 1478 1002 1554 tentiae,
1019 1496 1088 1557 quae
1104 1477 1195 1538 simul
1211 1476 1330 1557 injungi
1346 1475 1449 1552 debet,
1462 1474 1539 1536 (lob.
1556 1491 1586 1534 n.
1603 1474 1672 1532 227.

54 1575 175 1654 pensetis
194 1574 340 1654 injungat
363 1576 587 1655 poenitentiam,
613 1593 682 1656 quae
707 1591 831 1652 respec-
926 1567 1007 1644 §13¹
1026 1567 1155 1638 Quando
1171 1565 1284 1627 dicitur
1306 1563 1534 1626 confessarium
1558 1559 1672 1621 debere
1703 1571 1746 1618 sot

55 1661 105 1724 tire
130 1662 169 1724 ad
196 1662 292 1724 talem
320 1681 489 1742 personam
517 1669 683 1724 censeatur
712 1659 827 1740 grauis.
886 1655 1048 1714 declarare
1059 1653 1142 1731 quod
1157 1655 1260 1732 proles
1270 1652 1310 1714 sit
1323 1651 1462 1731 legitima
1477 1651 1508 1711 in
1517 1649 1584 1730 foro
1598 1666 1678 1708 com·

11 1761 12 1764 ’
55 1750 169 1822 Quando
193 1756 299 1812 autem
329 1750 534 1812 committitur
559 1749 771 1829 dispensanti,
798 1751 831 1808 ut
884 1743 1007 1810 olentiae,
1024 1749 1151 1809 tantam,
1168 1759 1277 1802 sensus
1297 1747 1354 1818 cst,
1372 1741 1491 1820 prolem
1507 1738 1601 1800 talem
1617 1752 1675 1814 pro

11 1839 12 1922 f
55 1839 176 1918 imponat
184 1857 315 1918 gravem
326 1840 543 1918 peonitentiam
554 1839 612 1900 sibi
621 1839 702 1900 bene
717 1837 827 1910 risam,
885 1835 1017 1910 utroque
1031 1829 1099 1890 loro
1114 1829 1207 1891 fuisse
1219 1829 1423 1908 illegitimam,
1436 1827 1461 1888 si
1478 1831 1608 1906 uterque
1623 1842 1677 1904 pa·

11 1989 13 2010 ‚
54 1925 94 1988 nri
112 1925 137 1986 si
158 1926 236 1986 lator
247 1944 355 2006 parere
367 1927 578 2008 contempserit,
596 1927 627 1986 in
649 1925 758 1986 dictum
780 1943 830 1984 en·
885 1938 956 1980 rens
981 1918 1039 1978 luit
1057 1917 1200 1978 conscius
1215 1916 1441 1996 impedimenti,
1467 1919 1498 1976 et
1519 1919 1585 1978 tum
1608 1929 1676 1974 esse

11 2067 13 2094 ,
54 2013 327 2076 communicationem
346 2014 499 2076 relabatur
512 2035 543 2076 eo
558 2015 629 2094 ipso,
646 2032 755 2076 sensus
770 2015 827 2087 est,
884 2006 1133 2084 legitimandam‚
1150 2006 1181 2065 in
1197 2023 1257 2084 quo
1273 2005 1411 2066 Ecclesia
1434 2004 1593 2083 dispensat
1611 2005 1677 2062 tan-

11 2097 13 2156 l
54 2103 74 2163 si
86 2121 186 2182 parere
208 2103 434 2182 contempserit
454 2103 632 2164 rationabili
656 2106 826 2182 precepto,
885 2095 1252 2172 lumprosorointerno,
1270 2093 1412 2172 quamvis
1430 2089 1674 2162 namnetas,
1713 2089 1720 2104 ’
1798 2088 1801 2094 “

11 2193 12 2230 l
54 2209 113 2250 nam
132 2189 156 2252 si
176 2190 364 2268 dispensans
378 2191 587 2270 imposuisset,
613 2211 643 2252 v,
667 2211 698 2270 g,
717 2197 750 2250 ut
771 2190 830 2251 iret
884 2181 1048 2243 dicatrere
1058 2182 1223 2262 legitimari
1239 2181 1342 2262 quoad
1358 2180 1542 2260 spiritualia,
1555 2183 1586 2240 et
1599 2181 1677 2238 tem·

53 2277 245 2354 adtriremes,
264 2284 318 2342 aut
332 2279 450 2341 faceret
464 2279 582 2359 aliquid
597 2279 826 2353 difficillimum,
883 2270 1014 2348 por-alia,
1038 2270 1089 2330 alii
1117 2273 1221 2330 autom
1249 2268 1358 2330 dicunt
1376 2273 1497 2329 tantum
1521 2267 1561 2328 ad
1585 2263 1676 2328 Ordi-

53 2363 155 2426 rbus.
167 2384 201 2446 p.
219 2368 250 2441 3,
267 2384 293 2426 c.
311 2369 340 2441 2,
357 2369 491 2426 testatur
513 2384 532 2426 a
556 2367 588 2428 S.
605 2367 718 2444 Gongr.
745 2364 830 2424 deci·
884 2374 939 2416 nos
954 2375 1070 2430 sacros,
1088 2363 1118 2418 et
1132 2356 1294 2432 beneficia,
1311 2357 1393 2417 unde
1413 2357 1437 2416 si
1452 2355 1555 2418 ludex
1568 2355 1677 2418 Eccle-

98 2471 108 2483 ·
123 2471 187 2514 esse
202 2452 289 2532 quod
304 2471 366 2514 non
382 2452 452 2514 ideo
468 2453 630 2528 reincidat,
648 2451 722 2532 quia
736 2470 828 2513 nomo
885 2445 1026 2505 siaslicus
1043 2446 1090 2505 rel
1104 2444 1263 2504 saecularis
1277 2447 1386 2522 ageret
1399 2448 1509 2505 contre
1523 2443 1580 2504 bos
1604 2460 1676 2503 con·

169 2543 373 2601 contemnere
388 2558 511 2619 parere,
529 2540 655 2620 quando
679 2544 827 2618 praestare
880 2533 972 2614 juges
987 2534 1036 2593 vel
1051 2534 1154 2612 proles
1169 2537 1320 2611 tanquam
1341 2531 1529 2610 illegitimas,
1552 2531 1676 2610 dispen-

166 2627 263 2690 riliter
283 2645 346 2688 non
365 2632 479 2707 potest,
502 2629 587 2708 quod
608 2627 829 2690 irrationabili·
883 2621 962 2682 satio
977 2620 1030 2680 illa
1045 2621 1075 2680 in
1089 2620 1157 2680 foro
1173 2623 1300 2680 externo
1316 2619 1359 2680 nil
1376 2618 1514 2699 juvaret,
1540 2619 1617 2682 Gob.
1643 2638 1673 2680 n.

171 2717 289 2796 cipitur.
605 2727 609 2734 ’
883 2711 952 2784 26¹⁸,
970 2711 1001 2768 et
1014 2707 1112 2769 Krim.
1129 2727 1185 2768 nn.
1197 2709 1286 2770 2360.
1313 2707 1444 2780 Quando
1468 2711 1572 2768 autem
1596 2725 1676 2766 unus

174 2805 303 2878 Quando
323 2805 460 2881 additur,
482 2808 516 2868 ut
535 2805 628 2866 simul
648 2823 705 2884 pro
730 2803 828 2882 pmni-
884 2797 993 2856 saltem
1015 2797 1099 2856 bona
1123 2795 1183 2854 fide
1207 2795 1370 2870 contraxit,
1393 2798 1504 2872 putans
1518 2793 1675 2856 Matrimo-

177 2893 299 2974 rjungat
321 2892 524 2972 consessionem
542 2894 645 2954 saitem
670 2912 756 2953 anam
770 2893 828 2954 sin.
883 2884 969 2944 nium
985 2903 1052 2945 esse
1066 2884 1215 2961 validum,
1232 2885 1280 2944 rel
1304 2883 1328 2944 si
1354 2901 1415 2944 non
1436 2881 1590 2946 indicetur
1617 2881 1675 2960 ipsi

177 2979 449 3058 ase'bas,1irim.n.
476 2985 565 3058 2400,
590 2985 689 3062 puisi,
715 2981 742 3042 si
765 2999 827 3040 non
882 2971 1151 3050 impedimentum,
1168 2971 1293 3050 quando
1310 2969 1501 3032 revalidatur
1515 2969 1675 3033 matrimo-

202 3071 237 3129 in
257 3079 447 3150 perpetuam,
465 3071 513 3131 vel
531 3089 586 3152 per
609 3079 701 3130 totam
724 3069 825 3145 vitam,
883 3059 980 3138 nium,
997 3060 1062 3121 sive
1078 3060 1136 3122 boc
1152 3060 1389 3122 taceaturboua
1403 3058 1469 3120 sive
1491 3059 1576 3120 mala
1599 3059 1673 3134 fide,

171 3177 199 3235 e,
216 3158 443 3238 siinjungatur
461 3157 502 3219 ad
523 3157 643 3239 aliquos
665 3177 764 3220 annos
779 3176 827 3218 se·
882 3149 985 3227 proles
1007 3149 1126 3209 censeri
1150 3149 1267 3210 debent
1287 3147 1435 3226 legitimae
1459 3165 1516 3226 pro
1540 3151 1675 3226 utroque

164 3263 368 3306 imensuram
384 3244 500 3308 delicti.
513 3246 702 3308 Contradicit
717 3245 826 3308 Goba
882 3238 961 3312 loro,
979 3237 1023 3298 uti
1038 3257 1075 3298 ex
1089 3240 1164 3299 lure
1180 3236 1292 3316 probat
1307 3236 1383 3298 Gob.
1401 3256 1431 3296 n.
1458 3239 1527 3313 247,
1551 3239 1583 3298 et
1605 3236 1676 3314 plu-

156 3381 163 3409 ,
187 3337 341 3414 putatque
370 3332 500 3412 intelligi
526 3333 566 3395 ds
596 3334 726 3414 singuiis
754 3335 825 3395 viiae
881 3325 967 3386 ribus
983 3326 1098 3388 Sanch.
1115 3325 1136 3386 l.
1153 3329 1182 3400 8,
1199 3325 1228 3386 d.
1245 3329 1329 3402 3l,a
1352 3346 1381 3386 n.
1407 3327 1457 3401 50,
1483 3326 1674 3402 possuntque

150 3440 201 3498 .us‚
218 3426 252 3483 et
266 3421 342 3483 dicit
356 3421 415 3483 hoc
431 3421 556 3483 omnino
580 3440 646 3482 esse
662 3422 826 3502 injungen-
882 3412 980 3473 videri
996 3414 1079 3474 dicia
1093 3415 1113 3474 l.
1130 3418 1160 3490 4,
1177 3433 1207 3475 n.
1224 3417 1294 3490 750,
1312 3417 1343 3474 ei
1356 3411 1469 3474 Kerch.
1487 3431 1518 3474 n.
1541 3415 1609 3474 277.

52 3537 76 3568 u.
140 3510 255 3570 etiamsi
271 3509 395 3572 delectu
409 3509 548 3570 materiae
563 3510 748 3572 necessariae
764 3528 826 3570 non
922 3503 1002 3579 §l-t.
1019 3503 1166 3574 Quamvis
1182 3502 1327 3576 addatur,
1345 3505 1379 3562 ut
1392 3499 1477 3562 nulli
1491 3508 1572 3562 testes
1586 3499 1675 3562 adbi-
1703 3514 1744 3560 aas

53 3603 245 3674 comeretur,
263 3597 436 3660 secundum
456 3597 645 3659 sententiam
665 3617 761 3676 supra
780 3597 827 3656 in-
881 3589 1027 3665 beentur,
1052 3589 1078 3648 si
1105 3593 1212 3650 tamen
1241 3589 1475 3666 adhiberentur,
1506 3606 1568 3650 non
1601 3588 1671 3650 ideo

52 3679 197 3760 sinuatam,
213 3686 266 3746 rel
281 3683 423 3764 quamuis
439 3689 544 3746 essent
557 3686 705 3766 plenariae
720 3684 827 3747 indul·
882 3683 963 3738 esset
980 3677 1117 3738 invalida
1131 3679 1332 3758 dispensatio,
1355 3678 1436 3740 Gob.
1453 3697 1484 3738 n.
1501 3679 1570 3738 265.
1596 3677 1675 3738 Hinc

52 3772 157 3848 genliae,
173 3773 248 3852 quia
271 3771 384 3834 dicitur
398 3772 458 3834 hoc
474 3773 588 3834 debere
609 3773 729 3854 injungi
746 3773 827 3834 ultra
882 3765 949 3826 Fill.
980 3775 1019 3826 tr.
1046 3768 1096 3839 10,
1116 3785 1149 3846 p.
1170 3771 1199 3842 2,
1222 3786 1247 3827 c.
1275 3769 1323 3843 10,
1344 3785 1374 3826 n.
1395 3767 1465 3842 358,
1488 3765 1619 3844 loquens
1633 3763 1672 3824 de

53 3858 250 3934 penitentiam
266 3860 539 3940 sacramentalem,
556 3859 628 3922 licet
647 3859 750 3940 quoad
766 3859 825 3918 hoc
881 3853 1020 3914 clausula
1034 3853 1087 3914 illa
1102 3853 1253 3933 Rescripti
1268 3873 1305 3914 ee
1314 3853 1542 3914 Poenr'tentiuria
1556 3851 1601 3913 sic
1616 3851 1673 3912 ba-

10 3967 12 4020 i
53 3944 157 4006 ridetur
178 3945 345 4007 dissentire
368 3946 467 4008 Krim.
485 3967 502 4006 n
522 3966 552 4006 n.
577 3949 666 4009 nalo.
693 3945 825 4007 Perinde
881 3941 951 4002 bet:
976 3960 1033 4000 non
1052 3950 1128 4022 puto
1147 3941 1310 4022 prohiberi,
1332 3941 1485 4022 quominus
1502 3938 1573 4021 fieri
1582 3939 1675 4020 possit

53 4037 139 4094 subm
153 4039 209 4112 est,
226 4054 290 4116 quo
306 4033 356 4096 die
377 4036 494 4096 mensis
518 4037 582 4112 liat,
600 4035 682 4098 unde
706 4033 826 4096 satisla-
885 4028 988 4110 ulr'qnu
1001 4027 1108 4110 [illeso
1124 4029 1307 4110 Confessorio
1317 4029 1351 4090 de
1364 4027 1543 4090 absolutione
1556 4026 1603 4088 cel
1616 4026 1674 4087 dis·

10 4115 12 4182 l
53 4119 101 4180 ciel
112 4123 297 4199 confitendo,
309 4122 418 4184 ultimo
433 4123 573 4184 ianuarii
592 4125 638 4184 vel
653 4124 754 4202 primo
770 4125 824 4182 Fe·
877 4116 1049 4197 pensatione
1064 4117 1200 4198 impensa,
1215 4136 1271 4198 pro
1290 4115 1482 4178 consolatione
1491 4114 1672 4196 penitentis,

10 4199 11 4272 i
53 4205 162 4286 bruarii,
173 4215 228 4274 aut
242 4209 345 4290 primo
359 4210 512 4286 ianuarii,
524 4216 556 4272 et
570 4211 678 4272 ultimo
690 4211 825 4272 Februa·
880 4205 926 4265 nel
935 4225 992 4286 pro
1007 4205 1166 4266 testimonio
1180 4204 1261 4286 apud
1279 4204 1461 4286 Episcopum
1479 4203 1602 4266 obtentur
1615 4202 1673 4263 dis·

10 4299 12 4348 ὲ
54 4293 98 4366 rii;
113 4297 226 4376 quodsi
243 4316 305 4359 uno
319 4317 426 4360 mense
442 4296 575 4374 omittat,
592 4316 653 4358 non
669 4296 826 4360 tenebitur
878 4294 1056 4373 pensationis
1070 4295 1099 4353 in
1113 4293 1179 4374 loro
1192 4293 1373 4354 conscientie
1387 4315 1399 4362 ,·
1414 4291 1447 4354 ici
1455 4292 1530 4354 enim
1540 4292 1630 4354 etiam
1642 4291 1674 4352 in

10 4377 11 4456 ᾗ
53 4380 101 4442 olio
113 4402 324 4464 compensare,
342 4385 416 4465 quia
430 4385 554 4446 videtur
568 4385 692 4446 annecti
706 4383 821 4457 mensi;
879 4381 951 4442 aliis
965 4381 1188 4444 absolutionibus
1202 4381 1316 4444 collatis
1330 4381 1464 4448 incudem
1477 4381 1544 4464 soro
1552 4379 1623 4462 fieri
1630 4380 1675 4440 nil

10 4477 12 4496 ³
52 4468 186 4533 siaulem
208 4472 336 4534 aliunde
360 4473 474 4548 adhuc,
500 4493 530 4534 v.
556 4492 587 4552 g.
617 4493 654 4534 ex
677 4477 750 4534 voto
775 4474 824 4532 vel
879 4471 1106 4531 vrtnttTamb.
1119 4469 1263 4532 Delllatr.
1281 4479 1320 4531 tr.
1337 4473 1367 4547 2,
1384 4489 1410 4532 c.
1428 4467 1673 4550 13,§d,sicha·

10 4561 11 4630 ᾗ
53 4565 187 4638 precepto
211 4565 374 4622 teneretur
402 4561 543 4622 confiteri
568 4561 673 4640 aliquo
696 4579 822 4636 mense,
880 4558 951 4619 bet:
968 4578 1026 4618 reon
1040 4567 1079 4619 est
1092 4557 1267 4640 ceponium,
1284 4559 1312 4619 si
1324 4557 1424 4620 tader
1437 4559 1509 4620 sciat
1532 4555 1676 4638 ejusmodi

10 4653 11 4664 ¹
53 4659 97 4720 per
120 4645 195 4710 banc
224 4648 451 4710 confessionem
479 4647 675 4711 satisfaceret
700 4649 824 4728 utrique
881 4645 1125 4728 dispensationem
1139 4647 1438 4728 suissedatamposse
1456 4643 1602 4708 interdum
1622 4644 1675 4706 illi

52 4731 225 4812 obligationi,
237 4737 312 4816 quia
326 4755 413 4796 mens
428 4735 637 4814 dispensantis
652 4737 825 4815 prudenter
879 4735 1055 4814 acquiescere
1070 4757 1082 4802 ,·
1100 4734 1162 4796 imo
1186 4740 1270 4797 recte
1299 4733 1446 4796 Fillucius
1470 4736 1558 4798 notat
1580 4751 1671 4812 posse

53 4823 230 4897 presumitur
248 4843 328 4900 esse,
345 4827 379 4886 ut
393 4823 545 4886 confessio
565 4842 603 4884 ex
624 4843 823 4903 quacumque
880 4823 1017 4898 evenire,
1043 4827 1078 4884 ut
1099 4823 1313 4885 confessarius
1334 4821 1458 4904 (habita
1478 4820 1613 4896 licentia,
1636 4823 1670 4884 ut

10 4903 12 4926 ¹
53 4909 158 4972 landem
172 4930 265 4974 causa
280 4911 336 4973 liat
350 4913 445 4974 semel
461 4912 491 4972 in
506 4931 624 4986 menso,
638 4913 737 4988 Salas,
751 4915 824 4972 Por·
879 4927 1033 4988 suppono,
1049 4929 1068 4970 a
1083 4909 1271 4989 poenitente)
1287 4909 1381 4972 faciat
1395 4911 1490 4972 sidem
1509 4907 1594 4988 apud
1617 4910 1634 4971 J
1640 4927 1671 4968 u·

10 5015 12 5034 =
53 4995 95 5056 tel.
119 4999 191 5060 Gob.
222 5019 253 5059 n.
283 5003 365 5070 2203
395 4999 494 5061 Krim.
525 5020 555 5058 n.
585 5001 684 5075 aloa,
715 5001 825 5059 contra
879 4997 981 5058 dicem
995 5016 1028 5057 se
1043 4998 1212 5058 absolvisse
1228 5002 1259 5059 et
1273 4997 1479 5075 dispensasse.

53 5081 149 5146 Saucb.
171 5087 373 5161 Bonl’erez,
397 5085 486 5146 Dian.
513 5089 544 5146 ot
565 5085 652 5146 alios
678 5083 825 5146 Peccabit
917 5087 997 5164 §la
1017 5085 1368 5164 Proecipituretiam,nt
1386 5086 1533 5148 laniemur
1551 5085 1669 5166 litterae,
1699 5103 1740 5150 aas

10 5221 12 5226 ,
53 5175 139 5232 aulem
152 5173 242 5234 toties
257 5173 440 5250 mortaliter,
458 5174 579 5252 quoties
595 5173 699 5252 aliquo
715 5191 823 5232 mense
879 5173 910 5232 id
926 5177 982 5249 est,
1000 5178 1034 5234 ut
1049 5175 1245 5252 Rescriptum
1260 5173 1336 5234 illud
1350 5174 1505 5238 laceretur
1519 5174 1567 5234 vel
1588 5193 1673 5237 com·

10 5229 12 5348 i
54 5258 165 5336 omittet,
181 5261 257 5341 quia
270 5267 318 5322 est
338 5261 481 5336 materia,
498 5265 529 5322 et
543 5266 736 5340 preceptum
751 5279 825 5336 gra·
878 5260 1021 5337 buralur,
1038 5262 1088 5321 vel
1109 5261 1153 5322 ite
1176 5265 1407 5339 corrumpatur,
1433 5266 1466 5322 ut
1487 5279 1549 5322 non
1573 5263 1672 5342 possit

10 5349 12 5440 i
54 5357 92 5437 pe,
112 5347 197 5426 qualo
216 5351 265 5410 est
286 5347 490 5410 confessionis
514 5366 626 5408 annua
651 5348 699 5407 rel
722 5347 823 5406 diurni
878 5348 1009 5425 produci
1034 5347 1064 5406 in
1089 5347 1156 5409 loro
1181 5352 1319 5424 externo,
1345 5347 1390 5408 sio
1405 5347 1487 5408 enim
1502 5347 1671 5412 diciturle·

10 5443 12 5506 ς
52 5429 153 5510 jejunii,
169 5436 245 5498 Gob.
263 5455 293 5498 n.
310 5439 379 5514 222,
396 5439 505 5498 contra
525 5434 622 5496 Krim.
644 5457 661 5496 α
686 5455 716 5496 n.
733 5437 822 5511 2408,
879 5435 990 5512 grdiler
1004 5435 1133 5513 destrui,
1151 5437 1234 5498 unde
1249 5435 1382 5498 sufficiet
1400 5435 1564 5498 detrahere
1586 5437 1672 5518 sigil-

10 5513 12 5590 l

10 5639 12 5696 l

10 5701 12 5790 l

10 5921 12 5932 l
