4044 6340
318 543 357 608 18
965 533 1038 597 tlh.
1064 533 1113 597 Vl.
1137 529 1311 596 666661.

316 747 384 792 esse
398 725 559 806 dispositio
574 723 692 802 odiosa,
709 741 771 785 non
785 722 909 786 videtur
923 741 990 785 esse
1005 725 1109 784 exten·
1167 721 1258 799 Spor.
1274 738 1305 780 6.
1322 719 1396 791 189;
1411 714 1465 798 qui
1481 711 1564 776 enim
1578 710 1673 776 talem
1687 705 1897 808 conditionem
1905 722 1950 784 ap

316 815 474 881 deudaad
489 813 655 895 sponsalia,
672 811 727 873 sed
742 811 844 873 dehis
863 811 1032 872 dicendum
1051 809 1112 870 orit
1164 807 1268 888 ponit,
1305 805 1494 868 sufficienter
1525 801 1682 882 significat
1715 817 1748 860 se
1776 814 1898 878 nugari,
1925 797 1952 855 et

316 904 490 972 secundum
512 900 770 983 presumptiones
794 918 833 960 ex
855 897 1108 961 circumstantiis.
1165 895 1247 958 nolle
1263 893 1459 956 contrahere.
1946 971 1951 984 Ι

317 992 502 1074 Oppositum
515 989 719 1070 probabiliter
732 992 839 1050 tenent
861 987 975 1051 Saneh.
992 987 1013 1048 l.
1031 990 1061 1064 5,
1078 986 1108 1047 d.
1204 985 1265 1063 §5-
1283 983 1316 1046 Si
1331 981 1467 1044 conditio
1482 979 1522 1041 sit
1542 976 1659 1058 turpis,
1674 995 1705 1037 6.
1721 995 1752 1056 3.
1773 981 1802 1035 16
1815 971 1916 1034 duram
1928 991 1950 1033 6
1980 981 2000 1028 a

318 1084 367 1156 11,
383 1100 413 1141 6.
438 1082 468 1146 1.
492 1077 642 1139 61116166.
668 1095 738 1138 66.
764 1078 832 1152 818,
858 1078 927 1138 831.
945 1073 1111 1136 Rationem
1164 1060 1948 1153 1616116666,6166666666161666661666,86661.

318 1167 437 1229 16611.
454 1165 532 1239 Ouia
547 1162 707 1243 dispositio
722 1163 775 1224 1116
784 1163 868 1224 61666
877 1162 1111 1224 Matrimonium
1165 1166 1197 1224 et
1210 1160 1262 1223 alii
1276 1159 1402 1240 plurimi
1418 1158 1526 1219 dicunt
1540 1174 1607 1218 esse
1622 1153 1801 1216 habendam
1815 1169 1873 1231 pro
1895 1167 1951 1212 666

317 1273 380 1318 666
395 1260 442 1315 661
455 1253 560 1315 6161616
574 1253 692 1329 611666,
709 1256 741 1314 61
750 1259 895 1313 66666166
904 1250 1112 1330 comprehen-
1165 1249 1299 1330 adjecta,
1316 1247 1458 1327 adeoque
1472 1245 1577 1307 valere
1592 1240 1766 1323 sponsalia:
1779 1238 1836 1301 sed
1849 1241 1948 1337 hrers.

317 1343 392 1403 dero
415 1340 582 1421 sponsalia,
608 1355 677 1418 quae
705 1339 860 1400 inducunt
887 1337 1111 1417 obligationem
1166 1359 1195 1420 q.
1211 1342 1242 1415 1,
1258 1357 1282 1399 6.
1298 1340 1328 1414 6,
1346 1336 1422 1399 Gob.
1440 1335 1588 1412 66,151.
1606 1333 1695 1411 8666.
1707 1327 1900 1409 probabilius
1913 1325 1951 1386 dr-

316 1429 516 1493 Matrimonii.
532 1432 561 1489 1.
579 1427 658 1500 Ouia
672 1427 741 1488 talis
752 1426 890 1490 conditio
901 1425 1112 1488 censeturad·
1166 1430 1241 1488 cunt
1254 1423 1400 1486 standum
1419 1441 1486 1484 esse
1508 1418 1671 1483 intentioni
1695 1414 1949 1478 contrahentium.

313 1518 379 1598 jioi,
396 1535 468 1578 cum
491 1515 670 1592 reflexione,
691 1514 716 1574 si
741 1531 804 1576 non
819 1514 860 1576 sit
873 1513 974 1592 turpis
988 1512 1038 1573 661
1054 1512 1113 1572 im·
1166 1513 1331 1592 sponsalia
1343 1515 1448 1574 166666
1470 1513 1543 1572 6616
1564 1505 1776 1568 conditionem
1799 1501 1951 1581 impletam

315 1603 488 1684 possibilis;
512 1601 632 1682 663661
653 1602 689 1663 sit
708 1602 809 1680 turpis
827 1602 877 1662 vel
896 1599 1109 1680 impossibilis,
1166 1622 1228 1665 non
1251 1601 1401 1681 obligant,
1428 1599 1503 1680 quia
1525 1595 1663 1660 conditio
1686 1594 1759 1674 poni
1775 1610 1839 1652 non
1854 1590 1950 1666 debet,

316 1693 435 1755 censeri
450 1692 544 1754 debet
556 1709 618 1753 non
633 1691 768 1771 adjecta.
795 1693 935 1770 Utraque
957 1688 1112 1751 sententia
1166 1707 1238 1750 cuna
1251 1688 1292 1751 611
1305 1687 1415 1767 166616,
1432 1692 1463 1748 61
1477 1703 1569 1750 nemo
1585 1683 1684 1764 possit
1697 1680 1831 1761 obligari
1840 1679 1879 1741 ad
1887 1697 1952 1758 pec-

315 1784 362 1842 est
375 1780 556 1861 probabilis,
573 1783 605 1841 61
616 1778 939 1840 66616666666166116
950 1777 1110 1839 resolutio·
1165 1776 1302 1840 eundum
1319 1794 1326 1836 :
1342 1775 1394 1837 tali
1412 1780 1516 1837 tamen
1532 1771 1711 1834 conditione
1728 1766 1951 1847 copulaimple

315 1887 355 1930 66
364 1885 493 1930 casuum
501 1867 585 1929 circa
595 1867 672 1930 tales
683 1867 889 1945 conditiones,
902 1865 1112 1928 uticonstabit
1166 1870 1198 1928 16
1212 1865 1270 1928 6611
1291 1863 1438 1943 obligatio
1460 1862 1501 1924 ad
1521 1858 1766 1934 Matrimonium,
1791 1856 1818 1918 si
1842 1855 1951 1954 absque

316 1975 354 2017 ex
363 1956 431 2036 jam
446 1955 597 2018 dicendis.
1165 1957 1294 2033 peccato
1309 1952 1451 2016 contrahi
1466 1949 1575 2030 possit.
1593 1946 1673 2021 Ouid
1687 1944 1861 2006 tenendum
1874 1943 1921 2018 sit,
1930 1961 1951 2002 sr

354 2047 420 2124 53.
437 2043 469 2106 Si
484 2044 620 2105 conditio
640 2043 764 2125 adjecta
786 2043 826 2105 sit
847 2060 1025 2122 repugnans
1047 2042 1110 2104 Ma·
1165 2041 1369 2104 contrahatur
1390 2039 1449 2101 suh
1471 2035 1660 2112 conditione,
1689 2034 1715 2096 si
1740 2033 1840 2093 vicens
1866 2029 1953 2092 61166

314 2131 472 2210 trimouio,
489 2131 648 2211 sponsalia
668 2135 741 2193 sunt
763 2131 912 2208 invalida,
937 2130 1110 2208 61161666-

315 2222 438 2284 mittam
452 2221 510 2281 sub
529 2220 718 2298 conditione,
744 2226 780 2281 ut
803 2239 883 2282 unus
906 2220 955 2282 rel
978 2225 1109 2298 uterque

316 2323 378 2368 non
393 2305 531 2369 habeant
540 2307 592 2389 jus
602 2309 739 2387 petendi,
756 2308 807 2370 661
830 2311 1018 2386 potestatem
1041 2307 1131 2378 661,

316 2393 410 2456 dendi
425 2395 575 2473 debitum,
592 2401 627 2458 ut
640 2396 876 2460 Matrimonium
890 2396 982 2457 duret
1000 2397 1040 2456 61
1055 2397 1111 2457 16-

316 2501 385 2545 cem
400 2487 520 2546 tantum
535 2503 634 2546 annos
649 2489 708 2546 eto.
725 2487 765 2547 Et
778 2485 818 2546 de
834 2484 882 2544 his
897 2484 1010 2545 iterum
1026 2483 1110 2545 diee-

315 2577 367 2634 tur
379 2590 411 2632 6.
430 2573 498 2633 1511.
515 2571 611 2632 Licita
625 2577 731 2633 tamen
750 2571 897 2652 adjicitur
919 2575 1046 2649 pactum
1070 2571 1109 2630 de

316 2678 380 2720 666
393 2659 528 2739 6616616
543 2661 593 2722 661
606 2659 769 2721 66116616
784 2659 901 2738 debito,
918 2658 1003 2739 quod
1012 2659 1110 2738 pluri-

315 2747 375 2809 bus
388 2747 599 2809 declarabitur
613 2766 644 2809 6.
660 2751 730 2810 118.

357 2833 455 2916 Objie.
468 2834 650 2898 Substantia
670 2835 795 2897 Ordinis
818 2835 899 2898 sacri
922 2836 1013 2898 611661
1033 2834 1108 2896 obli-

315 2923 475 3003 gaticnem
498 2922 539 2983 ad
567 2923 803 3002 continentiam,
833 2923 909 2986 item
935 2923 1109 2986 substantia

315 3011 468 3091 religiosae
486 3009 687 3090 professionis
710 3013 801 3074 alleri
823 3011 1067 3074 denudationem
1089 3028 1109 3070 a

316 3097 454 3160 dominio
469 3115 576 3158 rerum
589 3099 822 3178 temporalium,
839 3103 871 3162 61
884 3103 989 3161 tamen
1003 3099 1109 3160 valent

316 3185 400 3248 Ordo
415 3188 446 3247 et
459 3185 621 3264 professio,
637 3187 711 3248 licet
725 3191 904 3266 apponatur
914 3187 1062 3263 conditio,
1075 3190 1109 3247 ut

316 3291 378 3336 666
392 3275 433 3335 611
446 3274 593 3354 obligatio
609 3275 650 3336 ad
664 3275 899 3352 continentiam,
924 3275 975 3338 vel
996 3275 1037 3336 ad
1056 3275 1108 3334 de-

316 3359 519 3423 nudationem
533 3361 631 3441 illam,
657 3363 701 3424 uti
725 3363 860 3426 babetur
882 3366 957 3427 Can.
982 3361 1112 3425 Diaeoai

315 3446 384 3509 dr'st.
400 3451 450 3517 18,
465 3458 494 3510 61
507 3468 533 3512 6.
549 3448 722 3512 1661666616
734 3457 765 3528 1,
784 3450 842 3527 (lai
862 3451 931 3533 ejici
945 3453 992 3513 vel
1006 3471 1110 3512 66666-

314 3544 374 3605 166
388 3555 476 3616 6636.
493 3539 529 3598 a.
554 3536 605 3598 Ad
624 3542 652 3600 1.
677 3541 801 3602 Statum
824 3540 1022 3600 continentiae
1046 3557 1109 3600 nou

315 3642 383 3687 esse
398 3623 437 3686 de
451 3624 627 3688 substantia
641 3626 765 3689 Ordinis
779 3627 871 3705 sacri,
895 3631 930 3688 ut
953 3626 1110 3707 colligitur

315 3731 353 3776 ex
368 3711 508 3774 dicendis
522 3733 540 3773 6
553 3732 584 3776 6.
601 3717 670 3776 513.
682 3712 1106 3795 6111111661661666166616,

315 3800 409 3862 debet
423 3819 491 3862 esse
505 3802 690 3864 6616616666
699 3802 866 3864 abdicandi
873 3802 945 3884 jure
956 3803 1105 3865 dominii:

314 3889 346 3950 iu
360 3907 386 3951 6.
403 3887 568 3967 16616666,
588 3889 648 3951 1611
660 3894 783 3952 tantum
796 3891 940 3952 voluntas
954 3891 1107 3953 retinendi

314 3994 406 4039 usum
431 3976 559 4040 dominii
583 3977 797 4057 dependenter
817 3997 837 4040 a
858 3985 957 4058 nuptu
972 3979 1105 4042 Praelati.

313 4065 385 4128 vid.
401 4066 500 4128 Krim.
516 4085 535 4127 6
549 4085 580 4130 6.
597 4071 667 4131 119.

353 4151 426 4214 1661.
443 4154 576 4216 16166116
591 4173 653 4216 666
673 4153 819 4217 66666611
841 4155 937 4217 fidem
958 4154 1109 4234 conjuga-

313 4242 387 4319 lem,
403 4241 521 4302 vitandi
536 4243 657 4322 prolem
672 4248 731 4306 616.
748 4249 821 4306 6661
835 4248 945 4306 contra
964 4245 1109 4305 substan-

314 4331 390 4393 tiam
404 4329 603 4408 Matrimonii,
620 4351 692 4394 oum
706 4334 768 4394 sint
780 4333 864 4395 bona
876 4333 1108 4395 illiusintrinse-

315 4435 363 4494 oa,
380 4423 552 4479 nectamon
567 4418 639 4481 1166
653 4421 866 4484 invalidantur
882 4421 1051 4500 sponsalia.
1069 4423 1105 4482 a.

315 4509 437 4568 Ocnum
451 4507 525 4566 lldai
540 4510 571 4568 et
584 4508 680 4586 prolis
694 4512 741 4570 est
755 4508 794 4570 de
803 4510 938 4570 essentia
947 4509 1109 4570 Matrimo-

316 4594 359 4654 nii
374 4594 478 4673 quoad
502 4595 724 4675 obligationem
738 4601 871 4674 tanturn,
894 4615 962 4676 quat
978 4597 1109 4675 suscipi-

316 4687 378 4758 tur,
395 4699 456 4742 666
471 4687 576 4744 autem
591 4684 695 4763 quoad
705 4684 932 4762 executionem,
944 4702 1039 4764 quam
1050 4685 1108 4746 sal-

316 4787 356 4831 66
371 4769 476 4830 661666
491 4771 680 4833 Matrimonii
694 4789 822 4852 possum
837 4772 916 4834 velle
936 4771 1105 4852 negligere.

316 4856 396 4918 Vide
411 4857 588 4920 11666166.
605 4861 674 4920 138.

354 4946 415 5024 §h
433 4946 465 5009 Si
481 4945 617 5008 conditio
632 4948 672 5008 sit
686 4947 897 5026 impossibilis,
913 4967 944 5010 6.
961 4967 993 5027 3.
1003 4947 1109 5010 ducam

1164 2130 1275 2211 eonjua
1286 2148 1355 2190 suas
1368 2126 1459 2207 [6661
1472 2135 1613 2194 mortuas,
1630 2123 1693 2186 dixi
1707 2143 1739 2185 6.
1755 2125 1807 2184 55.

1205 2221 1265 2297 56.
1290 2219 1324 2278 ln
1347 2215 1443 2278 dubio
1467 2235 1507 2277 an
1530 2212 1667 2276 conditio
1683 2210 1782 2291 turpis
1806 2209 1849 2273 sit
1865 2209 1950 2286 serio,
1981 2237 2000 2282 6

1165 2323 1206 2367 66
1224 2305 1326 2367 solum
1345 2323 1384 2366 ex
1403 2303 1476 2384 joco
1504 2302 1642 2382 adjecta,
1672 2299 1775 2380 prima
1806 2297 1953 2360 sententia

1165 2413 1196 2455 6.
1213 2397 1251 2457 18
1266 2393 1366 2455 661616
1385 2391 1471 2468 dicit,
1495 2389 1616 2451 censeri
1631 2388 1746 2449 debere
1761 2385 1850 2466 quod
1864 2386 1949 2462 serio,

1165 2481 1239 2560 quia
1260 2479 1469 2542 communiter
1494 2479 1530 2541 nt
1552 2481 1587 2538 61
1607 2476 1688 2538 66616
1711 2475 1890 2555 adjiciatur,
1912 2479 1954 2538 est

1163 2576 1270 2632 autem
1284 2588 1322 2629 ex
1335 2567 1542 2630 communiter
1552 2564 1807 2644 contingentibus
1822 2563 1952 2644 prudeus

1164 2658 1378 2739 praesumptis.
1400 2657 1488 2719 Idem
1515 2659 1629 2736 putant
1659 2653 1732 2718 Gob.
1755 2663 1783 2714 et
1802 2657 1891 2737 Sper.
1918 2651 1953 2714 de

1164 2747 1341 2810 conditione
1355 2743 1551 2824 impossibili,
1568 2743 1624 2805 sed
1639 2741 1823 2822 oppositum
1837 2741 1953 2802 videbar

1163 2833 1367 2915 probabilius,
1384 2831 1459 2911 quia
1472 2829 1669 2894 communius
1684 2829 1774 2891 deest
1784 2845 1952 2891 66666666-

1163 2941 1283 3000 666666,
1299 2922 1388 2983 6116.
1404 2923 1440 2984 81
1466 2919 1587 2980 dictum
1604 2920 1662 2979 661.
1692 2919 1737 2978 116
1760 2913 1952 2979 Matrimouio

1163 3012 1239 3074 illud
1253 3010 1441 3086 6161611166,
1458 3009 1504 3071 uti
1518 3008 1670 3070 11661666
1684 3007 1796 3068 6138.

1202 3101 1263 3179 51.
1281 3098 1313 3160 81
1328 3096 1556 3176 spoponderint
1569 3094 1722 3175 impediti,
1738 3093 1795 3154 sad
1811 3091 1872 3154 sub
1886 3108 1953 3152 con·
1982 3095 2001 3140 o

1163 3190 1291 3265 ditione,
1314 3185 1440 3267 siPapo
1454 3183 1606 3267 dispenset,
1628 3201 1665 3245 ac
1675 3182 1826 3246 sciverint
1843 3185 1954 3260 Papam

1163 3295 1226 3339 666
1250 3276 1349 3338 solere
1373 3274 1482 3336 161611
1506 3271 1732 3352 impedimento
1761 3270 1951 3349 dispensare,

1163 3364 1329 3428 6611661611
1351 3361 1551 3442 impossibilis
1570 3361 1721 3438 conditio,
1738 3377 1796 3421 nec
1811 3356 1954 3420 valebunt

1163 3452 1329 3532 sponsalia.
1347 3451 1379 3513 Si
1394 3451 1575 3530 dispensare
1591 3448 1690 3510 soleat
1703 3447 1735 3509 in
1750 3448 1806 3510 tali
1828 3444 1954 3525 impedi·

1162 3545 1279 3618 mento,
1296 3539 1417 3600 sedhic
1432 3537 1551 3600 nonsit
1571 3554 1668 3598 causa
1687 3535 1775 3616 justa
1797 3534 1954 3613 dispensa-

1162 3628 1266 3705 tionis,
1284 3628 1376 3690 etiam
1392 3627 1455 3706 peti
1470 3645 1533 3689 non
1548 3625 1652 3702 debet,
1679 3623 1735 3686 sed
1758 3619 1954 3686 dissolvenda

1163 3721 1236 3779 sunt
1248 3715 1417 3795 sponsalia,
1434 3733 1472 3776 66
1487 3719 1612 3794 6616166
1626 3712 1746 3794 aliquid
1761 3711 1849 3792 quod
1872 3707 1953 3774 illici-

1162 3810 1229 3868 tum
1245 3808 1291 3865 est
1306 3802 1368 3881 peti
1383 3806 1415 3865 et
1428 3802 1569 3864 concedi.
1588 3801 1620 3864 si
1635 3805 1667 3862 et
1680 3799 1972 3879 Papadispcnsare.

1164 3893 1272 3968 soleat,
1290 3896 1321 3952 61
1343 3891 1435 3952 simul
1458 3890 1540 3952 adsit
1559 3888 1647 3970 justo
1666 3906 1772 3964 causa,
1794 3889 1874 3950 1166.
1891 3887 1951 3949 Sot.

1163 3984 1258 4043 Henr.
1275 3981 1346 4041 Β66.
1363 3979 1447 4041 11166.
1464 3981 1574 4042 Avers.
1589 3999 1618 4060 q.
1639 3981 1669 4056 8,
1684 3997 1708 4038 6.
1725 3979 1756 4055 5,
1773 3975 1814 4037 16
1828 3978 1912 4038 Luca
1924 3971 1955 4034 de

1163 4066 1590 4144 11616166.1.1,6.1,Ι)166.
1603 4085 1638 4148 p.
1659 4067 1689 4143 3,
1713 4073 1752 4126 tr.
1773 4068 1805 4141 1,
1828 4065 1869 4126 lt.
1889 4063 1951 4136 290,

1163 4156 1271 4218 116661
1284 4155 1442 4234 sponsalia
1456 4153 1561 4216 adhuc
1575 4173 1642 4215 esse
1658 4152 1808 4230 invalida,
1825 4151 1953 4230 ideoque

1163 4251 1330 4325 utrumque
1345 4262 1436 4322 posse
1451 4243 1582 4320 resilire,
1599 4247 1682 4320 ante,
1699 4242 1762 4304 imo
1777 4247 1810 4304 et
1824 4241 1896 4320 6661
1905 4237 1953 4299 ob
1968 4258 1974 4274 ·

1162 4337 1280 4396 lentam
1308 4331 1592 4411 dispensationem,
1622 4349 1680 4410 pro
1709 4349 1771 4411 qua
1803 4327 1954 4391 sententia

1164 4419 1240 4480 Gob.
1257 4439 1288 4481 6.
1307 4422 1344 4480 16
1368 4421 1458 4481 aliert
1471 4420 1576 4499 plures
1596 4418 1770 4480 decisiones
1784 4419 1885 4480 acte.
1901 4417 1953 4476 aa·

1162 4507 1280 4570 Monam
1294 4508 1391 4569 dant:
1409 4511 1438 4569 1.
1456 4507 1535 4581 Quia
1555 4507 1692 4569 conditio
1708 4505 1851 4585 pendens
1872 4520 1954 4567 aro-

1162 4596 1280 4658 1661616
1314 4593 1465 4673 Ρ61661616
1497 4598 1643 4657 66666166
1674 4593 1890 4672 impossibilis.
1924 4591 1951 4649 1.

1164 4684 1243 4756 Quia
1264 4683 1327 4744 tale
1353 4681 1573 4744 contrahentes
1593 4681 1867 4760 impedimentum,
1889 4681 1954 4741 sunt

1163 4778 1235 4832 ante
1250 4770 1683 4849 dispensationeminbabiles
1705 4769 1747 4831 ad
1771 4768 1954 4830 contrahen-

1164 4859 1253 4934 dun13
1271 4877 1345 4938 orgo
1361 4863 1433 4920 ante
1449 4858 1714 4938 dispensationem
1729 4857 1867 4919 invalide
1888 4871 1952 4917 con·

1162 4947 1307 5021 trahunt;
1325 4966 1400 5026 ergo
1415 4947 1473 5008 nisi
1493 4951 1629 5027 ponatur
1651 4964 1752 5008 novus
1774 4961 1950 5016 consensus,

317 5045 354 5112 te,
370 5035 397 5094 si
410 5053 475 5096 cras
487 5033 583 5114 saeris
597 5055 655 5096 666
669 5035 766 5098 cubito
780 5037 879 5119 major
891 5036 1107 5118 quarnjomsis,
1164 5036 1321 5114 sponsalia
1335 5035 1507 5097 manebunt
1521 5034 1670 5096 invalida.
1686 5037 1715 5097 3.
1742 5034 1774 5098 Si
1798 5033 1869 5115 quis
1888 5033 1952 5112 post

317 5122 491 5183 communis
512 5122 667 5183 sententia
690 5127 737 5184 cst
758 5141 830 5184 eum
858 5121 968 5186 86661.
992 5121 1107 5185 1116661.
1164 5126 1271 5185 votum
1286 5141 1446 5185 sacrorum
1461 5122 1612 5185 Ordinum
1626 5121 1720 5185 iniret
1733 5121 1891 5201 sponsalia
1899 5116 1952 5179 sub

317 5207 423 5270 116661.
447 5214 478 5271 61
500 5209 579 5288 61116,
605 5210 689 5291 quod
711 5209 869 5290 sponsalia
882 5211 1018 5288 valeant,
1036 5211 1111 5290 quia
1165 5209 1352 5287 conditione,
1385 5209 1413 5269 si
1442 5207 1529 5290 Papa
1557 5208 1712 5290 dispenset,
1741 5225 1836 5270 nemo
1865 5207 1950 5284 coget

318 5295 454 5359 conditio
482 5298 603 5360 censeri
630 5298 724 5360 debet
751 5317 807 5378 pro
832 5297 940 5380 jocose
968 5298 1108 5378 adjecta,
1166 5315 1238 5358 eum
1253 5299 1293 5359 ad
1305 5298 1569 5376 dispensationem
1580 5296 1822 5379 procurandam,
1835 5294 1951 5358 elidem

318 5383 460 5465 adeoque
475 5385 609 5449 babetur
622 5406 679 5467 pro
694 5405 757 5450 666
771 5386 913 5468 adjecta;
930 5387 985 5448 sed
996 5385 1112 5466 proba·
1167 5389 1214 5447 est
1227 5385 1258 5448 io
1272 5384 1424 5447 similibus
1434 5385 1679 5465 impedimentis,
1692 5401 1767 5463 ergo
1777 5384 1901 5464 siguum
1910 5379 1951 5440 et

319 5471 411 5535 bilius
425 5475 643 5539 contradicunt
656 5475 709 5538 alii
728 5493 800 5538 cum
825 5475 902 5539 Gob.
928 5494 959 5537 6.
985 5478 1055 5553 lta,
1082 5477 1114 5537 et
1167 5473 1325 5554 sponsalia
1337 5474 1379 5537 ab
1392 5473 1479 5538 initio
1494 5491 1556 5538 non
1580 5493 1647 5538 esse
1667 5473 1782 5536 valida.
1808 5471 1947 5535 aeonae
