3976 6348
334 549 390 609 rae
983 517 1055 613 un.
1080 549 1130 613 vr.
1156 551 1257 612 enus
1279 547 1330 611 ur.

332 741 391 802 mis
412 739 592 820 Hominum²
613 762 650 804 ac
673 743 842 807 sententiis
863 747 894 805 in
917 747 1042 806 diversa
1065 747 1129 806 dis.
1183 737 1235 796 nia
1249 737 1289 797 ab
1304 736 1464 798 Haereticis
1478 735 1602 800 interse
1619 737 1649 800 in
1664 741 1741 802 locis
1755 741 1962 807 foederatarum

330 828 436 890 tractis
454 849 460 890 :
477 829 512 890 Id
526 831 610 908 qnod
634 833 709 893 satis
734 835 864 894 uberem
888 835 1067 911 anxietatis
1090 853 1127 894 ac
1183 824 1329 885 ordinum
1343 824 1482 887 dumiuiu
1493 826 1640 906 subjectis
1651 830 1820 908 celebrata,
1836 852 1896 895 non
1908 853 1963 895 ser·

330 917 540 995 periculorum
555 925 727 982 sementem
742 941 799 1000 per
813 923 928 984 multos
940 942 1039 983 annas
1054 923 1126 984 sub·
1181 917 1255 972 vitiu
1269 912 1368 974 suffla
1384 932 1441 991 Per
1455 915 1673 976 Tridentium
1697 921 1886 999 PfaeSOPiPifls
1902 922 1962 982 litei

330 1005 527 1074 ministravit,
544 1025 641 1086 quum
663 1009 838 1087 praesertim
855 1010 1012 1090 Episcopi,
1030 1013 1127 1070 Para·
1183 1000 1337 1062 Sanctitas
1348 1002 1484 1062 Suanon
1496 1002 1628 1080 ignoret,
1641 1004 1718 1066 elias
1730 1006 1760 1065 in
1772 1009 1892 1069 casibus
1905 1009 1962 1089 qui-

330 1092 392 1169 chi,
409 1098 502 1173 atque
518 1095 642 1154 illarum
660 1097 834 1175 Regianum
848 1097 1033 1158 hiissianarii
1049 1097 1127 1156 nihil
1180 1087 1314 1148 busdam
1329 1087 1582 1167 particularibus,
1605 1095 1637 1152 ut
1657 1095 1783 1156 uitantis
1799 1099 1869 1157 tunc
1883 1115 1961 1175 erpa

330 1182 406 1244 corti
422 1183 480 1241 hac
495 1201 589 1260 super
604 1202 638 1242 re
653 1183 817 1260 haherent,
836 1187 911 1246 nihil
926 1205 1002 1246 vera
1017 1187 1127 1245 inean—
1180 1175 1247 1236 sitis
1270 1177 1521 1254 circumstantiis,
1547 1180 1676 1240 Sauram
1696 1182 1960 1262 Congregationem

330 1272 411 1331 suita
426 1271 633 1332 SanctaSede
648 1272 803 1335 auderent
817 1277 965 1348 statuere,
979 1272 1126 1332 aedecio·
1180 1263 1308 1329 Concilii
1333 1282 1390 1342 pro
1415 1283 1525 1325 eurum
1548 1267 1743 1330 invaliditute
1768 1272 1959 1349 respondisse,

329 1378 410 1420 rare.
437 1359 513 1418 Cum
535 1363 641 1420 autem
662 1362 804 1440 proxime
828 1362 959 1423 evolutis
982 1361 1071 1421 annis
1094 1361 1124 1420 in
1180 1369 1268 1430 suque
1293 1355 1398 1411 tumuu
1421 1357 1617 1430 uuuiuuutuul
1639 1353 1760 1416 hahens
1784 1358 1858 1418 nihii
1872 1358 1960 1418 adhuc

328 1450 393 1506 pam
407 1445 545 1523 ancipiti,
558 1447 710 1526 gravique
722 1468 817 1510 caus„
832 1449 1019 1528 Aposmficae
1034 1448 1124 1510 Sedis
1179 1437 1364 1516 generatim,
1389 1441 1420 1498 et
1434 1438 1578 1499 universe
1594 1458 1690 1518 super
1703 1442 1856 1520 ejusmodi
1871 1445 1961 1506 illatri-

323 1531 478 1612 judioium
496 1533 711 1595 vehementius
727 1543 958 1614 ggpogggpgtup’
977 1539 1122 1614 urgeret·
1179 1526 1292 1586 moniis
1308 1525 1403 1585 fuisse
1418 1526 1458 1586 ab
1469 1529 1650 1606 Apostoliaa
1660 1529 1743 1590 Sede
1758 1530 1923 1608 definitum,
1937 1537 1961 1592 et

329 1639 389 1698 que
405 1619 434 1678 id
451 1619 603 1696 imprimis
618 1620 874 1700 vigilantissimus
886 1624 1022 1702 iprensis
1037 1623 1124 1700 Epis·
1178 1612 1317 1692 alioquin
1347 1617 1491 1691 ⁰P⁰si0s⁰
1521 1616 1647 1675 Omssiffl
1681 1617 1721 1677 ad
1751 1621 1962 1680 ⁰0⁰S¹¹i⁰¹¹d¹¹¹¹1

329 1726 435 1785 copus,
454 1707 528 1766 dum
545 1725 601 1786 pro
617 1709 722 1770 (leliito
739 1711 837 1772 Officii
853 1713 912 1788 sui,
930 1717 961 1772 ei
976 1729 1032 1772 gua
1048 1729 1124 1788 eiga
1178 1701 1332 1762 universis
1357 1702 1515 1763 Fidelihus
1539 1707 1571 1763 in
1590 1705 1628 1765 iis
1642 1705 1719 1766 lacis
1734 1707 1923 1786 degentibus,
1936 1714 1961 1768 et

291 1869 294 1876 ι
328 1796 414 1856 Beati
432 1795 512 1855 Petri
529 1796 718 1856 Cathedram
733 1799 933 1860 observantia
955 1799 992 1860 dc
1017 1799 1124 1859 Eccless
1178 1788 1269 1865 Piusa
1284 1789 1454 1850 uverissssdfl
1469 1791 1655 1868 Csfll'iSSimfl
1673 1793 1960 1875 issss⁰¹11ffl⁰daaii¹¹iti

329 1881 383 1942 sie
398 1881 455 1942 sibi
472 1881 658 1942 concreditae
674 1887 755 1944 statu
773 1885 812 1944 ad
828 1888 1002 1946 Romanum
1020 1883 1124 1944 Ponti·
1177 1877 1368 1954 generaliter
1391 1878 1429 1938 de
1455 1878 1539 1939 hisce
1557 1881 1765 1943 Matrimoniis
1780 1885 1960 1945 sentiendum

331 1970 423 2029 ficem
444 1968 611 2044 referebat,
637 1971 880 2051 ponendumque
905 1974 1031 2034 omnino
1056 1991 1122 2031 esse
1177 1964 1227 2040 sii,
1245 1964 1417 2042 declarare,
1445 1967 1570 2045 negatio
1586 1972 1708 2030 matura
1726 1989 1890 2050 perpenso,
1906 1991 1960 2034 om-

288 2057 290 2062 ’
330 2061 395 2117 tam
423 2057 551 2134 prolixae
587 2057 771 2118 dubitationi
807 2061 902 2120 sinim
930 2061 1123 2140 gravissimis
1177 2051 1332 2130 nihnsque
1347 2054 1681 2116 rationummomentis
1698 2057 1853 2119 hincinde
1868 2061 1959 2120 sedula

329 2145 444 2221 verbis,
474 2163 510 2204 aa
539 2143 711 2205 rationibus
739 2147 954 2225 persuaderet,
980 2150 1122 2210 Clemens
1177 2139 1309 2216 libratiS,
1336 2139 1517 2218 decimavit,
1541 2143 1710 2223 statuitque
1731 2147 1958 2208 Matrimonium

330 2235 406 2310 Xll,
428 2233 459 2293 id
475 2233 624 2309 temporis
640 2233 798 2293 hamanus
823 2237 974 2311 Pontifex,
1000 2236 1054 2314 qui
1076 2234 1121 2294 rei
1178 2227 1268 2287 dictis
1287 2229 1448 2289 laederetis
1472 2231 1569 2309 Belgii
1590 2233 1763 2294 Provinciis
1780 2235 1861 2296 inter
1873 2238 1959 2296 Hare-

329 2319 528 2397 gravitatem,
547 2319 653 2398 quanti
676 2321 850 2397 oportebat,
868 2323 1048 2399 aestimaret,
1066 2324 1123 2383 Sa·
1176 2315 1255 2376 ticos
1269 2335 1368 2396 usqua
1384 2318 1478 2377 mado
1489 2323 1661 2396 contracta,
1678 2340 1815 2402 quaeque
1830 2324 1959 2402 imposte

329 2426 390 2466 crae
419 2407 674 2484 Congregatianis
702 2407 944 2472 Eminentissinr.
976 2410 1122 2472 Cardine·
1176 2422 1247 2463 rum
1262 2406 1496 2482 contrahentur,
1510 2407 1630 2468 etiamsi
1646 2409 1779 2471 formae
1794 2411 1957 2472 Tridentino

328 2493 404 2553 lium
421 2493 546 2554 Concilii
562 2493 740 2554 Tridentini·
755 2497 964 2575 interpretum
982 2499 1013 2558 in
1032 2517 1122 2558 man·
1177 2493 1360 2570 praescripta
1383 2513 1445 2554 nan
1470 2495 1564 2555 fuerit
1587 2495 1617 2554 in
1642 2496 1679 2556 iis
1702 2499 1897 2559 celebrandis
1909 2517 1958 2558 ser·

329 2581 410 2640 datis
425 2581 521 2658 dedit,
539 2583 573 2640 ut
588 2581 626 2640 de
648 2585 713 2642 tota
728 2585 940 2646 controversia
956 2586 1122 2664 diligenter
1175 2586 1260 2656 vata,
1273 2581 1444 2642 dummodo
1456 2583 1541 2642 aliud
1551 2601 1611 2644 non
1624 2584 1957 2648 obstiteritcanonicurn

328 2687 415 2728 mare
431 2687 486 2729 sua
502 2675 714 2747 cognosceret.
732 2672 766 2730 ln
786 2691 819 2730 re
841 2673 946 2752 itaque
961 2675 1038 2734 tanti
1054 2693 1122 2734 mo-
1176 2666 1453 2746 impedimentum,
1484 2687 1540 2748 pru
1570 2671 1681 2731 ualidis
1710 2671 1858 2734 hubuudu
1884 2691 1955 2742 essu}

327 2757 423 2818 menti
439 2756 547 2816 volens
563 2757 673 2815 eadem
689 2758 786 2818 Sacra
801 2761 1009 2838 Congregatio
1025 2779 1121 2840 quam
1176 2755 1326 2834 Adeoque
1342 2757 1366 2816 si
1379 2758 1549 2836 contingat,
1566 2763 1735 2838 utrumque
1747 2762 1914 2843 Conjugem
1926 2760 1955 2820 ad

328 2844 560 2907 accuratissime
571 2845 741 2922 procedere
752 2848 926 2908 commissae
942 2849 999 2909 sibi
1016 2850 1122 2928 cogni·
1176 2843 1342 2904 Cuthuliuae
1358 2845 1504 2906 Ecclesiae
1520 2845 1622 2907 sinum
1638 2849 1834 2928 serecipere,
1852 2850 1954 2925 eadem,

327 2933 420 2995 tionis
443 2931 566 2991 initium
590 2929 629 2991 ab
654 2933 815 3011 exquisitis
839 2936 971 2996 aliorum
996 2955 1120 3016 quaque
1176 2947 1237 3008 quu
1252 2934 1356 3007 autea,
1373 2932 1529 3012 conjugali
1544 2934 1668 2995 vinculo
1684 2935 1770 3014 ipsos
1786 2939 1907 2998 omnino
1920 2941 1956 2997 te-

327 3021 425 3101 Belgii
444 3019 670 3098 Episcoparum
692 3022 907 3100 relationihuS,
929 3030 1023 3104 atque
1043 3027 1122 3086 Sen-
1175 3017 1253 3094 uuui,
1279 3018 1399 3078 etiamsi
1423 3027 1550 3081 mutuus
1570 3039 1742 3085 consensus
1757 3043 1865 3087 coram
1880 3029 1955 3087 Para

326 3109 442 3184 tentiis,
460 3126 537 3187 quas
552 3107 686 3185 desuper
700 3109 855 3187 explorari
870 3111 994 3190 sategit,
1011 3117 1120 3190 peten-
1176 3103 1235 3164 cho
1250 3106 1410 3167 Catholico
1434 3107 1473 3168 ah
1496 3109 1539 3168 eis
1564 3127 1626 3170 nan
1644 3117 1834 3187 renovetur3
1852 3113 1901 3175 Sin
1914 3131 1955 3172 au-

327 3197 403 3259 dam
422 3197 520 3271 duxit,
538 3196 711 3274 eodemque
735 3203 876 3275 tempore
900 3199 1008 3260 audire
1024 3198 1121 3259 voluit
1175 3197 1239 3252 tem
1254 3212 1334 3253 unus
1344 3198 1466 3255 tantum
1476 3214 1514 3256 ex
1524 3197 1719 3276 Canjugibus
1729 3201 1796 3262 sive
1806 3201 1952 3276 Masculus,

327 3287 513 3365 praestantes
528 3283 647 3362 aliquot
661 3282 754 3363 hujus
769 3286 867 3346 Almae
882 3287 975 3349 Urbis
989 3287 1120 3347 Theolo-
1175 3279 1239 3341 sive
1268 3282 1397 3343 furmina
1434 3289 1654 3362 convertatur,
1694 3292 1842 3351 neutrum
1869 3307 1952 3368 posse.

326 3393 394 3452 goe,
417 3371 530 3452 quibus
552 3369 697 3450 injunxit,
715 3376 749 3431 ut
768 3391 838 3432 rem
861 3377 959 3434 totam
983 3393 1031 3450 ea,
1058 3389 1121 3452 qua
1174 3369 1314 3448 quandiu
1329 3372 1407 3433 alter
1421 3379 1578 3452 superstes
1594 3375 1665 3452 erit,
1686 3377 1728 3436 ad
1751 3378 1830 3439 alias
1850 3377 1954 3458 nuptias

327 3459 427 3535 decet,
453 3457 632 3519 maturitate
654 3457 855 3536 discuterent,
880 3480 1031 3542 suamquc
1053 3459 1120 3538 opi·
1172 3456 1318 3517 transire.

326 3547 453 3608 nianem
467 3547 652 3625 proterrent.
670 3549 720 3623 at,
733 3547 886 3610 dumhaec
897 3551 1031 3610 maxime
1047 3567 1119 3628 age·
1213 3569 1227 3604 r
1254 3547 1342 3618 Quod
1367 3565 1441 3608 vcra
1465 3552 1585 3626 spectat
1602 3550 1642 3611 ad
1657 3568 1696 3611 ea
1719 3552 1882 3633 Canjugia,
1897 3569 1952 3633 qua

326 3637 444 3710 rentur,
470 3633 739 3712 supersedendum
767 3653 823 3713 per
851 3637 970 3716 aliquot
996 3637 1118 3697 Menses
1172 3634 1290 3712 pariter
1312 3635 1343 3694 in
1367 3635 1478 3696 iisdem
1496 3637 1657 3699 hederatis
1671 3639 1771 3718 Belgii
1788 3641 1950 3716 Provinciis,

326 3723 383 3784 fuit
397 3723 437 3783 ab
451 3721 624 3782 istiusmodi
647 3723 755 3782 Caussa
777 3723 975 3802 expeditione
990 3732 1119 3802 propter
1173 3723 1290 3802 absque
1305 3723 1406 3784 torma
1421 3742 1440 3784 a
1453 3725 1635 3786 'tridentina
1646 3730 1764 3788 statuta
1779 3729 1952 3791 contrahun-

325 3811 519 3886 viduitatem,
538 3827 606 3888 quae
621 3808 779 3871 intercidit
793 3814 941 3874 Romanae
957 3812 1115 3889 Ecclesia,
1172 3816 1223 3872 tur
1246 3830 1265 3871 a
1288 3811 1454 3873 Catholicis
1468 3831 1541 3873 cum
1562 3814 1735 3891 HaeretiaiS,
1752 3816 1821 3876 sive
1836 3815 1949 3878 Catholi-

325 3900 425 3962 donec
462 3899 503 3960 ad
539 3901 703 3960 Summum
740 3901 958 3963 Pontificatum
987 3902 1119 3963 feliciter
1172 3898 1291 3960 cust'ir
1307 3899 1491 3961 llaereticam
1506 3900 1668 3961 Feminam
1688 3901 1720 3961 in
1735 3903 1951 3965 Matrimonium

325 3994 451 4052 evectus
480 3988 700 4072 sanctissimus
728 3992 765 4050 D.
803 3992 839 4050 N.
871 3991 1115 4052 BENEDICTUS
1171 3985 1276 4062 ducat,
1302 3985 1366 4047 sive
1391 3988 1550 4049 Catholica
1567 3988 1697 4050 Femina
1717 3993 1870 4054 haeretico
1892 3991 1950 4052 Viro

209 4073 216 4086 ⁴
325 4081 405 4156 XIV,
422 4079 504 4138 inter
522 4077 639 4157 primas
654 4079 825 4158 Regiminis
840 4097 903 4140 suae
918 4098 1020 4155 curas,
1037 4081 1117 4140 Cau·
1170 4075 1279 4153 nubat,
1295 4075 1404 4136 dolens
1418 4077 1571 4155 imprimis
1586 4097 1681 4157 quam
1696 4080 1835 4142 maxime
1850 4077 1950 4143 Sancti-

325 4188 367 4230 sae
380 4167 474 4249 hujus
488 4167 698 4247 cognitionem
713 4169 810 4247 repeti
823 4168 917 4248 jussit
930 4187 948 4228 a
962 4185 1116 4228 memora·
1170 4167 1218 4223 tas
1233 4163 1308 4239 Sua,
1334 4180 1388 4223 eos
1407 4181 1474 4223 esse
1489 4164 1571 4226 inter
1585 4165 1774 4244 Catholicae,
1794 4169 1846 4248 qui
1860 4169 1949 4228 insana

324 4261 357 4318 ta
371 4258 467 4318 Sacra
482 4255 730 4334 congregatione
752 4255 891 4333 Concilii,
910 4275 1004 4336 quam
1018 4256 1116 4316 voluit
1170 4269 1276 4311 amore
1290 4252 1424 4329 turpiter
1438 4251 1608 4315 dementati
1624 4253 1664 4314 ab
1680 4253 1765 4316 hisce
1780 4254 1948 4318 detestabili-

324 4363 431 4406 caram
451 4363 484 4404 se
507 4344 625 4420 haberi,
643 4348 687 4420 ut,
712 4344 826 4406 auditis
848 4343 1116 4406 Eminentissima-
1169 4337 1228 4398 bus
1243 4339 1425 4417 connubiis,
1449 4357 1519 4419 qua
1535 4341 1567 4402 S.
1585 4342 1685 4402 Mater
1701 4345 1844 4406 Ecclesia
1857 4359 1949 4424 perpe·

323 4451 393 4494 rum
418 4434 545 4494 Petrum
573 4432 750 4509 Sententiis,
781 4434 847 4511 ipse
871 4434 1009 4509 demum,
1040 4433 1115 4512 quid
1169 4432 1222 4489 tua
1238 4427 1409 4504 danmavit,
1433 4431 1528 4508 atque
1544 4429 1714 4506 interdixit,
1732 4449 1772 4492 ex
1786 4433 1886 4493 anima
1899 4448 1946 4491 non

326 4521 386 4581 hac
400 4540 433 4580 re
448 4521 617 4582 tenendum
633 4521 723 4597 iuret,
740 4539 887 4599 supremo
903 4539 959 4582 suo
975 4539 1115 4599 pronun·
1169 4515 1351 4592 abhorrent,
1375 4521 1407 4577 et
1429 4534 1557 4595 prorsus
1580 4517 1638 4578 sihi
1663 4518 1883 4580 abstinendum
1898 4537 1947 4579 non

323 4609 418 4671 tieret
437 4610 574 4670 oraculo.
598 4610 675 4670 Cum
697 4608 793 4688 igitur
815 4608 1022 4688 Congregutia
1037 4627 1114 4687 prae·
1169 4607 1298 4682 ducunt,
1311 4605 1506 4684 laudansque
1517 4624 1709 4686 magnopere
1725 4609 1829 4669 zelum
1843 4610 1946 4670 iliorum

322 4697 385 4758 fata
413 4698 471 4758 sub
492 4696 591 4758 diem·
605 4699 641 4758 t3
656 4697 729 4758 Maii
752 4699 906 4759 currentis
928 4697 1000 4758 anni
1024 4700 1112 4774 laur,
1169 4693 1362 4769 antistitum,
1388 4693 1440 4772 qui
1465 4693 1674 4755 severioribus
1693 4697 1861 4775 propositis
1875 4693 1946 4774 spiri·¹

322 4803 428 4846 caram
457 4785 627 4848 Sanctitate
657 4787 721 4847 Sua
748 4784 842 4848 luerit
870 4786 998 4861 hahita,
1029 4785 1114 4845 idem
1168 4781 1304 4843 tualibus
1327 4779 1427 4858 poenis
1450 4781 1628 4842 Catholicae
1656 4800 1804 4845 coercere
1828 4784 1943 4852 student,

322 4872 542 4933 Senot-issimus
556 4873 592 4932 D.
610 4875 635 4932 N
640 4917 660 4948 .,
673 4872 773 4950 spatio
789 4872 893 4952 aliquo
908 4871 1058 4951 temporis
1074 4873 1114 4934 ad
1169 4889 1207 4928 nc
1224 4869 1381 4946 Sacrilego
1402 4867 1461 4928 hac
1475 4869 1601 4930 vinculo
1624 4887 1692 4930 sese
1716 4872 1874 4934 Haereticis
1886 4887 1943 4932 con·

321 4979 388 5019 rem
399 4979 506 5021 secum
516 4960 754 5039 expendendam
768 4967 908 5039 acceptu,
921 4961 1003 5020 hanc
1014 4979 1114 5038 nuper
1164 4955 1310 5035 jnngant,
1327 4954 1498 5032 Episcopus
1513 4974 1632 5033 omnes,
1650 4957 1795 5020 Vicarias
1809 4955 1942 5039 Apostoli-

322 5047 581 5126 declarationem‚
594 5052 625 5109 et
642 5049 878 5110 instructionem
896 5047 1018 5110 exarari
1035 5065 1113 5126 prae-
1167 5063 1231 5120 cos,
1248 5043 1417 5120 Parachos,
1429 5044 1651 5122 hlissianarios,
1665 5051 1696 5107 et
1710 5047 1790 5109 alias
1801 5060 1941 5128 quoscum·

321 5137 414 5215 repit,
427 5155 499 5216 qua,
513 5137 608 5198 veluti
623 5141 708 5199 certa
723 5137 841 5215 regula,
855 5155 891 5198 ac
907 5155 1027 5212 norma,
1045 5154 1113 5196 om·
1167 5151 1227 5212 que
1249 5131 1303 5193 Dei
1328 5137 1359 5192 et
1381 5132 1528 5194 Ecclesia
1551 5133 1660 5196 tideles
1683 5135 1852 5212 MinistroS,
1875 5135 1901 5193 in
1913 5131 1940 5190 iis

321 5243 376 5285 nes
395 5225 492 5304 Belgii
515 5225 685 5303 Antistites,
702 5225 846 5303 Parachi,
864 5243 1036 5304 earumque
1052 5225 1112 5284 Re·
1166 5221 1310 5282 Partibus
1325 5220 1486 5300 degenteS,
1507 5223 1587 5282 serio
1603 5223 1807 5304 graviterque
1820 5224 1940 5284 hortatur

320 5312 449 5391 gianum
483 5312 693 5391 Missianarii,
728 5317 759 5375 et
791 5311 906 5374 Vicarii
940 5310 1109 5390 Apostolici
1166 5312 1196 5371 et
1216 5312 1334 5384 manet,
1358 5313 1393 5368 ut
1416 5307 1592 5369 Catholicae
1619 5309 1785 5390 utriusque
1808 5327 1890 5372 sexus
1908 5304 1938 5365 ab

320 5397 467 5476 deinceps
482 5399 513 5459 in
526 5399 706 5480 hujusmodi
721 5399 853 5479 negotiis
869 5398 912 5460 uti
928 5397 1074 5458 debeant.
1164 5395 1345 5475 hujusmodi
1368 5393 1485 5473 nuptiis
1507 5394 1537 5454 in
1561 5395 1764 5475 propriarum
1779 5399 1937 5460 Animarum

359 5509 373 5546 n
400 5488 503 5549 Primo
518 5488 645 5566 scilicet,
672 5488 756 5569 quod
770 5487 880 5551 attinet
894 5486 934 5548 ad
950 5486 1110 5551 llatrima-
1163 5485 1334 5564 perniciem
1349 5483 1505 5560 ineundis,
1523 5487 1677 5563 quantum
1695 5487 1826 5566 possint,
1840 5483 1937 5546 abster-
