4176 6350
331 563 370 628 'll
656 561 681 626 E

616 749 843 802 ELEEMOSYNA.

361 845 446 897 Datur
459 849 622 912 preceptum
641 847 829 911 eleemosynas,
848 845 865 896 1.
880 843 906 907 2,
921 855 947 894 n.
963 841 1017 892 201.
1037 843 1123 892 Nemo

333 917 442 967 tenetur
454 915 519 967 dare
534 917 733 980 eleemosynam
751 929 785 966 ex
802 915 881 966 bonis
905 913 957 963 sibi
980 911 1014 962 ad
1039 913 1124 962 vitam

335 987 503 1048 necessariis,
528 988 581 1036 nist
605 1000 686 1052 egens
706 990 776 1036 esset
797 997 909 1050 persona
931 983 992 1034 talis
1015 995 1049 1032 ex
1071 997 1123 1048 qua

331 1057 460 1120 penderet
474 1059 546 1109 salus
559 1058 633 1123 Reip.
651 1071 727 1108 num.
744 1060 796 1108 000.
813 1057 850 1108 Ex
872 1055 1015 1120 supertluis
1039 1055 1123 1104 010100

330 1127 505 1192 estobligatio
519 1129 602 1178 dsndi
617 1129 826 1192 eleemosynam,
838 1140 864 1176 n.
878 1127 932 1186 101,
941 1125 1123 1176 2000000ιί000

330 1198 358 1246 10
398 1202 517 1250 extrema
551 1201 710 1250 necessitate
742 1199 889 1249 constituto
920 1200 960 1246 est
992 1196 1123 1260 obligatio

329 1269 503 1320 succurrendi
518 1270 665 1331 ordinarie,
687 1269 769 1321 etiam
784 1281 817 1318 ex
833 1267 912 1318 bonis
935 1267 1027 1330 aliquo
1043 1266 1123 1316 modo

328 1339 362 1388 ad
378 1342 477 1390 statum
498 1342 667 1400 necessariis,
683 1355 709 1391 n.
735 1342 790 1402 100,
804 1342 859 1390 201.
884 1339 942 1389 Non
967 1341 1059 1388 tamen
1083 1337 1124 1386 cst

329 1411 386 1460 haec
401 1410 530 1474 obligatio
545 1413 566 1461 si
589 1425 636 1476 per
649 1413 701 1462 hoc
717 1412 777 1476 quis
792 1425 805 1460 o
821 1413 892 1461 statu
907 1409 1083 1469 succederet,
1094 1420 1122 1456 0.

328 1481 382 1530 201.
394 1480 497 1531 Divites
517 1481 545 1531 in
559 1483 697 1532 communi
713 1481 873 1532 necessitate
888 1479 1070 1531 cornmuniter
1085 1481 1122 1529 10·

328 1556 429 1603 nentur
442 1552 505 1603 dare
520 1553 706 1618 eleemosynas
725 1567 757 1604 ex
780 1551 932 1616 superlluis,
955 1564 1010 1602 nou
1031 1555 1123 1600 000000

329 1623 493 1686 pauperibus
502 1622 663 1684 trivialibus,
679 1637 707 1672 n.
724 1625 778 1686 000,
793 1624 848 1672 202.
864 1623 923 1672 Non
939 1625 979 1671 est
992 1619 1123 1683 obligatio

329 1692 410 1742 modo
426 1693 638 1742 extraordinario
652 1694 734 1743 alicui
752 1692 937 1753 succurrendi,
953 1705 980 1741 n.
999 1693 1052 1751 100,
1067 1691 1122 1740 201.

330 1763 463 1826 Obligatio
478 1762 561 1812 dandi
581 1764 781 1826 eleemosynam
796 1777 851 1814 non
865 1763 951 1813 oritur
961 1763 1071 1826 praecise
1090 1774 1124 1811 ex

330 1831 525 1896 superfluitate,
541 1847 569 1883 n.
583 1835 639 1884 203.
651 1834 766 1898 Pauperi
782 1837 902 1884 extreme
917 1833 1051 1895 indigenti
1067 1844 1123 1882 nou

329 1901 398 1952 dans
413 1902 611 1966 eleemosynam
636 1917 692 1954 non
713 1907 805 1968 000000
820 1909 913 1955 contra
936 1903 1079 1967 1000010000,
1107 1914 1124 1951 0

330 1985 357 2022 0.
368 1975 422 2023 200.
434 1973 479 2022 Est
492 1973 623 2036 obligatio
633 1972 714 2024 dandi
726 1974 930 2038 eleemosynam
945 1976 1064 2023 extreme
1081 1972 1124 2022 in·

330 2043 434 2108 digenti
447 2044 538 2106 gratis,
561 2057 587 2093 0.
608 2046 661 2094 201.
687 2044 870 2108 Eleemosynae
895 2041 1125 2106 0000000000100

330 2114 470 2178 Religiosis
487 2129 518 2166 00
531 2115 594 2165 aliis
608 2115 782 2179 pauperibus,
800 2129 827 2165 n.
845 2116 897 2166 030.
913 2117 972 2166 Non
987 2113 1050 2164 licet
1060 2114 1123 2164 dare

331 2183 531 2248 eleemosynam
542 2183 664 2234 exbonis
679 2185 846 2236 restitutioni
865 2183 1000 2244 obnoxiis,
1017 2196 1044 2233 0.
1070 2183 1123 2233 100.

331 2253 417 2314 Filiis,
432 2253 574 2315 uxoribus,
589 2255 674 2304 000000
687 2265 744 2305 000
760 2255 824 2305 10001
842 2253 907 2304 dare
925 2252 1124 2316 eleemosynam

331 2323 384 2372 nisi
395 2325 523 2383 tanusm3
540 2324 579 2373 sic
596 2325 679 2374 etiam
693 2324 805 2376 Tutores
819 2327 846 2373 et
859 2324 1001 2374 Curatores
1012 2327 1125 2386 possunt

331 2393 417 2443 100000
432 2393 553 2444 modicas
568 2393 756 2458 eleemosynas
771 2394 898 2444 arbonis
917 2406 977 2456 quc
991 2393 1124 2446 adminis-

331 2465 412 2524 trant,
424 2477 451 2514 a.
462 2465 515 2514 000.
527 2465 586 2524 Quo
594 2464 689 2514 urdine
698 2465 732 2514 sit
740 2463 956 2515 subveniendum
967 2465 995 2514 in
1006 2467 1124 2514 extrema

332 2533 376 2584 vel
394 2536 531 2586 communi
546 2536 705 2586 necessitate
719 2536 850 2599 sanguine
862 2536 973 2598 0000100,
987 2536 1005 2586 0.
1016 2538 1040 2598 3,
1061 2550 1086 2600 0.
1101 2540 1123 2599 0,

297 2636 299 2640 -
331 2615 385 2654 00.
400 2603 724 2664 transsumentem.

363 2673 568 2740 Eleemosynam
584 2679 691 2727 tenetur
711 2675 914 2739 0000010οι000ιί
932 2689 959 2726 00
979 2689 1125 2740 pauperem

333 2743 459 2808 fingendo
474 2759 533 2796 eam
547 2747 661 2810 accepit,
684 2746 701 2795 1.
717 2748 742 2808 3,
761 2759 786 2809 p.
803 2749 827 2808 2,
851 2759 877 2796 0.
899 2747 952 2796 161.
969 2745 1043 2796 Licet
1066 2759 1126 2796 eam

334 2819 423 2879 petere
450 2818 477 2866 00
498 2820 648 2881 acceptare,
671 2817 796 2880 quamvis
817 2817 879 2866 actu
905 2829 961 2866 non
985 2819 1079 2879 egeat,
1102 2816 1125 2866 si

335 2885 478 2937 immineat
504 2889 670 2948 necessitas,
694 2886 842 2952 aliquando
860 2887 941 2936 etiam
970 2899 1019 2950 pra
1045 2887 1126 2948 aliis,

333 2969 361 3004 n.
393 2956 447 3006 162.
472 2956 569 3008 Petens
592 2955 815 3020 eleemosynam,
838 2969 864 3004 0.
887 2968 913 3018 g.
937 2955 1054 3005 Eremita
1077 2969 1126 3020 pro

334 3025 449 3077 edificio
459 3025 562 3090 aliquo,
573 3029 662 3091 001001
675 3027 758 3076 etiam
773 3025 836 3075 inde
846 3026 947 3086 000000,
963 3039 990 3076 0.
1002 3027 1054 3076 163.

365 3097 551 3162 Eleemosynm
574 3097 713 3148 restitutio
732 3095 790 3146 10000
814 3095 895 3148 debet
918 3095 1127 3158 valdentiam

334 3167 524 3232 pauperibus,
557 3181 633 3219 num.
667 3168 719 3218 061.
748 3166 924 3230 Eleemosyna
957 3180 1006 3230 pro
1040 3168 1128 3218 Missis

335 3238 417 3289 alicui
446 3239 570 3290 Ecclesia
594 3237 706 3299 tradita,
729 3237 772 3287 100
801 3250 849 3300 per
877 3237 1034 3288 Sacerdotes
1057 3239 1127 3302 ejus·

335 3307 398 3358 dem
423 3309 556 3370 Ecclesia,
580 3309 602 3358 si
626 3307 766 3374 commode
799 3307 857 3357 lieri
883 3308 987 3372 possit,
1016 3311 1043 3358 00
1072 3322 1127 3360 000

335 3391 384 3441 000
400 3383 507 3430 exteros
523 3383 588 3430 sunt
601 3378 778 3440 celebrandas,
794 3377 812 3427 l.
826 3379 850 3439 6,
866 3391 892 3442 p.
916 3381 939 3440 2,
961 3392 987 3428 n.
1007 3381 1076 3429 2030.
1097 3380 1127 3430 1).

368 3519 553 3582 Eleemosynae
576 3515 742 3582 quotidianas
769 3530 817 3581 pro
845 3517 934 3568 Missis
960 3519 1130 3570 celebrandis

264 3637 267 3641 .
336 3589 612 3653 0000010000000001,
632 3587 655 3638 00
683 3587 813 3637 oneribus
835 3589 916 3636 antea
939 3587 1072 3652 impositis
1095 3589 1131 3638 sit

337 3658 514 3720 satistactum,
529 3659 597 3709 alias
612 3671 677 3720 non,
693 3671 720 3708 n.
739 3659 779 3707 68.
803 3656 917 3716 Quando
937 3657 1033 3708 famuli
1055 3658 1130 3710 licite

337 3729 530 3850 szmreulpmossint
551 3728 737 3793 eleemosynas
759 3741 774 3778 e
797 3728 878 3778 rebus
900 3727 1083 3780 dominorum.
1099 3731 1130 3783 V.

463 3897 569 3950 salsas
583 3895 681 3949 UNlUS
693 3894 807 3947 MOTlVl
823 3895 884 3946 PER
899 3895 1007 3947 stUD.

370 3991 502 4044 01000000οι
522 3989 624 4042 dicitur
646 3989 712 4042 elidi
734 3991 756 4039 01
777 3993 889 4054 0000100
908 3988 1026 4040 alterum
1047 4003 1133 4055 oppo-

339 4062 423 4114 sitam
437 4063 545 4112 amittat
563 4061 619 4111 vim
640 4059 820 4124 promovendi
840 4059 1008 4110 intellectum
1022 4057 1057 4109 ad
1072 4074 1133 4124 pru·

338 4131 448 4182 dentem
461 4144 612 4192 assensum,
625 4130 643 4181 l.
659 4133 682 4191 0,
698 4143 725 4180 n.
740 4131 795 4180 261.
813 4129 946 4180 01οο1000οι
959 4127 1027 4178 01000
1037 4129 1134 4192 000100-

338 4202 394 4254 bile
409 4201 521 4253 eliditur
537 4215 584 4266 per
598 4201 732 4252 motivam
747 4203 850 4250 certum
864 4198 904 4249 illi
923 4197 1090 4262 oppositum,
1104 4214 1132 4251 n.

339 4275 393 4323 262.
409 4272 520 4332 01000ιο,
544 4271 667 4335 00000010
687 4270 789 4320 incerta
804 4273 831 4320 et
853 4268 997 4320 dissimilia
1013 4281 1068 4318 non
1084 4270 1133 4320 eli·

340 4341 412 4392 dunt
424 4354 451 4390 se
469 4340 596 4406 perfecte,
607 4353 634 4390 n.
645 4341 701 4400 263,
713 4338 868 4403 imperfecte
878 4340 969 4387 000000
983 4351 1010 4387 00
1026 4337 1134 4390 elidunt

340 4425 367 4462 0.
383 4413 436 4461 260.
452 4411 552 4462 0101000
569 4409 670 4460 similia
680 4411 707 4458 00
716 4407 830 4471 aqualia
845 4421 872 4458 se
883 4407 1000 4472 perlecta
1015 4406 1132 4469 elidunt,

340 4495 367 4531 n.
383 4482 437 4530 260.
452 4480 584 4531 00οο00000
603 4479 695 4530 minus
710 4477 831 4541 eiusdem
852 4477 974 4538 rationis,
991 4482 1018 4528 et
1031 4477 1133 4529 directe

341 4552 496 4616 oppositam
514 4550 618 4602 motivo
632 4549 746 4612 majori,
766 4549 802 4599 ab
824 4549 876 4600 10οο
900 4547 1020 4610 eliditur,
1035 4563 1063 4599 n.
1077 4549 1131 4600 266.

340 4619 472 4672 010000ιο
486 4621 573 4684 matus
591 4631 647 4670 non
662 4618 741 4670 elidit
760 4619 850 4670 minas
870 4617 923 4670 sibi
938 4619 1102 4684 oppositum,
1118 4634 1134 4670 a

341 4703 369 4741 0.
384 4689 440 4742 018.

653 4765 821 4821 naoctrlo.

372 4861 493 4920 Elocatio
509 4865 550 4913 est
564 4864 717 4914 contractas
737 4875 792 4926 qao
806 4861 867 4926 qais
885 4861 964 4914 alteri
981 4863 1085 4928 aliquid
1099 4867 1133 4919 ad

341 4937 449 4998 tempus
465 4931 598 4983 utendum
612 4932 655 4982 vel
670 4932 815 4984 fruendum
829 4931 1035 4983 conceditcerto
1046 4937 1134 4996 pretio

342 5019 390 5056 sen
408 5001 539 5069 pensione
553 5002 709 5063 constituta,
733 5004 795 5064 010,
818 5001 836 5052 l.
851 5003 875 5063 3,
892 5014 917 5064 0.
937 5003 961 5064 2,
976 5015 1004 5052 0.
1021 5004 1088 5054 0038.
1105 5007 1132 5059 00

341 5073 479 5125 reslocata
493 5075 556 5123 ante
570 5071 744 5122 traditionem
758 5075 860 5136 pereat,
875 5070 1025 5122 conductor
1034 5072 1134 5126 libera·

342 5149 396 5207 tur,
412 5143 449 5194 ib.
468 5143 604 5206 Expensas
617 5141 648 5192 in
661 5155 718 5192 rem
733 5141 904 5202 conductam,
920 5153 982 5206 quac
998 5141 1133 5196 duraturas

341 5215 412 5265 01000
425 5212 511 5263 iacere
525 5211 607 5262 debet
620 5210 734 5272 locator,
748 5210 803 5260 0101
816 5209 898 5262 010000
911 5211 947 5262 001
961 5217 1132 5279 conuentum,

341 5299 370 5334 n.
385 5283 457 5346 1038,
471 5284 539 5334 1052.
555 5281 669 5332 Locator
682 5293 736 5331 non
747 5282 835 5345 potest
847 5283 910 5332 ante
925 5285 1031 5347 tempus
1044 5287 1132 5350 praefi.

341 5353 430 5404 nitum
455 5352 647 5403 conductorem
671 5351 789 5403 invitum
812 5351 918 5416 privare
940 5365 969 5403 re
990 5355 1132 5422 conducta,

342 5423 395 5478 nisi
407 5423 436 5475 in
445 5421 489 5475 his
502 5422 627 5476 casibuss
643 5423 666 5476 1.
677 5420 705 5474 Si
720 5420 879 5486 pensionem
889 5432 945 5472 non
959 5423 1053 5477 solvat.
1065 5429 1089 5478 2.
1105 5429 1133 5481 Si

985 554 1106 622 lubuit
1129 556 1302 624 CASUUM.
1606 560 1631 626 Ε

1179 759 1257 798 casas
1277 747 1443 811 improvisus
1452 749 1567 804 accidat.
1582 753 1606 802 3.
1621 750 1650 802 Si
1664 763 1722 802 rern
1735 749 1851 802 locatam
1865 763 1971 802 necesse

1178 817 1214 866 sit
1224 817 1341 868 reticere.
1356 820 1379 868 0.
1388 819 1416 871 Si
1431 820 1583 871 conductor
1599 823 1628 872 00
1643 833 1671 872 00
1686 821 1819 872 conducta
1834 819 1975 872 00010000-

1178 890 1338 950 00000,010.,
1354 902 1381 938 0.
1398 891 1466 941 0033.
1483 891 1620 942 Locatoris
1635 891 1722 944 heres
1737 905 1792 942 noa
1808 894 1972 956 potestante

1178 960 1285 1021 tempus
1299 959 1463 1023 completum
1482 962 1675 1014 conductorem
1694 960 1838 1026 expellere,
1854 974 1882 1010 n.
1906 964 1971 1012 1038.

1178 1029 1231 1078 0100
1245 1040 1391 1091 successor,
1404 1033 1486 1082 etiam
1503 1033 1684 1096 particularis,
1697 1036 1787 1096 potest
1804 1045 1867 1082 aum
1880 1033 1974 1096 expel-

1178 1095 1232 1146 1000
1247 1110 1309 1146 cum
1325 1099 1401 1160 gravi
1417 1101 1475 1163 ejus
1490 1101 1671 1163 incommodo,
1688 1115 1762 1154 uum.
1780 1101 1848 1151 0001.
1864 1103 1916 1152 1000
1932 1116 1974 1152 00-

1177 1167 1225 1216 riae
1236 1168 1337 1218 0100000
1353 1173 1476 1233 0000000,
1494 1185 1519 1220 0.
1534 1186 1559 1235 g.
1588 1172 1694 1234 domus,
1721 1171 1863 1236 prandiam,
1888 1185 1975 1236 equas

1178 1250 1283 1298 servus,
1294 1241 1356 1300 010,
1372 1240 1406 1290 ad
1423 1247 1526 1292 certum
1536 1246 1651 1306 tempus,
1667 1255 1682 1293 a
1696 1257 1723 1294 n.
1745 1243 1812 1292 0038.
1834 1242 1974 1294 0000010000

1178 1308 1220 1357 000
1234 1307 1340 1360 Tutoris
1355 1313 1464 1362 tenetur
1477 1316 1547 1362 stare
1563 1313 1693 1376 pupillus,
1709 1312 1750 1362 sui
1766 1311 1974 1375 predecessoris
2072 1343 2073 1380 0

1178 1377 1326 1428 Abbasaut
1343 1381 1544 1444 beneficiarius,
1560 1395 1630 1433 uxor
1643 1383 1733 1434 mariti
1747 1383 1858 1443 mortui,
1869 1387 1934 1445 000.,
1949 1397 1974 1434 0.
2071 1425 2073 1442 ,

1179 1449 1246 1498 0016.
1273 1449 1388 1499 0000100
1407 1454 1517 1502 0000100
1539 1453 1605 1502 vitia
1627 1453 1664 1502 rci
1688 1452 1783 1502 1000000
1805 1453 1922 1516 aperire,
1947 1467 1974 1504 n.
2071 1443 2073 1494 ³

1179 1520 1312 1570 10001100
1334 1520 1430 1571 locate
1449 1522 1598 1582 1000100,οἱ
1623 1523 1679 1573 sint
1703 1521 1791 1572 adhuc
1814 1523 1974 1587 pendentes,

1178 1591 1299 1650 spectant
1317 1590 1350 1640 ad
1365 1591 1509 1641 dominam
1520 1593 1559 1642 rei
1578 1593 1692 1654 locatae;
1709 1605 1773 1654 non,
1789 1593 1812 1642 si
1827 1595 1884 1643 sint
1898 1607 1974 1657 sepa-

1178 1658 1228 1707 rati
1242 1671 1258 1708 s
1273 1657 1367 1721 lando,
1383 1672 1410 1710 0.
1423 1662 1492 1710 0006.
1507 1660 1540 1711 01.
1552 1661 1697 1712 conductio.

1480 1785 1677 1837 badavario.

1210 1879 1369 1931 Emendatio
1385 1881 1448 1930 vitas
1463 1894 1519 1931 non
1531 1880 1736 1945 praerequiritur
1749 1884 1812 1931 ante
1826 1879 1974 1934 absolutio·

1178 1963 1250 2011 aem,
1269 1950 1285 2000 1.
1300 1952 1326 2012 8,
1341 1965 1367 2015 0.
1382 1954 1407 2013 2,
1423 1966 1450 2002 0.
1469 1953 1538 2002 1230.

1209 2021 1416 2072 Emendationis
1430 2035 1491 2084 spos
1505 2036 1519 2072 e
1534 2021 1618 2072 variis
1631 2023 1715 2086 signis
1733 2023 1840 2085 concipi
1861 2026 1973 2086 potest:

1179 2105 1204 2141 v.
1210 2103 1235 2156 g.
1244 2091 1265 2140 si
1281 2092 1614 2156 poenitensaconiessione
1628 2093 1699 2143 10010
1713 2093 1802 2143 rarius
1816 2094 1860 2144 001
1874 2093 1974 2144 diffici-

1180 2161 1235 2211 lius
1250 2164 1376 2225 peccarit,
1391 2164 1413 2213 si
1424 2165 1523 2228 saepius
1537 2165 1588 2213 sibi
1604 2165 1660 2214 vim
1684 2163 1778 2214 iecerit
1799 2169 1895 2215 contra
1916 2169 1973 2217 tsn-

1181 2231 1326 2294 tationem,
1337 2234 1360 2282 si
1383 2235 1537 2284 occasiones
1558 2234 1664 2296 aliquas
1687 2235 1808 2298 relapsus
1832 2237 1939 2300 vitarit,
1953 2239 1973 2286 00

1179 2301 1337 2352 adhibuerit
1351 2304 1440 2353 media
1451 2305 1602 2368 praescripta
1618 2308 1711 2354 contra
1729 2306 1875 2370 relapsum,
1892 2309 1916 2358 si
1930 2323 1973 2358 oc·

1180 2373 1303 2424 00000000
1312 2379 1440 2424 externas
1454 2375 1591 2436 vitaverit,
1606 2376 1629 2425 si
1652 2387 1755 2425 novum
1768 2375 1895 2428 dolorem
1919 2393 1973 2430 000·
2072 2383 2073 2424 3

1179 2443 1297 2506 00100001,
1313 2445 1336 2493 ei
1357 2458 1385 2495 se
1409 2443 1556 2495 0100001001
1581 2446 1670 2509 priora
1692 2446 1762 2497 serio
1786 2450 1812 2497 et
1835 2449 1974 2500 studiosus
2072 2441 2073 2492 ἓ

1179 2513 1343 2577 adhibenda,
1360 2521 1410 2568 etc.
1426 2529 1453 2566 n.
1473 2517 1542 2566 0821.
1567 2516 1772 2568 Emendationis
1794 2521 1971 2583 propositum.
2071 2513 2073 2586 j

1179 2584 1211 2637 ν’
1227 2585 1314 2636 ''⁰²⁰²'‘
1460 2648 1696 2702 susarrsusis.

1212 2741 1403 2806 Emplryteusis
1425 2755 1522 2806 graece,
1547 2741 1634 2793 latine
1658 2743 1839 2808 implantatio‚
1855 2751 1974 2800 001000·

1179 2813 1280 2861 tractus
1300 2825 1353 2874 quo
1368 2825 1410 2862 res
1425 2811 1588 2874 immobilis,
1611 2825 1672 2876 qum
1686 2815 1791 2866 cultura
1806 2819 1894 2880 possit
1908 2819 1973 2870 011000
2072 2825 2073 2856 ἐ

1181 2882 1287 2944 melior,
1300 2883 1381 2932 alteri
1395 2883 1558 2934 conceditur
1573 2884 1601 2933 in
1612 2886 1832 2947 perpetuum,vel
1847 2889 1882 2938 ad
1898 2891 1975 2940 mini-

1181 2951 1303 3002 mamad
1317 2952 1493 3014 decennium,
1512 2965 1573 3003 cum
1588 2952 1711 3004 dominio
1726 2955 1798 3017 utili,
1812 2970 1875 3006 cum
1895 2971 1973 3008 onere

1182 3023 1330 3086 quotannis
1345 3025 1451 3073 certum
1464 3025 1600 3073 canonem
1610 3036 1658 3073 seu
1673 3025 1831 3087 pensionem
1841 3027 1973 3090 solvendi,

1182 3093 1199 3143 l.
1215 3095 1239 3155 ³,
1254 3107 1279 3158 p.
1290 3095 1313 3156 2,
1328 3106 1344 3142 0
1363 3107 1391 3143 0.
1407 3094 1474 3144 1001.
1495 3091 1590 3144 Didert
1611 3109 1627 3144 a
1647 3094 1779 3147 locatione
1799 3099 1900 3162 ‚qnod
1920 3099 1974 3151 00000

1183 3164 1267 3227 000001
1281 3177 1338 3214 esse
1353 3164 1424 3213 cirea
1435 3177 1491 3214 rem
1511 3163 1651 3225 mobilem,
1671 3165 1857 3230 emphyteusis
1872 3173 1975 3221 tantam

1182 3233 1253 3283 circa
1271 3245 1327 3284 rem
1343 3232 1512 3282 immobilem
1535 3233 1643 3283 cultura
1664 3235 1881 3300 meliorandam
1902 3241 1973 3302 item,

1183 3301 1257 3367 quod
1267 3315 1323 3354 non
1337 3302 1504 3354 concedatur
1527 3303 1595 3353 intra
1611 3303 1783 3367 decennium,
1799 3309 1840 3358 uti
1855 3309 1887 3358 tit
1902 3310 1974 3360 0010-
2072 3313 2073 3318 ’

1184 3375 1312 3434 000100ος
1329 3373 1406 3433 item,
1422 3372 1495 3436 quod
1515 3373 1562 3422 det
1571 3373 1725 3424 dominium
1736 3376 1805 3428 utile
1820 3379 1849 3428 in
1864 3393 1903 3440 re,
1923 3395 1975 3432 nou

1184 3459 1248 3495 vero
1262 3443 1359 3494 locatio
1372 3462 1379 3504 ;
1394 3443 1512 3506 denique
1530 3443 1603 3508 quod
1621 3445 1649 3493 in
1664 3457 1696 3495 ea
1706 3446 1798 3498 minor
1811 3452 1907 3511 pensio
1918 3453 1973 3504 cxi·

1183 3518 1262 3579 gatar
1278 3527 1361 3579 quam
1376 3515 1405 3563 in
1419 3513 1563 3575 lassatione,
1579 3517 1687 3566 01058.

1212 3586 1394 3650 Emphyteuta
1414 3597 1468 3636 non
1484 3589 1571 3650 000001
1593 3599 1650 3637 rem
1674 3587 1906 3653 emphyteuticam
1918 3595 1974 3646 sine

1185 3670 1320 3708 consensu
1334 3655 1438 3706 domini
1454 3655 1549 3706 directi
1559 3657 1692 3719 00001000,
1706 3663 1795 3722 potest
1812 3664 1903 3714 tamen
1918 3679 1973 3716 esna

1186 3729 1298 3788 donare,
1313 3727 1413 3790 legare,
1443 3725 1525 3776 etiam
1553 3727 1641 3778 locare
1669 3729 1737 3780 inira
1760 3731 1934 3798 decennium,
1948 3750 1973 3787 n.

1187 3801 1255 3850 1050.
1273 3799 1301 3849 Si
1317 3809 1359 3847 res
1369 3795 1572 3860 emphyteutica
1585 3798 1720 3849 alienetur
1728 3835 1735 3862 ,
1746 3799 1877 3856 dominus
1890 3807 1974 3858 direc-
2072 3835 2073 3866 a

1187 3871 1230 3919 tus
1248 3867 1330 3918 debet
1352 3879 1453 3917 novum
1480 3867 1676 3931 possessionem
1700 3870 1846 3935 investire,
1861 3889 1909 3940 pro
1922 3889 1974 3941 quo
2072 3933 2073 3936 ¹

1186 3939 1286 4002 accipit
1299 3937 1473 3988 honoratium
1488 3951 1536 3988 sea
1550 3938 1727 4002 laudemium,
1738 3953 1812 3992 num.
1836 3948 1905 3997 0050.
1916 3948 1974 3998 Em·
2072 3937 2073 3990 1

1187 4009 1319 4075 phyteuta
1329 4007 1499 4072 probabilius
1513 4011 1665 4072 0000000οῑ
1678 4022 1735 4061 rem
1747 4011 1975 4078 emphyteuticam
1986 4027 1990 4035 ·

1188 4081 1327 4131 destruere
1342 4082 1369 4128 et
1386 4077 1468 4128 aliam
1483 4080 1625 4140 instruere,
1640 4092 1668 4130 0.
1684 4082 1792 4133 attasi
1808 4083 1975 4142 infractibus
2072 4105 2073 4110 ¹

1187 4161 1269 4213 grase
1282 4148 1413 4198 damnum
1426 4147 1547 4209 accedat,
1559 4149 1742 4212 emphyteutae
1756 4152 1862 4216 aliquid
1877 4160 1973 4212 remitti

1187 4221 1278 4279 debet,
1293 4218 1315 4267 si
1329 4218 1362 4268 sd
1378 4229 1504 4280 magnam
1514 4217 1672 4282 pensionem
1687 4222 1821 4284 teneatur,
1833 4227 1902 4275 0061.

1220 4288 1411 4352 03000100οε010,
1421 4289 1444 4338 00
1454 4289 1603 4339 uonsolvat
1612 4289 1748 4340 0000000ιο
1759 4305 1807 4342 sau
1818 4296 1975 4356 pensionem
2072 4289 2073 4292 ’

1188 4363 1309 4423 tempore
1324 4359 1417 4409 debito
1431 4362 1492 4422 post
1504 4359 1723 4410 admonitionem
1740 4361 1849 4426 1000000,
1865 4365 1974 4430 emphy-

1188 4431 1259 4481 teusi
1269 4429 1370 4494 privari
1381 4431 1479 4493 potest,
1496 4442 1524 4478 n.
1537 4431 1606 4478 1062.
1624 4429 1652 4480 Si
1667 4430 1796 4483 dominus
1814 4433 1850 4484 ab
1865 4436 1976 4499 emphy-

1187 4503 1262 4550 teuta
1281 4499 1326 4562 qui
1343 4497 1491 4563 privandus
1511 4500 1570 4548 erat
1590 4499 1702 4561 recipiat
1723 4498 1846 4564 aliquam
1869 4505 1975 4568 pensio·

1187 4582 1251 4621 nem
1266 4569 1404 4634 sequentis
1418 4569 1557 4632 temporis,
1577 4571 1704 4618 censetur
1717 4571 1855 4623 remittere
1869 4571 1976 4625 caduci·
2072 4567 2073 4580 .

1187 4645 1281 4702 tatem,
1297 4639 1420 4703 quamvis
1434 4641 1598 4702 protestetur
1619 4641 1721 4701 contra,
1739 4653 1766 4691 n.
1783 4643 1851 4694 1063.
1869 4645 1895 4696 Si
1918 4659 1976 4695 em·

1187 4713 1320 4778 phyteuta
1334 4708 1429 4760 reddat
1435 4721 1492 4759 rem
1501 4708 1673 4770 deteriorem,
1680 4712 1975 4780 tenetarcompensara,

1187 4798 1215 4834 n.
1232 4785 1300 4833 1060.
1324 4781 1421 4832 Contra
1451 4779 1593 4830 dominam
1619 4779 1786 4844 probabilius
1814 4797 1869 4834 uon
1890 4790 1977 4849 potest

1188 4851 1371 4920 prescribere,
1385 4863 1413 4899 n.
1428 4851 1482 4901 802.
1500 4849 1757 4902 Dominusdirectus
1770 4866 1819 4904 sen
1833 4857 1976 4920 proprieta-

1187 4925 1244 4975 rius
1255 4921 1391 4974 ordinarie
1401 4932 1482 4971 onera
1492 4933 1540 4972 san
1550 4922 1688 4971 canonem
1695 4934 1794 4987 augere
1811 4937 1866 4976 nan
1878 4930 1975 4990 potest,

1187 5007 1214 5047 '²‘
1234 4994 1301 5046 Μ’
1400 5053 1519 5104 suerro
1533 5053 1572 5104 00
1587 5051 1751 5107 00000000.

1219 5149 1323 5215 10000100
1337 5151 1379 5202 001
1391 5151 1546 5200 contractus
1563 5161 1616 5213 qao
1631 5149 1748 5213 pretium
1759 5161 1807 5216 pro
1824 5163 1908 5202 merce
1919 5151 1973 5202 sol·

1187 5222 1266 5282 vilar,
1282 5223 1310 5272 at
1326 5219 1475 5284 completur
1487 5219 1583 5270 merois
1597 5219 1754 5273 traditione.
1768 5220 1893 5274 venditio
1906 5233 1972 5274 con-

1188 5296 1238 5354 tra,
1254 5290 1271 5340 l.
1286 5291 1310 5352 3,
1321 5303 1348 5355 p.
1362 5291 1387 5352 2,
1398 5301 1425 5340 0.
1440 5291 1496 5341 321.

1218 5361 1323 5424 Emptis
1339 5364 1366 5409 et
1375 5359 1499 5410 venditio
1513 5360 1657 5424 requirunt
1668 5373 1726 5412 rem
1740 5361 1768 5412 00
1791 5362 1903 5426 pretium
1924 5361 1970 5412 de·

1187 5430 1371 5490 terminatum,
1386 5441 1413 5480 u.
1442 5431 1495 5480 020.
1516 5431 1636 5482 Pretium
1650 5433 1690 5482 est
1709 5431 1825 5496 pecunia
1849 5443 1904 5496 qua
1923 5443 1971 5496 pro
