<?xml version="1.0" encoding="UTF-8"?>
<!DOCTYPE html PUBLIC "-//W3C//DTD XHTML 1.0 Transitional//EN"
    "http://www.w3.org/TR/xhtml1/DTD/xhtml1-transitional.dtd">
<html xmlns="http://www.w3.org/1999/xhtml" xml:lang="en" lang="en">
 <head>
  <title>
</title>
<meta http-equiv="Content-Type" content="text/html;charset=utf-8" />
  <meta name='ocr-system' content='tesseract 3.04.00' />
  <meta name='ocr-capabilities' content='ocr_page ocr_carea ocr_par ocr_line ocrx_word'/>
</head>
<body>
  <div class='ocr_page' id='page_1' title='image "./theologiamorali00diongoog/theologiamorali00diongoog_0247.png"; bbox 0 0 3976 6348; ppageno 0'>
   <div class='ocr_carea' id='block_1_1' title="bbox 24 2813 42 2906">
    <p class='ocr_par' dir='ltr' id='par_1_1' title="bbox 24 2813 42 2906">
     <span class='ocr_line' id='line_1_1' title="bbox 24 2813 42 2906; baseline 0 0"><span class='ocrx_word' id='word_1_1' title='bbox 24 2813 42 2906; x_wconf 77' lang='lat' dir='ltr'>i</span> 
     </span>
    </p>
   </div>
   <div class='ocr_carea' id='block_1_2' title="bbox 665 571 1661 644">
    <p class='ocr_par' dir='ltr' id='par_1_2' title="bbox 665 571 1661 644">
     <span class='ocr_line' id='line_1_2' title="bbox 665 571 1661 644; baseline -0.004 0"><span class='ocrx_word' id='word_1_2' title='bbox 665 571 716 644; x_wconf 83' lang='lat' dir='ltr'>DE</span> <span class='ocrx_word' id='word_1_3' title='bbox 738 575 1000 644; x_wconf 66' lang='lat' dir='ltr'>miramonte.</span> <span class='ocrx_word' id='word_1_4' title='bbox 1603 579 1661 641; x_wconf 78' lang='lat'>237</span> 
     </span>
    </p>
   </div>
   <div class='ocr_carea' id='block_1_3' title="bbox 54 764 1664 1826">
    <p class='ocr_par' dir='ltr' id='par_1_3' title="bbox 55 764 1662 1122">
     <span class='ocr_line' id='line_1_3' title="bbox 55 764 1661 860; baseline -0.011 -17"><span class='ocrx_word' id='word_1_5' title='bbox 55 781 120 860; x_wconf 83' lang='lat' dir='ltr'>parte</span> <span class='ocrx_word' id='word_1_6' title='bbox 132 775 304 840; x_wconf 86' lang='lat' dir='ltr'>devotorum</span> <span class='ocrx_word' id='word_1_7' title='bbox 324 777 485 836; x_wconf 86' lang='lat' dir='ltr'>oratorum</span> <span class='ocrx_word' id='word_1_8' title='bbox 507 771 673 853; x_wconf 52' lang='lat' dir='ltr'>monentur</span> <span class='ocrx_word' id='word_1_9' title='bbox 689 768 809 830; x_wconf 70' lang='lat' dir='ltr'>semnion</span> <span class='ocrx_word' id='word_1_10' title='bbox 865 767 952 827; x_wconf 89' lang='lat' dir='ltr'>nium</span> <span class='ocrx_word' id='word_1_11' title='bbox 967 765 1085 826; x_wconf 85' lang='lat' dir='ltr'>durans</span> <span class='ocrx_word' id='word_1_12' title='bbox 1102 784 1109 825; x_wconf 75' lang='grc' dir='ltr'><strong><em>ε</em></strong></span> <span class='ocrx_word' id='word_1_13' title='bbox 1126 783 1182 844; x_wconf 90' lang='lat' dir='ltr'>pro</span> <span class='ocrx_word' id='word_1_14' title='bbox 1198 764 1345 826; x_wconf 83' lang='lat' dir='ltr'>Ecclesiis</span> <span class='ocrx_word' id='word_1_15' title='bbox 1364 771 1468 827; x_wconf 73' lang='lat' dir='ltr'>minen</span> <span class='ocrx_word' id='word_1_16' title='bbox 1488 765 1661 828; x_wconf 79' lang='lat' dir='ltr'>cathedra-</span> 
     </span>
     <span class='ocr_line' id='line_1_4' title="bbox 56 853 1662 948; baseline -0.009 -20"><span class='ocrx_word' id='word_1_17' title='bbox 56 863 283 948; x_wconf 72' lang='lat' dir='ltr'>dispensandorum,</span> <span class='ocrx_word' id='word_1_18' title='bbox 311 862 440 925; x_wconf 79' lang='lat' dir='ltr'>dioceses</span> <span class='ocrx_word' id='word_1_19' title='bbox 462 861 598 942; x_wconf 72' lang='lat' dir='ltr'>originis)</span> <span class='ocrx_word' id='word_1_20' title='bbox 621 859 705 939; x_wconf 91' lang='lat' dir='ltr'>quod</span> <span class='ocrx_word' id='word_1_21' title='bbox 734 857 807 919; x_wconf 91' lang='lat' dir='ltr'>dicti</span> <span class='ocrx_word' id='word_1_22' title='bbox 864 855 957 922; x_wconf 91' lang='lat' dir='ltr'>libus,</span> <span class='ocrx_word' id='word_1_23' title='bbox 970 853 1159 932; x_wconf 73' lang='lat' dir='ltr'>CollegiatiS,</span> <span class='ocrx_word' id='word_1_24' title='bbox 1172 873 1208 914; x_wconf 90' lang='lat' dir='ltr'>ac</span> <span class='ocrx_word' id='word_1_25' title='bbox 1224 854 1318 914; x_wconf 87' lang='lat' dir='ltr'>eliam</span> <span class='ocrx_word' id='word_1_26' title='bbox 1329 853 1576 931; x_wconf 89' lang='lat' dir='ltr'>Purochialibus,</span> <span class='ocrx_word' id='word_1_27' title='bbox 1593 873 1662 933; x_wconf 87' lang='lat' dir='ltr'>pos-</span> 
     </span>
     <span class='ocr_line' id='line_1_5' title="bbox 56 941 1658 1035; baseline -0.009 -18"><span class='ocrx_word' id='word_1_28' title='bbox 56 953 307 1035; x_wconf 76' lang='lat' dir='ltr'>oratoresiponitur</span> <span class='ocrx_word' id='word_1_29' title='bbox 324 970 412 1012; x_wconf 85' lang='lat' dir='ltr'>conso</span> <span class='ocrx_word' id='word_1_30' title='bbox 432 948 661 1031; x_wconf 74' lang='lat' dir='ltr'><em>dispensationis</em></span> <span class='ocrx_word' id='word_1_31' title='bbox 679 945 809 1008; x_wconf 84' lang='lat' dir='ltr'>obtinen—</span> <span class='ocrx_word' id='word_1_32' title='bbox 865 947 938 1004; x_wconf 88' lang='lat' dir='ltr'>sunt</span> <span class='ocrx_word' id='word_1_33' title='bbox 965 961 1022 1021; x_wconf 91' lang='lat' dir='ltr'>per</span> <span class='ocrx_word' id='word_1_34' title='bbox 1049 941 1247 1002; x_wconf 88' lang='lat' dir='ltr'>memoriales</span> <span class='ocrx_word' id='word_1_35' title='bbox 1271 960 1290 1002; x_wconf 88' lang='lat' dir='ltr'>a</span> <span class='ocrx_word' id='word_1_36' title='bbox 1320 942 1469 1003; x_wconf 86' lang='lat' dir='ltr'>Pontifice</span> <span class='ocrx_word' id='word_1_37' title='bbox 1498 942 1658 1020; x_wconf 90' lang='lat' dir='ltr'>impetrari</span> 
     </span>
     <span class='ocr_line' id='line_1_6' title="bbox 55 1029 1227 1122; baseline -0.01 -20"><span class='ocrx_word' id='word_1_38' title='bbox 55 1042 95 1108; x_wconf 86' lang='lat' dir='ltr'>do.</span> <span class='ocrx_word' id='word_1_39' title='bbox 111 1063 133 1102; x_wconf 89' lang='lat' dir='ltr'>e.</span> <span class='ocrx_word' id='word_1_40' title='bbox 147 1041 172 1102; x_wconf 89' lang='lat' dir='ltr'>i.</span> <span class='ocrx_word' id='word_1_41' title='bbox 193 1041 352 1122; x_wconf 87' lang='lat' dir='ltr'>potiuntur</span> <span class='ocrx_word' id='word_1_42' title='bbox 366 1039 425 1099; x_wconf 87' lang='lat' dir='ltr'>ioci</span> <span class='ocrx_word' id='word_1_43' title='bbox 436 1039 614 1119; x_wconf 71' lang='lat' dir='ltr'>angustiam,</span> <span class='ocrx_word' id='word_1_44' title='bbox 631 1044 659 1097; x_wconf 89' lang='lat' dir='ltr'>et</span> <span class='ocrx_word' id='word_1_45' title='bbox 680 1036 711 1095; x_wconf 89' lang='lat' dir='ltr'>in</span> <span class='ocrx_word' id='word_1_46' title='bbox 726 1035 808 1116; x_wconf 84' lang='lat' dir='ltr'>oppi-</span> <span class='ocrx_word' id='word_1_47' title='bbox 865 1029 947 1091; x_wconf 88' lang='lat' dir='ltr'>binae</span> <span class='ocrx_word' id='word_1_48' title='bbox 963 1029 1003 1089; x_wconf 88' lang='lat' dir='ltr'>ad</span> <span class='ocrx_word' id='word_1_49' title='bbox 1019 1029 1227 1108; x_wconf 84' lang='lat' dir='ltr'><strong>septennium.</strong></span> 
     </span>
    </p>

    <p class='ocr_par' dir='ltr' id='par_1_4' title="bbox 54 1117 1664 1558">
     <span class='ocr_line' id='line_1_7' title="bbox 55 1117 1660 1207; baseline -0.009 -15"><span class='ocrx_word' id='word_1_50' title='bbox 55 1128 121 1192; x_wconf 79' lang='lat' dir='ltr'>uit.</span> <span class='ocrx_word' id='word_1_51' title='bbox 134 1129 345 1190; x_wconf 83' lang='lat' dir='ltr'>mninoeniunt</span> <span class='ocrx_word' id='word_1_52' title='bbox 359 1125 600 1207; x_wconf 85' lang='lat' dir='ltr'>nonimpeditum</span> <span class='ocrx_word' id='word_1_53' title='bbox 612 1124 695 1205; x_wconf 85' lang='lat' dir='ltr'>poris</span> <span class='ocrx_word' id='word_1_54' title='bbox 709 1120 809 1182; x_wconf 84' lang='lat' dir='ltr'>condi·</span> <span class='ocrx_word' id='word_1_55' title='bbox 905 1121 934 1177; x_wconf 74' lang='lat'>2.</span> <span class='ocrx_word' id='word_1_56' title='bbox 957 1117 1063 1177; x_wconf 82' lang='lat' dir='ltr'>Cuivis</span> <span class='ocrx_word' id='word_1_57' title='bbox 1085 1117 1241 1194; x_wconf 73' lang='lat' dir='ltr'>Ecclesiae,</span> <span class='ocrx_word' id='word_1_58' title='bbox 1267 1117 1332 1177; x_wconf 91' lang='lat' dir='ltr'>sive</span> <span class='ocrx_word' id='word_1_59' title='bbox 1357 1118 1571 1196; x_wconf 84' lang='lat' dir='ltr'>Regularium,</span> <span class='ocrx_word' id='word_1_60' title='bbox 1595 1118 1660 1178; x_wconf 89' lang='lat' dir='ltr'>sive</span> 
     </span>
     <span class='ocr_line' id='line_1_8' title="bbox 54 1203 1664 1296; baseline -0.009 -18"><span class='ocrx_word' id='word_1_61' title='bbox 54 1219 119 1278; x_wconf 75' lang='lat' dir='ltr'>nona</span> <span class='ocrx_word' id='word_1_62' title='bbox 140 1217 198 1296; x_wconf 84' lang='lat' dir='ltr'>eto.)</span> <span class='ocrx_word' id='word_1_63' title='bbox 224 1221 255 1278; x_wconf 88' lang='lat' dir='ltr'>et</span> <span class='ocrx_word' id='word_1_64' title='bbox 284 1216 356 1276; x_wconf 90' lang='lat' dir='ltr'>ideo</span> <span class='ocrx_word' id='word_1_65' title='bbox 384 1213 515 1292; x_wconf 87' lang='lat' dir='ltr'>eupiunt</span> <span class='ocrx_word' id='word_1_66' title='bbox 537 1208 811 1274; x_wconf 79' lang='lat' dir='ltr'>matrimonialiter</span> <span class='ocrx_word' id='word_1_67' title='bbox 866 1221 927 1264; x_wconf 91' lang='lat' dir='ltr'>non</span> <span class='ocrx_word' id='word_1_68' title='bbox 940 1203 1278 1282; x_wconf 84' lang='lat' dir='ltr'>Regnia1·ium,dantur</span> <span class='ocrx_word' id='word_1_69' title='bbox 1293 1205 1333 1264; x_wconf 91' lang='lat' dir='ltr'>ad</span> <span class='ocrx_word' id='word_1_70' title='bbox 1348 1205 1544 1284; x_wconf 78' lang='lat' dir='ltr'>septennium</span> <span class='ocrx_word' id='word_1_71' title='bbox 1560 1205 1664 1266; x_wconf 89' lang='lat' dir='ltr'>lndul-</span> 
     </span>
     <span class='ocr_line' id='line_1_9' title="bbox 55 1292 1662 1385; baseline -0.008 -18"><span class='ocrx_word' id='word_1_72' title='bbox 55 1306 172 1385; x_wconf 79' lang='lat' dir='ltr'>copuiad,</span> <span class='ocrx_word' id='word_1_73' title='bbox 186 1304 236 1365; x_wconf 88' lang='lat' dir='ltr'>sed</span> <span class='ocrx_word' id='word_1_74' title='bbox 251 1303 329 1384; x_wconf 89' lang='lat' dir='ltr'>quia</span> <span class='ocrx_word' id='word_1_75' title='bbox 338 1304 473 1385; x_wconf 86' lang='lat' dir='ltr'>(ponitur</span> <span class='ocrx_word' id='word_1_76' title='bbox 487 1301 719 1384; x_wconf 77' lang='lat' dir='ltr'>impedimentum</span> <span class='ocrx_word' id='word_1_77' title='bbox 733 1318 761 1360; x_wconf 90' lang='lat' dir='ltr'>o.</span> <span class='ocrx_word' id='word_1_78' title='bbox 777 1318 807 1377; x_wconf 78' lang='lat' dir='ltr'>g.</span> <span class='ocrx_word' id='word_1_79' title='bbox 865 1292 978 1372; x_wconf 75' lang='lat' dir='ltr'>gentian</span> <span class='ocrx_word' id='word_1_80' title='bbox 994 1311 1050 1370; x_wconf 92' lang='lat' dir='ltr'>pro</span> <span class='ocrx_word' id='word_1_81' title='bbox 1066 1292 1315 1370; x_wconf 83' lang='lat' dir='ltr'>corrrpreoatione</span> <span class='ocrx_word' id='word_1_82' title='bbox 1331 1297 1371 1355; x_wconf 76' lang='lat' dir='ltr'>to</span> <span class='ocrx_word' id='word_1_83' title='bbox 1385 1293 1546 1370; x_wconf 89' lang='lat' dir='ltr'>horarum,</span> <span class='ocrx_word' id='word_1_84' title='bbox 1565 1298 1596 1355; x_wconf 88' lang='lat' dir='ltr'>et</span> <span class='ocrx_word' id='word_1_85' title='bbox 1605 1311 1662 1372; x_wconf 91' lang='lat' dir='ltr'>pro</span> 
     </span>
     <span class='ocr_line' id='line_1_10' title="bbox 54 1379 1663 1475; baseline -0.007 -21"><span class='ocrx_word' id='word_1_86' title='bbox 54 1395 106 1475; x_wconf 79' lang='lat' dir='ltr'>qno</span> <span class='ocrx_word' id='word_1_87' title='bbox 122 1392 230 1454; x_wconf 72' lang='lat' dir='ltr'>caindo</span> <span class='ocrx_word' id='word_1_88' title='bbox 251 1391 351 1474; x_wconf 76' lang='lat' dir='ltr'>produ</span> <span class='ocrx_word' id='word_1_89' title='bbox 374 1390 535 1472; x_wconf 74' lang='lat' dir='ltr'>affinitatis</span> <span class='ocrx_word' id='word_1_90' title='bbox 558 1389 708 1472; x_wconf 87' lang='lat' dir='ltr'>conjuncti</span> <span class='ocrx_word' id='word_1_91' title='bbox 732 1387 809 1465; x_wconf 90' lang='lat' dir='ltr'>sunt)</span> <span class='ocrx_word' id='word_1_92' title='bbox 866 1379 1062 1442; x_wconf 62' lang='lat' dir='ltr'>visitantibus</span> <span class='ocrx_word' id='word_1_93' title='bbox 1077 1385 1094 1440; x_wconf 76' lang='lat'>7</span> <span class='ocrx_word' id='word_1_94' title='bbox 1110 1380 1239 1458; x_wconf 86' lang='lat' dir='ltr'>Altaria,</span> <span class='ocrx_word' id='word_1_95' title='bbox 1257 1386 1288 1441; x_wconf 92' lang='lat' dir='ltr'>et</span> <span class='ocrx_word' id='word_1_96' title='bbox 1310 1381 1437 1460; x_wconf 90' lang='lat' dir='ltr'>quidem</span> <span class='ocrx_word' id='word_1_97' title='bbox 1454 1381 1521 1442; x_wconf 89' lang='lat' dir='ltr'>sine</span> <span class='ocrx_word' id='word_1_98' title='bbox 1546 1400 1663 1442; x_wconf 89' lang='lat' dir='ltr'>memo-</span> 
     </span>
     <span class='ocr_line' id='line_1_11' title="bbox 55 1469 944 1558; baseline -0.012 -18"><span class='ocrx_word' id='word_1_99' title='bbox 55 1480 206 1541; x_wconf 86' lang='lat' dir='ltr'>desiderium</span> <span class='ocrx_word' id='word_1_100' title='bbox 226 1498 320 1540; x_wconf 89' lang='lat' dir='ltr'>suum</span> <span class='ocrx_word' id='word_1_101' title='bbox 335 1479 394 1539; x_wconf 91' lang='lat' dir='ltr'>hac</span> <span class='ocrx_word' id='word_1_102' title='bbox 415 1479 447 1539; x_wconf 92' lang='lat' dir='ltr'>in</span> <span class='ocrx_word' id='word_1_103' title='bbox 471 1483 559 1557; x_wconf 89' lang='lat' dir='ltr'>parte</span> <span class='ocrx_word' id='word_1_104' title='bbox 579 1479 698 1558; x_wconf 83' lang='lat' dir='ltr'>absque</span> <span class='ocrx_word' id='word_1_105' title='bbox 721 1473 812 1538; x_wconf 87' lang='lat' dir='ltr'>Sedis</span> <span class='ocrx_word' id='word_1_106' title='bbox 866 1469 944 1529; x_wconf 89' lang='lat' dir='ltr'>riali.</span> 
     </span>
    </p>

    <p class='ocr_par' dir='ltr' id='par_1_5' title="bbox 54 1557 1664 1826">
     <span class='ocr_line' id='line_1_12' title="bbox 54 1557 1664 1647; baseline -0.012 -17"><span class='ocrx_word' id='word_1_107' title='bbox 54 1567 203 1646; x_wconf 72' lang='lat' dir='ltr'>apostolieae</span> <span class='ocrx_word' id='word_1_108' title='bbox 216 1569 449 1647; x_wconf 88' lang='lat' dir='ltr'>dispensatione</span> <span class='ocrx_word' id='word_1_109' title='bbox 474 1566 647 1646; x_wconf 90' lang='lat' dir='ltr'>adimplere</span> <span class='ocrx_word' id='word_1_110' title='bbox 662 1585 724 1628; x_wconf 91' lang='lat' dir='ltr'>non</span> <span class='ocrx_word' id='word_1_111' title='bbox 739 1583 813 1644; x_wconf 90' lang='lat' dir='ltr'>pos·</span> <span class='ocrx_word' id='word_1_112' title='bbox 907 1560 935 1618; x_wconf 89' lang='lat'>3.</span> <span class='ocrx_word' id='word_1_113' title='bbox 962 1560 1020 1617; x_wconf 87' lang='lat' dir='ltr'>Pro</span> <span class='ocrx_word' id='word_1_114' title='bbox 1045 1557 1189 1618; x_wconf 82' lang='lat' dir='ltr'>Ecclesiis</span> <span class='ocrx_word' id='word_1_115' title='bbox 1210 1557 1421 1636; x_wconf 68' lang='lat' dir='ltr'>Regilianum,</span> <span class='ocrx_word' id='word_1_116' title='bbox 1452 1575 1520 1636; x_wconf 81' lang='lat' dir='ltr'>qua</span> <span class='ocrx_word' id='word_1_117' title='bbox 1546 1557 1664 1618; x_wconf 84' lang='lat' dir='ltr'>hahent</span> 
     </span>
     <span class='ocr_line' id='line_1_13' title="bbox 55 1645 1662 1737; baseline -0.01 -17"><span class='ocrx_word' id='word_1_118' title='bbox 55 1661 115 1734; x_wconf 80' lang='lat' dir='ltr'>sunt,</span> <span class='ocrx_word' id='word_1_119' title='bbox 133 1658 298 1737; x_wconf 88' lang='lat' dir='ltr'>supplicant</span> <span class='ocrx_word' id='word_1_120' title='bbox 317 1657 480 1719; x_wconf 87' lang='lat' dir='ltr'>Sanctitati</span> <span class='ocrx_word' id='word_1_121' title='bbox 505 1659 635 1732; x_wconf 78' lang='lat' dir='ltr'>Vestra,</span> <span class='ocrx_word' id='word_1_122' title='bbox 658 1661 812 1734; x_wconf 90' lang='lat' dir='ltr'>qnatenus</span> <span class='ocrx_word' id='word_1_123' title='bbox 867 1645 1080 1724; x_wconf 89' lang='lat' dir='ltr'>indulgentias</span> <span class='ocrx_word' id='word_1_124' title='bbox 1105 1647 1246 1722; x_wconf 83' lang='lat' dir='ltr'>Ordinis,</span> <span class='ocrx_word' id='word_1_125' title='bbox 1275 1646 1439 1724; x_wconf 73' lang='lat' dir='ltr'>potestati</span> <span class='ocrx_word' id='word_1_126' title='bbox 1463 1645 1662 1724; x_wconf 84' lang='lat' dir='ltr'>septennium</span> 
     </span>
     <span class='ocr_line' id='line_1_14' title="bbox 55 1734 1664 1826; baseline -0.006 -23"><span class='ocrx_word' id='word_1_127' title='bbox 55 1761 107 1804; x_wconf 86' lang='lat' dir='ltr'>cum</span> <span class='ocrx_word' id='word_1_128' title='bbox 119 1745 221 1806; x_wconf 86' lang='lat' dir='ltr'>eisdem</span> <span class='ocrx_word' id='word_1_129' title='bbox 234 1765 333 1826; x_wconf 88' lang='lat' dir='ltr'>super</span> <span class='ocrx_word' id='word_1_130' title='bbox 355 1747 438 1808; x_wconf 88' lang='lat' dir='ltr'>dieto</span> <span class='ocrx_word' id='word_1_131' title='bbox 453 1745 677 1824; x_wconf 89' lang='lat' dir='ltr'>impedimento</span> <span class='ocrx_word' id='word_1_132' title='bbox 695 1743 814 1823; x_wconf 71' lang='lat' dir='ltr'>(offini-</span> <span class='ocrx_word' id='word_1_133' title='bbox 868 1754 925 1815; x_wconf 88' lang='lat' dir='ltr'>per</span> <span class='ocrx_word' id='word_1_134' title='bbox 938 1735 1120 1796; x_wconf 83' lang='lat' dir='ltr'>memoriale</span> <span class='ocrx_word' id='word_1_135' title='bbox 1136 1735 1296 1814; x_wconf 86' lang='lat' dir='ltr'>impetrari</span> <span class='ocrx_word' id='word_1_136' title='bbox 1312 1734 1404 1795; x_wconf 91' lang='lat' dir='ltr'>unica</span> <span class='ocrx_word' id='word_1_137' title='bbox 1418 1739 1539 1796; x_wconf 91' lang='lat' dir='ltr'>tantum</span> <span class='ocrx_word' id='word_1_138' title='bbox 1557 1734 1664 1795; x_wconf 86' lang='lat' dir='ltr'>ludul-</span> 
     </span>
    </p>
   </div>
   <div class='ocr_carea' id='block_1_4' title="bbox 56 1823 1661 1999">
    <p class='ocr_par' dir='ltr' id='par_1_6' title="bbox 56 1823 1661 1999">
     <span class='ocr_line' id='line_1_15' title="bbox 56 1823 1380 1914; baseline -0.005 -24"><span class='ocrx_word' id='word_1_139' title='bbox 56 1833 107 1892; x_wconf 84' lang='lat' dir='ltr'>totis</span> <span class='ocrx_word' id='word_1_140' title='bbox 130 1833 291 1894; x_wconf 73' lang='lat' dir='ltr'>anenno</span> <span class='ocrx_word' id='word_1_141' title='bbox 314 1833 442 1914; x_wconf 74' lang='lat' dir='ltr'>produ),</span> <span class='ocrx_word' id='word_1_142' title='bbox 467 1833 602 1912; x_wconf 88' lang='lat' dir='ltr'>benigne</span> <span class='ocrx_word' id='word_1_143' title='bbox 632 1831 813 1908; x_wconf 90' lang='lat' dir='ltr'>dispensare</span> <span class='ocrx_word' id='word_1_144' title='bbox 868 1823 1063 1901; x_wconf 86' lang='lat' dir='ltr'>gentiaalia.</span> <span class='ocrx_word' id='word_1_145' title='bbox 1379 1885 1380 1888; x_wconf 65' lang='grc'>,</span> 
     </span>
     <span class='ocr_line' id='line_1_16' title="bbox 56 1912 1661 1999; baseline 0 -25"><span class='ocrx_word' id='word_1_146' title='bbox 56 1919 180 1999; x_wconf 74' lang='lat' dir='ltr'>dignetur.</span> <span class='ocrx_word' id='word_1_147' title='bbox 908 1917 938 1972; x_wconf 79' lang='lat' dir='ltr'>t.</span> <span class='ocrx_word' id='word_1_148' title='bbox 957 1914 1015 1972; x_wconf 90' lang='lat' dir='ltr'>Pro</span> <span class='ocrx_word' id='word_1_149' title='bbox 1031 1912 1124 1972; x_wconf 89' lang='lat' dir='ltr'>unica</span> <span class='ocrx_word' id='word_1_150' title='bbox 1138 1913 1216 1989; x_wconf 90' lang='lat' dir='ltr'>vice,</span> <span class='ocrx_word' id='word_1_151' title='bbox 1230 1913 1277 1972; x_wconf 89' lang='lat' dir='ltr'>vei</span> <span class='ocrx_word' id='word_1_152' title='bbox 1295 1914 1388 1974; x_wconf 88' lang='lat' dir='ltr'>etiam</span> <span class='ocrx_word' id='word_1_153' title='bbox 1400 1931 1455 1992; x_wconf 91' lang='lat' dir='ltr'>pro</span> <span class='ocrx_word' id='word_1_154' title='bbox 1467 1913 1661 1974; x_wconf 90' lang='lat' dir='ltr'>communio-</span> 
     </span>
    </p>
   </div>
   <div class='ocr_carea' id='block_1_5' title="bbox 56 2001 1669 2968">
    <p class='ocr_par' dir='ltr' id='par_1_7' title="bbox 56 2001 1669 2790">
     <span class='ocr_line' id='line_1_17' title="bbox 82 2001 1664 2088; baseline -0.005 -20"><span class='ocrx_word' id='word_1_155' title='bbox 82 2007 147 2084; x_wconf 76' lang='lat' dir='ltr'>§ti</span> <span class='ocrx_word' id='word_1_156' title='bbox 167 2009 296 2088; x_wconf 76' lang='lat' dir='ltr'>Expedit</span> <span class='ocrx_word' id='word_1_157' title='bbox 318 2027 375 2087; x_wconf 87' lang='lat' dir='ltr'>per</span> <span class='ocrx_word' id='word_1_158' title='bbox 398 2008 621 2070; x_wconf 87' lang='lat' dir='ltr'>Nuntiaturam</span> <span class='ocrx_word' id='word_1_159' title='bbox 646 2005 812 2066; x_wconf 87' lang='lat' dir='ltr'>sollicitare</span> <span class='ocrx_word' id='word_1_160' title='bbox 870 2021 908 2060; x_wconf 91' lang='lat' dir='ltr'>ne</span> <span class='ocrx_word' id='word_1_161' title='bbox 923 2001 1063 2079; x_wconf 89' lang='lat' dir='ltr'>generali</span> <span class='ocrx_word' id='word_1_162' title='bbox 1079 2001 1118 2061; x_wconf 89' lang='lat' dir='ltr'>ad</span> <span class='ocrx_word' id='word_1_163' title='bbox 1135 2002 1229 2061; x_wconf 87' lang='lat' dir='ltr'>semel</span> <span class='ocrx_word' id='word_1_164' title='bbox 1245 2001 1337 2061; x_wconf 89' lang='lat' dir='ltr'>datur</span> <span class='ocrx_word' id='word_1_165' title='bbox 1352 2020 1407 2080; x_wconf 93' lang='lat' dir='ltr'>per</span> <span class='ocrx_word' id='word_1_166' title='bbox 1421 2001 1603 2061; x_wconf 84' lang='lat' dir='ltr'>memoriale</span> <span class='ocrx_word' id='word_1_167' title='bbox 1615 2003 1664 2061; x_wconf 92' lang='lat' dir='ltr'>ln·</span> 
     </span>
     <span class='ocr_line' id='line_1_18' title="bbox 56 2089 1665 2177; baseline -0.004 -23"><span class='ocrx_word' id='word_1_168' title='bbox 56 2093 276 2174; x_wconf 84' lang='lat' dir='ltr'>dispensationes,</span> <span class='ocrx_word' id='word_1_169' title='bbox 295 2097 371 2176; x_wconf 89' lang='lat' dir='ltr'>quia</span> <span class='ocrx_word' id='word_1_170' title='bbox 385 2097 478 2177; x_wconf 92' lang='lat' dir='ltr'>hujus</span> <span class='ocrx_word' id='word_1_171' title='bbox 499 2098 610 2158; x_wconf 83' lang='lat' dir='ltr'>litterae</span> <span class='ocrx_word' id='word_1_172' title='bbox 636 2096 750 2156; x_wconf 87' lang='lat' dir='ltr'>certius</span> <span class='ocrx_word' id='word_1_173' title='bbox 770 2093 814 2153; x_wconf 93' lang='lat' dir='ltr'>di·</span> <span class='ocrx_word' id='word_1_174' title='bbox 870 2089 1032 2168; x_wconf 84' lang='lat' dir='ltr'>dulgentia</span> <span class='ocrx_word' id='word_1_175' title='bbox 1056 2089 1154 2148; x_wconf 90' lang='lat' dir='ltr'>cuivis</span> <span class='ocrx_word' id='word_1_176' title='bbox 1179 2089 1344 2166; x_wconf 72' lang='lat' dir='ltr'>Ecclesiae,</span> <span class='ocrx_word' id='word_1_177' title='bbox 1370 2095 1435 2150; x_wconf 84' lang='lat' dir='ltr'>tam</span> <span class='ocrx_word' id='word_1_178' title='bbox 1462 2089 1665 2168; x_wconf 85' lang='lat' dir='ltr'>Regularium</span> 
     </span>
     <span class='ocr_line' id='line_1_19' title="bbox 57 2177 1274 2265; baseline -0.001 -25"><span class='ocrx_word' id='word_1_179' title='bbox 57 2183 177 2262; x_wconf 75' lang='lat' dir='ltr'>aguntur,</span> <span class='ocrx_word' id='word_1_180' title='bbox 192 2185 339 2264; x_wconf 76' lang='lat' dir='ltr'>supplicae</span> <span class='ocrx_word' id='word_1_181' title='bbox 361 2203 417 2263; x_wconf 90' lang='lat' dir='ltr'>per</span> <span class='ocrx_word' id='word_1_182' title='bbox 441 2189 578 2265; x_wconf 81' lang='lat' dir='ltr'>Agentes</span> <span class='ocrx_word' id='word_1_183' title='bbox 597 2183 741 2263; x_wconf 88' lang='lat' dir='ltr'>proprios</span> <span class='ocrx_word' id='word_1_184' title='bbox 756 2185 814 2242; x_wconf 86' lang='lat' dir='ltr'>ilo·</span> <span class='ocrx_word' id='word_1_185' title='bbox 871 2196 966 2258; x_wconf 88' lang='lat' dir='ltr'>quam</span> <span class='ocrx_word' id='word_1_186' title='bbox 983 2197 1044 2239; x_wconf 92' lang='lat' dir='ltr'>non</span> <span class='ocrx_word' id='word_1_187' title='bbox 1061 2177 1274 2256; x_wconf 82' lang='lat' dir='ltr'>Regularinm.</span> 
     </span>
     <span class='ocr_line' id='line_1_20' title="bbox 56 2265 1668 2353; baseline -0.003 -23"><span class='ocrx_word' id='word_1_188' title='bbox 56 2287 99 2330; x_wconf 86' lang='lat' dir='ltr'>na</span> <span class='ocrx_word' id='word_1_189' title='bbox 114 2270 191 2333; x_wconf 89' lang='lat' dir='ltr'>eitius</span> <span class='ocrx_word' id='word_1_190' title='bbox 212 2279 241 2334; x_wconf 88' lang='lat' dir='ltr'>et</span> <span class='ocrx_word' id='word_1_191' title='bbox 264 2271 424 2334; x_wconf 82' lang='lat' dir='ltr'>efficacius</span> <span class='ocrx_word' id='word_1_192' title='bbox 443 2277 671 2353; x_wconf 91' lang='lat' dir='ltr'>proponuntur,</span> <span class='ocrx_word' id='word_1_193' title='bbox 689 2270 815 2350; x_wconf 84' lang='lat' dir='ltr'>expedi·</span> <span class='ocrx_word' id='word_1_194' title='bbox 908 2269 939 2327; x_wconf 75' lang='lat'>5.</span> <span class='ocrx_word' id='word_1_195' title='bbox 965 2265 1037 2328; x_wconf 89' lang='lat' dir='ltr'>Sine</span> <span class='ocrx_word' id='word_1_196' title='bbox 1057 2265 1230 2326; x_wconf 87' lang='lat' dir='ltr'>memoriali</span> <span class='ocrx_word' id='word_1_197' title='bbox 1257 2265 1384 2326; x_wconf 86' lang='lat' dir='ltr'>cuilibet</span> <span class='ocrx_word' id='word_1_198' title='bbox 1405 2265 1551 2326; x_wconf 80' lang='lat' dir='ltr'>lleolesiae</span> <span class='ocrx_word' id='word_1_199' title='bbox 1574 2265 1668 2326; x_wconf 89' lang='lat' dir='ltr'>datur</span> 
     </span>
     <span class='ocr_line' id='line_1_21' title="bbox 56 2353 1669 2440; baseline 0 -24"><span class='ocrx_word' id='word_1_200' title='bbox 56 2359 132 2420; x_wconf 85' lang='lat' dir='ltr'>tiones</span> <span class='ocrx_word' id='word_1_201' title='bbox 151 2361 325 2424; x_wconf 90' lang='lat' dir='ltr'>obtinentur</span> <span class='ocrx_word' id='word_1_202' title='bbox 346 2363 467 2423; x_wconf 87' lang='lat' dir='ltr'>minore</span> <span class='ocrx_word' id='word_1_203' title='bbox 489 2366 627 2440; x_wconf 91' lang='lat' dir='ltr'>sumptu.</span> <span class='ocrx_word' id='word_1_204' title='bbox 644 2359 816 2420; x_wconf 59' lang='lat' dir='ltr'>illotondum</span> <span class='ocrx_word' id='word_1_205' title='bbox 872 2355 1071 2433; x_wconf 90' lang='lat' dir='ltr'>Indulgentia</span> <span class='ocrx_word' id='word_1_206' title='bbox 1087 2357 1145 2416; x_wconf 81' lang='lat'>100</span> <span class='ocrx_word' id='word_1_207' title='bbox 1155 2355 1288 2430; x_wconf 89' lang='lat' dir='ltr'>dierum,</span> <span class='ocrx_word' id='word_1_208' title='bbox 1305 2371 1361 2433; x_wconf 93' lang='lat' dir='ltr'>pro</span> <span class='ocrx_word' id='word_1_209' title='bbox 1377 2353 1425 2430; x_wconf 85' lang='lat' dir='ltr'>iis,</span> <span class='ocrx_word' id='word_1_210' title='bbox 1443 2354 1496 2434; x_wconf 93' lang='lat' dir='ltr'>qui</span> <span class='ocrx_word' id='word_1_211' title='bbox 1512 2354 1669 2416; x_wconf 88' lang='lat' dir='ltr'>intersunt</span> 
     </span>
     <span class='ocr_line' id='line_1_22' title="bbox 57 2443 1666 2530; baseline -0.004 -23"><span class='ocrx_word' id='word_1_212' title='bbox 57 2451 90 2508; x_wconf 83' lang='lat' dir='ltr'>at</span> <span class='ocrx_word' id='word_1_213' title='bbox 105 2451 205 2526; x_wconf 85' lang='lat' dir='ltr'>autem,</span> <span class='ocrx_word' id='word_1_214' title='bbox 230 2451 317 2530; x_wconf 90' lang='lat' dir='ltr'>quod</span> <span class='ocrx_word' id='word_1_215' title='bbox 341 2455 464 2512; x_wconf 91' lang='lat' dir='ltr'>mortuo</span> <span class='ocrx_word' id='word_1_216' title='bbox 487 2453 572 2530; x_wconf 89' lang='lat' dir='ltr'>Papa</span> <span class='ocrx_word' id='word_1_217' title='bbox 595 2448 728 2510; x_wconf 88' lang='lat' dir='ltr'>obtineri</span> <span class='ocrx_word' id='word_1_218' title='bbox 753 2466 815 2507; x_wconf 91' lang='lat' dir='ltr'>non</span> <span class='ocrx_word' id='word_1_219' title='bbox 871 2443 1001 2504; x_wconf 88' lang='lat' dir='ltr'>Litaniis</span> <span class='ocrx_word' id='word_1_220' title='bbox 1016 2444 1199 2505; x_wconf 89' lang='lat' dir='ltr'>Lauretanis</span> <span class='ocrx_word' id='word_1_221' title='bbox 1213 2444 1244 2503; x_wconf 91' lang='lat' dir='ltr'>in</span> <span class='ocrx_word' id='word_1_222' title='bbox 1261 2443 1346 2504; x_wconf 89' lang='lat' dir='ltr'>iestis</span> <span class='ocrx_word' id='word_1_223' title='bbox 1361 2443 1396 2504; x_wconf 92' lang='lat' dir='ltr'>B.</span> <span class='ocrx_word' id='word_1_224' title='bbox 1414 2443 1455 2504; x_wconf 86' lang='lat' dir='ltr'>ltl.</span> <span class='ocrx_word' id='word_1_225' title='bbox 1468 2445 1505 2506; x_wconf 89' lang='lat' dir='ltr'>V.</span> <span class='ocrx_word' id='word_1_226' title='bbox 1523 2443 1619 2504; x_wconf 90' lang='lat' dir='ltr'>semei</span> <span class='ocrx_word' id='word_1_227' title='bbox 1634 2443 1666 2502; x_wconf 92' lang='lat' dir='ltr'>in</span> 
     </span>
     <span class='ocr_line' id='line_1_23' title="bbox 57 2531 1083 2616; baseline 0.001 -23"><span class='ocrx_word' id='word_1_228' title='bbox 57 2535 147 2611; x_wconf 85' lang='lat' dir='ltr'>possint</span> <span class='ocrx_word' id='word_1_229' title='bbox 159 2540 250 2598; x_wconf 89' lang='lat' dir='ltr'>ltoma</span> <span class='ocrx_word' id='word_1_230' title='bbox 268 2538 520 2616; x_wconf 86' lang='lat' dir='ltr'>dispensationes</span> <span class='ocrx_word' id='word_1_231' title='bbox 545 2537 813 2613; x_wconf 88' lang='lat' dir='ltr'>matrimoniales,</span> <span class='ocrx_word' id='word_1_232' title='bbox 872 2531 1083 2594; x_wconf 87' lang='lat' dir='ltr'>hebdomada.</span> 
     </span>
     <span class='ocr_line' id='line_1_24' title="bbox 58 2619 1666 2705; baseline 0.001 -27"><span class='ocrx_word' id='word_1_233' title='bbox 58 2624 241 2684; x_wconf 86' lang='lat' dir='ltr'>uananuulus</span> <span class='ocrx_word' id='word_1_234' title='bbox 256 2625 426 2687; x_wconf 86' lang='lat' dir='ltr'>Piscatoris</span> <span class='ocrx_word' id='word_1_235' title='bbox 448 2626 513 2686; x_wconf 90' lang='lat' dir='ltr'>sive</span> <span class='ocrx_word' id='word_1_236' title='bbox 536 2626 673 2705; x_wconf 89' lang='lat' dir='ltr'>sigillum</span> <span class='ocrx_word' id='word_1_237' title='bbox 688 2625 817 2685; x_wconf 81' lang='lat' dir='ltr'>Pontifi-</span> <span class='ocrx_word' id='word_1_238' title='bbox 913 2623 943 2680; x_wconf 87' lang='grc'>6.</span> <span class='ocrx_word' id='word_1_239' title='bbox 961 2620 992 2681; x_wconf 89' lang='lat' dir='ltr'>Si</span> <span class='ocrx_word' id='word_1_240' title='bbox 1008 2620 1048 2681; x_wconf 91' lang='lat' dir='ltr'>sit</span> <span class='ocrx_word' id='word_1_241' title='bbox 1071 2621 1182 2700; x_wconf 90' lang='lat' dir='ltr'>aliquis</span> <span class='ocrx_word' id='word_1_242' title='bbox 1205 2621 1303 2696; x_wconf 90' lang='lat' dir='ltr'>locus,</span> <span class='ocrx_word' id='word_1_243' title='bbox 1321 2621 1373 2700; x_wconf 91' lang='lat' dir='ltr'>qni</span> <span class='ocrx_word' id='word_1_244' title='bbox 1389 2620 1429 2681; x_wconf 94' lang='lat' dir='ltr'>ob</span> <span class='ocrx_word' id='word_1_245' title='bbox 1443 2619 1666 2684; x_wconf 85' lang='lat' dir='ltr'>miraculosam</span> 
     </span>
     <span class='ocr_line' id='line_1_25' title="bbox 59 2707 1668 2790; baseline 0.001 -23"><span class='ocrx_word' id='word_1_246' title='bbox 59 2707 89 2768; x_wconf 81' lang='lat' dir='ltr'>tis</span> <span class='ocrx_word' id='word_1_247' title='bbox 100 2709 242 2790; x_wconf 78' lang='lat' dir='ltr'>frangitur.</span> <span class='ocrx_word' id='word_1_248' title='bbox 873 2709 1044 2788; x_wconf 87' lang='lat' dir='ltr'>quamdam</span> <span class='ocrx_word' id='word_1_249' title='bbox 1062 2713 1197 2771; x_wconf 89' lang='lat' dir='ltr'>statuam</span> <span class='ocrx_word' id='word_1_250' title='bbox 1217 2711 1267 2770; x_wconf 87' lang='lat' dir='ltr'>vel</span> <span class='ocrx_word' id='word_1_251' title='bbox 1291 2709 1460 2788; x_wconf 86' lang='lat' dir='ltr'>imaginem</span> <span class='ocrx_word' id='word_1_252' title='bbox 1484 2729 1503 2770; x_wconf 86' lang='lat' dir='ltr'>a</span> <span class='ocrx_word' id='word_1_253' title='bbox 1523 2709 1668 2770; x_wconf 85' lang='lat' dir='ltr'>fidelibus</span> 
     </span>
    </p>

    <p class='ocr_par' dir='ltr' id='par_1_8' title="bbox 59 2795 1669 2968">
     <span class='ocr_line' id='line_1_26' title="bbox 88 2795 1669 2876; baseline -0.002 -16"><span class='ocrx_word' id='word_1_254' title='bbox 88 2795 174 2870; x_wconf 78' lang='lat' dir='ltr'>(tuost.</span> <span class='ocrx_word' id='word_1_255' title='bbox 194 2804 318 2863; x_wconf 81' lang='lat' dir='ltr'>na-</span> <span class='ocrx_word' id='word_1_256' title='bbox 338 2801 411 2876; x_wconf 80' lang='lat' dir='ltr'>Once</span> <span class='ocrx_word' id='word_1_257' title='bbox 431 2801 582 2864; x_wconf 81' lang='lat' dir='ltr'>ordinarie</span> <span class='ocrx_word' id='word_1_258' title='bbox 603 2801 736 2863; x_wconf 81' lang='lat' dir='ltr'>saliendo</span> <span class='ocrx_word' id='word_1_259' title='bbox 758 2801 817 2861; x_wconf 85' lang='lat' dir='ltr'>sint</span> <span class='ocrx_word' id='word_1_260' title='bbox 871 2798 971 2859; x_wconf 90' lang='lat' dir='ltr'>soleat</span> <span class='ocrx_word' id='word_1_261' title='bbox 1009 2795 1282 2875; x_wconf 84' lang='lat' dir='ltr'>processionaliter</span> <span class='ocrx_word' id='word_1_262' title='bbox 1321 2797 1529 2876; x_wconf 84' lang='lat' dir='ltr'>frequentari,</span> <span class='ocrx_word' id='word_1_263' title='bbox 1566 2801 1669 2874; x_wconf 88' lang='lat' dir='ltr'>potest</span> 
     </span>
     <span class='ocr_line' id='line_1_27' title="bbox 59 2883 1669 2968; baseline 0.001 -24"><span class='ocrx_word' id='word_1_264' title='bbox 59 2883 141 2962; x_wconf 78' lang='lat' dir='ltr'>aaa,</span> <span class='ocrx_word' id='word_1_265' title='bbox 151 2885 193 2946; x_wconf 87' lang='lat' dir='ltr'>uei</span> <span class='ocrx_word' id='word_1_266' title='bbox 201 2888 229 2946; x_wconf 86' lang='lat' dir='ltr'>in</span> <span class='ocrx_word' id='word_1_267' title='bbox 243 2887 455 2950; x_wconf 74' lang='lat' dir='ltr'>licentiosum?</span> <span class='ocrx_word' id='word_1_268' title='bbox 465 2893 501 2951; x_wconf 83' lang='lat' dir='ltr'>ll.</span> <span class='ocrx_word' id='word_1_269' title='bbox 516 2891 572 2968; x_wconf 72' lang='lat' dir='ltr'>§t</span> <span class='ocrx_word' id='word_1_270' title='bbox 586 2894 678 2952; x_wconf 78' lang='lat' dir='ltr'>&#39;laxes</span> <span class='ocrx_word' id='word_1_271' title='bbox 692 2893 709 2952; x_wconf 86' lang='lat' dir='ltr'>J</span> <span class='ocrx_word' id='word_1_272' title='bbox 713 2889 816 2950; x_wconf 91' lang='lat' dir='ltr'>urium</span> <span class='ocrx_word' id='word_1_273' title='bbox 871 2885 1010 2966; x_wconf 88' lang='lat' dir='ltr'>quidem,</span> <span class='ocrx_word' id='word_1_274' title='bbox 1027 2889 1141 2964; x_wconf 78' lang='lat' dir='ltr'>prater</span> <span class='ocrx_word' id='word_1_275' title='bbox 1160 2885 1269 2947; x_wconf 90' lang='lat' dir='ltr'>solitas</span> <span class='ocrx_word' id='word_1_276' title='bbox 1284 2885 1510 2963; x_wconf 81' lang='lat' dir='ltr'>Indulgentiae,</span> <span class='ocrx_word' id='word_1_277' title='bbox 1528 2903 1584 2963; x_wconf 88' lang='lat' dir='ltr'>per</span> <span class='ocrx_word' id='word_1_278' title='bbox 1602 2902 1669 2945; x_wconf 88' lang='lat' dir='ltr'>me-</span> 
     </span>
    </p>
   </div>
   <div class='ocr_carea' id='block_1_6' title="bbox 24 2972 1669 3145">
    <p class='ocr_par' dir='ltr' id='par_1_9' title="bbox 24 2972 1669 3145">
     <span class='ocr_line' id='line_1_28' title="bbox 24 2972 1668 3058; baseline 0 -26"><span class='ocrx_word' id='word_1_279' title='bbox 24 3033 25 3040; x_wconf 41' lang='lat'>,</span> <span class='ocrx_word' id='word_1_280' title='bbox 59 2973 420 3040; x_wconf 83' lang='lat' dir='ltr'>solvendorumordinariae</span> <span class='ocrx_word' id='word_1_281' title='bbox 432 2979 723 3054; x_wconf 80' lang='lat' dir='ltr'>dicuntur&#39;iariiire,</span> <span class='ocrx_word' id='word_1_282' title='bbox 737 2995 815 3058; x_wconf 91' lang='lat' dir='ltr'>quas</span> <span class='ocrx_word' id='word_1_283' title='bbox 870 2973 1000 3033; x_wconf 87' lang='lat' dir='ltr'>mariale</span> <span class='ocrx_word' id='word_1_284' title='bbox 1017 2973 1176 3052; x_wconf 87' lang='lat' dir='ltr'>impetrari</span> <span class='ocrx_word' id='word_1_285' title='bbox 1193 2973 1326 3034; x_wconf 87' lang='lat' dir='ltr'>nnaelia</span> <span class='ocrx_word' id='word_1_286' title='bbox 1345 2972 1383 3034; x_wconf 90' lang='lat' dir='ltr'>ad</span> <span class='ocrx_word' id='word_1_287' title='bbox 1400 2972 1598 3051; x_wconf 89' lang='lat' dir='ltr'>septennium</span> <span class='ocrx_word' id='word_1_288' title='bbox 1610 2990 1668 3050; x_wconf 88' lang='lat' dir='ltr'>pro</span> 
     </span>
     <span class='ocr_line' id='line_1_29' title="bbox 24 3061 1669 3145; baseline -0.001 -24"><span class='ocrx_word' id='word_1_289' title='bbox 24 3125 26 3134; x_wconf 67' lang='grc'>,</span> <span class='ocrx_word' id='word_1_290' title='bbox 60 3062 136 3138; x_wconf 84' lang='lat' dir='ltr'>quoad</span> <span class='ocrx_word' id='word_1_291' title='bbox 148 3061 403 3126; x_wconf 80' lang='lat' dir='ltr'>Ponitentt&#39;oriom</span> <span class='ocrx_word' id='word_1_292' title='bbox 419 3066 573 3145; x_wconf 88' lang='lat' dir='ltr'>regulavit</span> <span class='ocrx_word' id='word_1_293' title='bbox 588 3069 619 3128; x_wconf 93' lang='lat' dir='ltr'>S.</span> <span class='ocrx_word' id='word_1_294' title='bbox 637 3067 709 3127; x_wconf 92' lang='lat' dir='ltr'>Pius</span> <span class='ocrx_word' id='word_1_295' title='bbox 720 3069 757 3144; x_wconf 81' lang='lat' dir='ltr'>V,</span> <span class='ocrx_word' id='word_1_296' title='bbox 771 3065 814 3127; x_wconf 91' lang='lat' dir='ltr'>uti</span> <span class='ocrx_word' id='word_1_297' title='bbox 871 3062 1068 3123; x_wconf 83' lang='lat' dir='ltr'>visitantibus</span> <span class='ocrx_word' id='word_1_298' title='bbox 1084 3062 1203 3122; x_wconf 88' lang='lat' dir='ltr'>dictum</span> <span class='ocrx_word' id='word_1_299' title='bbox 1217 3062 1321 3122; x_wconf 88' lang='lat' dir='ltr'>locum</span> <span class='ocrx_word' id='word_1_300' title='bbox 1339 3062 1434 3121; x_wconf 89' lang='lat' dir='ltr'>semel</span> <span class='ocrx_word' id='word_1_301' title='bbox 1450 3061 1481 3122; x_wconf 92' lang='lat' dir='ltr'>in</span> <span class='ocrx_word' id='word_1_302' title='bbox 1497 3080 1596 3137; x_wconf 89' lang='lat' dir='ltr'>anno,</span> <span class='ocrx_word' id='word_1_303' title='bbox 1613 3061 1669 3121; x_wconf 87' lang='lat' dir='ltr'>sed</span> 
     </span>
    </p>
   </div>
   <div class='ocr_carea' id='block_1_7' title="bbox 59 3148 1669 3408">
    <p class='ocr_par' dir='ltr' id='par_1_10' title="bbox 59 3148 1669 3408">
     <span class='ocr_line' id='line_1_30' title="bbox 60 3148 1669 3230; baseline 0.001 -23"><span class='ocrx_word' id='word_1_304' title='bbox 60 3149 252 3230; x_wconf 86' lang='lat' dir='ltr'>reiertPignat.</span> <span class='ocrx_word' id='word_1_305' title='bbox 273 3154 310 3213; x_wconf 87' lang='lat' dir='ltr'>T.</span> <span class='ocrx_word' id='word_1_306' title='bbox 327 3158 357 3214; x_wconf 82' lang='lat'>7.</span> <span class='ocrx_word' id='word_1_307' title='bbox 374 3153 817 3230; x_wconf 67' lang='lat' dir='ltr'>c.22,n.18.0uantitasuu-</span> <span class='ocrx_word' id='word_1_308' title='bbox 872 3151 966 3211; x_wconf 88' lang='lat' dir='ltr'>debet</span> <span class='ocrx_word' id='word_1_309' title='bbox 988 3151 1068 3212; x_wconf 88' lang='lat' dir='ltr'>mitti</span> <span class='ocrx_word' id='word_1_310' title='bbox 1093 3149 1251 3211; x_wconf 88' lang='lat' dir='ltr'>attestatio</span> <span class='ocrx_word' id='word_1_311' title='bbox 1277 3150 1316 3211; x_wconf 91' lang='lat' dir='ltr'>ab</span> <span class='ocrx_word' id='word_1_312' title='bbox 1338 3149 1503 3212; x_wconf 89' lang='lat' dir='ltr'>Ordinarlo</span> <span class='ocrx_word' id='word_1_313' title='bbox 1527 3149 1577 3210; x_wconf 86' lang='lat' dir='ltr'>vel</span> <span class='ocrx_word' id='word_1_314' title='bbox 1601 3148 1669 3228; x_wconf 90' lang='lat' dir='ltr'>ejus</span> 
     </span>
     <span class='ocr_line' id='line_1_31' title="bbox 59 3237 1669 3320; baseline 0.001 -24"><span class='ocrx_word' id='word_1_315' title='bbox 59 3239 104 3296; x_wconf 73' lang='lat' dir='ltr'>um</span> <span class='ocrx_word' id='word_1_316' title='bbox 119 3240 228 3300; x_wconf 83' lang='lat' dir='ltr'>tur-ium</span> <span class='ocrx_word' id='word_1_317' title='bbox 242 3241 373 3302; x_wconf 87' lang='lat' dir='ltr'>istorum</span> <span class='ocrx_word' id='word_1_318' title='bbox 389 3242 490 3303; x_wconf 86' lang='lat' dir='ltr'>variat</span> <span class='ocrx_word' id='word_1_319' title='bbox 509 3243 682 3302; x_wconf 89' lang='lat' dir='ltr'>seeundum</span> <span class='ocrx_word' id='word_1_320' title='bbox 698 3247 816 3320; x_wconf 90' lang='lat' dir='ltr'>tempo·</span> <span class='ocrx_word' id='word_1_321' title='bbox 871 3238 1013 3316; x_wconf 81' lang='lat' dir='ltr'>vicario,</span> <span class='ocrx_word' id='word_1_322' title='bbox 1032 3239 1064 3300; x_wconf 91' lang='lat' dir='ltr'>vi</span> <span class='ocrx_word' id='word_1_323' title='bbox 1085 3238 1174 3318; x_wconf 88' lang='lat' dir='ltr'>cujus</span> <span class='ocrx_word' id='word_1_324' title='bbox 1194 3239 1271 3300; x_wconf 86' lang='lat' dir='ltr'>fides</span> <span class='ocrx_word' id='word_1_325' title='bbox 1287 3239 1341 3298; x_wconf 85' lang='lat' dir='ltr'>fiat</span> <span class='ocrx_word' id='word_1_326' title='bbox 1357 3238 1441 3318; x_wconf 91' lang='lat' dir='ltr'>quod</span> <span class='ocrx_word' id='word_1_327' title='bbox 1455 3255 1566 3299; x_wconf 88' lang='lat' dir='ltr'>revera</span> <span class='ocrx_word' id='word_1_328' title='bbox 1582 3237 1669 3298; x_wconf 91' lang='lat' dir='ltr'>loeus</span> 
     </span>
     <span class='ocr_line' id='line_1_32' title="bbox 60 3326 1012 3408; baseline 0.005 -26"><span class='ocrx_word' id='word_1_329' title='bbox 60 3339 96 3400; x_wconf 86' lang='lat' dir='ltr'>ra,</span> <span class='ocrx_word' id='word_1_330' title='bbox 109 3331 133 3386; x_wconf 88' lang='lat' dir='ltr'>et</span> <span class='ocrx_word' id='word_1_331' title='bbox 150 3326 391 3390; x_wconf 79' lang='lat' dir='ltr'>circumstantias</span> <span class='ocrx_word' id='word_1_332' title='bbox 412 3335 479 3389; x_wconf 88' lang='lat' dir='ltr'>tum</span> <span class='ocrx_word' id='word_1_333' title='bbox 501 3347 728 3408; x_wconf 89' lang='lat' dir='ltr'>personarum,</span> <span class='ocrx_word' id='word_1_334' title='bbox 749 3335 816 3390; x_wconf 90' lang='lat' dir='ltr'>tum</span> <span class='ocrx_word' id='word_1_335' title='bbox 871 3327 942 3388; x_wconf 89' lang='lat' dir='ltr'>talis</span> <span class='ocrx_word' id='word_1_336' title='bbox 963 3327 1012 3389; x_wconf 88' lang='lat' dir='ltr'>sit.</span> 
     </span>
    </p>
   </div>
   <div class='ocr_carea' id='block_1_8' title="bbox 25 3409 1668 3497">
    <p class='ocr_par' dir='ltr' id='par_1_11' title="bbox 25 3409 1668 3497">
     <span class='ocr_line' id='line_1_33' title="bbox 25 3409 1668 3497; baseline 0.005 -28"><span class='ocrx_word' id='word_1_337' title='bbox 25 3493 26 3497; x_wconf 7' lang='grc' dir='ltr'><strong>Ἰ</strong></span> <span class='ocrx_word' id='word_1_338' title='bbox 61 3409 130 3472; x_wconf 82' lang='lat' dir='ltr'>eiiam</span> <span class='ocrx_word' id='word_1_339' title='bbox 144 3431 300 3476; x_wconf 88' lang='lat' dir='ltr'>causarum</span> <span class='ocrx_word' id='word_1_340' title='bbox 319 3433 388 3495; x_wconf 85' lang='lat' dir='ltr'>quae</span> <span class='ocrx_word' id='word_1_341' title='bbox 399 3417 584 3494; x_wconf 84' lang='lat' dir='ltr'>allegantur.</span> <span class='ocrx_word' id='word_1_342' title='bbox 598 3415 723 3496; x_wconf 84' lang='lat' dir='ltr'>Etjuste</span> <span class='ocrx_word' id='word_1_343' title='bbox 735 3416 815 3496; x_wconf 89' lang='lat' dir='ltr'>exigi</span> <span class='ocrx_word' id='word_1_344' title='bbox 911 3417 1217 3479; x_wconf 61' lang='lat' dir='ltr'>beronensibus</span> <span class='ocrx_word' id='word_1_345' title='bbox 1242 3418 1356 3478; x_wconf 90' lang='lat' dir='ltr'>dantur</span> <span class='ocrx_word' id='word_1_346' title='bbox 1379 3417 1546 3496; x_wconf 86' lang='lat' dir='ltr'>sequentes</span> <span class='ocrx_word' id='word_1_347' title='bbox 1565 3416 1668 3477; x_wconf 93' lang='lat' dir='ltr'>lndul·</span> 
     </span>
    </p>
   </div>
   <div class='ocr_carea' id='block_1_9' title="bbox 62 3496 1674 4726">
    <p class='ocr_par' dir='ltr' id='par_1_12' title="bbox 62 3496 1672 4372">
     <span class='ocr_line' id='line_1_34' title="bbox 63 3496 1670 3583; baseline 0.004 -26"><span class='ocrx_word' id='word_1_348' title='bbox 63 3496 193 3562; x_wconf 71' lang='lat' dir='ltr'>elatura</span> <span class='ocrx_word' id='word_1_349' title='bbox 205 3507 325 3564; x_wconf 86' lang='lat' dir='ltr'>certum</span> <span class='ocrx_word' id='word_1_350' title='bbox 336 3507 394 3580; x_wconf 89' lang='lat' dir='ltr'>est,</span> <span class='ocrx_word' id='word_1_351' title='bbox 411 3505 522 3565; x_wconf 87' lang='lat' dir='ltr'>saltem</span> <span class='ocrx_word' id='word_1_352' title='bbox 537 3504 568 3564; x_wconf 92' lang='lat' dir='ltr'>in</span> <span class='ocrx_word' id='word_1_353' title='bbox 583 3506 743 3582; x_wconf 89' lang='lat' dir='ltr'>mulctam,</span> <span class='ocrx_word' id='word_1_354' title='bbox 761 3525 816 3564; x_wconf 90' lang='lat' dir='ltr'>seu</span> <span class='ocrx_word' id='word_1_355' title='bbox 871 3504 984 3583; x_wconf 70' lang='lat' dir='ltr'>gentica</span> <span class='ocrx_word' id='word_1_356' title='bbox 1002 3505 1167 3566; x_wconf 75' lang='lat' dir='ltr'>ordinariae</span> <span class='ocrx_word' id='word_1_357' title='bbox 1183 3505 1223 3565; x_wconf 88' lang='lat' dir='ltr'>ad</span> <span class='ocrx_word' id='word_1_358' title='bbox 1239 3505 1454 3583; x_wconf 89' lang='lat' dir='ltr'>septennium:</span> <span class='ocrx_word' id='word_1_359' title='bbox 1472 3503 1670 3582; x_wconf 87' lang='lat' dir='ltr'>Indulgentia</span> 
     </span>
     <span class='ocr_line' id='line_1_35' title="bbox 62 3590 1669 3671; baseline 0.006 -28"><span class='ocrx_word' id='word_1_360' title='bbox 62 3601 166 3664; x_wconf 85' lang='lat' dir='ltr'>ponam,</span> <span class='ocrx_word' id='word_1_361' title='bbox 182 3595 213 3650; x_wconf 89' lang='lat' dir='ltr'>ut</span> <span class='ocrx_word' id='word_1_362' title='bbox 226 3590 303 3650; x_wconf 81' lang='lat' dir='ltr'>tales</span> <span class='ocrx_word' id='word_1_363' title='bbox 319 3590 460 3669; x_wconf 88' lang='lat' dir='ltr'>impediti</span> <span class='ocrx_word' id='word_1_364' title='bbox 475 3591 664 3668; x_wconf 87' lang='lat' dir='ltr'>abstineant,</span> <span class='ocrx_word' id='word_1_365' title='bbox 677 3591 701 3652; x_wconf 90' lang='lat' dir='ltr'>si</span> <span class='ocrx_word' id='word_1_366' title='bbox 719 3592 817 3652; x_wconf 92' lang='lat' dir='ltr'>nolint</span> <span class='ocrx_word' id='word_1_367' title='bbox 872 3609 935 3651; x_wconf 88' lang='lat' dir='ltr'>una</span> <span class='ocrx_word' id='word_1_368' title='bbox 950 3610 1005 3669; x_wconf 91' lang='lat' dir='ltr'>pro</span> <span class='ocrx_word' id='word_1_369' title='bbox 1021 3593 1166 3654; x_wconf 88' lang='lat' dir='ltr'>omnibus</span> <span class='ocrx_word' id='word_1_370' title='bbox 1177 3593 1288 3654; x_wconf 84' lang='lat' dir='ltr'>Christi</span> <span class='ocrx_word' id='word_1_371' title='bbox 1298 3594 1453 3667; x_wconf 67' lang='lat' dir='ltr'>fidelibus</span> <span class='ocrx_word' id='word_1_372' title='bbox 1463 3591 1669 3671; x_wconf 83' lang='lat' dir='ltr'>indulgentiae</span> 
     </span>
     <span class='ocr_line' id='line_1_36' title="bbox 62 3671 1669 3759; baseline 0.004 -25"><span class='ocrx_word' id='word_1_373' title='bbox 62 3671 130 3734; x_wconf 77' lang='lat' dir='ltr'>trlsm</span> <span class='ocrx_word' id='word_1_374' title='bbox 150 3693 268 3753; x_wconf 72' lang='lat' dir='ltr'>planam</span> <span class='ocrx_word' id='word_1_375' title='bbox 288 3681 442 3758; x_wconf 79' lang='lat' dir='ltr'>pendere3</span> <span class='ocrx_word' id='word_1_376' title='bbox 466 3685 575 3758; x_wconf 90' lang='lat' dir='ltr'>estque</span> <span class='ocrx_word' id='word_1_377' title='bbox 595 3680 635 3740; x_wconf 90' lang='lat' dir='ltr'>ad</span> <span class='ocrx_word' id='word_1_378' title='bbox 657 3681 818 3741; x_wconf 84' lang='lat' dir='ltr'>deterren-</span> <span class='ocrx_word' id='word_1_379' title='bbox 873 3683 1007 3757; x_wconf 89' lang='lat' dir='ltr'>quatuor</span> <span class='ocrx_word' id='word_1_380' title='bbox 1021 3681 1276 3759; x_wconf 82' lang='lat' dir='ltr'>prollonialibns</span> <span class='ocrx_word' id='word_1_381' title='bbox 1292 3687 1424 3758; x_wconf 89' lang='lat' dir='ltr'>tautum,</span> <span class='ocrx_word' id='word_1_382' title='bbox 1443 3680 1669 3759; x_wconf 85' lang='lat' dir='ltr'>Indulgentia&#39;l</span> 
     </span>
     <span class='ocr_line' id='line_1_37' title="bbox 63 3759 1670 3850; baseline 0.004 -28"><span class='ocrx_word' id='word_1_383' title='bbox 63 3759 276 3838; x_wconf 75' lang='lat' dir='ltr'>domnamaria</span> <span class='ocrx_word' id='word_1_384' title='bbox 293 3768 393 3830; x_wconf 91' lang='lat' dir='ltr'>abusu</span> <span class='ocrx_word' id='word_1_385' title='bbox 415 3770 566 3830; x_wconf 87' lang='lat' dir='ltr'>vilescant</span> <span class='ocrx_word' id='word_1_386' title='bbox 584 3769 703 3850; x_wconf 90' lang='lat' dir='ltr'>antiqui</span> <span class='ocrx_word' id='word_1_387' title='bbox 719 3771 818 3830; x_wconf 90' lang='lat' dir='ltr'>Cano-</span> <span class='ocrx_word' id='word_1_388' title='bbox 872 3765 1038 3842; x_wconf 74' lang='lat' dir='ltr'>altarium,</span> <span class='ocrx_word' id='word_1_389' title='bbox 1055 3768 1080 3827; x_wconf 91' lang='lat' dir='ltr'>si</span> <span class='ocrx_word' id='word_1_390' title='bbox 1096 3773 1141 3830; x_wconf 93' lang='lat' dir='ltr'>tot</span> <span class='ocrx_word' id='word_1_391' title='bbox 1156 3769 1269 3846; x_wconf 88' lang='lat' dir='ltr'>adsint,</span> <span class='ocrx_word' id='word_1_392' title='bbox 1296 3767 1494 3848; x_wconf 87' lang='lat' dir='ltr'>indulgentia</span> <span class='ocrx_word' id='word_1_393' title='bbox 1507 3773 1543 3840; x_wconf 69' lang='grc' dir='ltr'>Ἲς</span> <span class='ocrx_word' id='word_1_394' title='bbox 1565 3768 1670 3829; x_wconf 85' lang='lat' dir='ltr'>Eccle-</span> 
     </span>
     <span class='ocr_line' id='line_1_38' title="bbox 63 3848 1672 3936; baseline 0.007 -32"><span class='ocrx_word' id='word_1_395' title='bbox 63 3848 308 3928; x_wconf 84' lang='lat' dir='ltr'>nrsimprobantes</span> <span class='ocrx_word' id='word_1_396' title='bbox 330 3855 532 3918; x_wconf 88' lang='lat' dir='ltr'>matrimonia</span> <span class='ocrx_word' id='word_1_397' title='bbox 553 3875 624 3918; x_wconf 89' lang='lat' dir='ltr'>oum</span> <span class='ocrx_word' id='word_1_398' title='bbox 645 3857 699 3918; x_wconf 93' lang='lat' dir='ltr'>tali</span> <span class='ocrx_word' id='word_1_399' title='bbox 719 3857 818 3934; x_wconf 91' lang='lat' dir='ltr'>impe·</span> <span class='ocrx_word' id='word_1_400' title='bbox 872 3855 1002 3928; x_wconf 87' lang='lat' dir='ltr'>siarum;</span> <span class='ocrx_word' id='word_1_401' title='bbox 1040 3857 1237 3936; x_wconf 86' lang='lat' dir='ltr'>induigentia</span> <span class='ocrx_word' id='word_1_402' title='bbox 1276 3858 1367 3918; x_wconf 87' lang='lat' dir='ltr'>scales</span> <span class='ocrx_word' id='word_1_403' title='bbox 1404 3861 1530 3929; x_wconf 79' lang='lat' dir='ltr'>sancta3</span> <span class='ocrx_word' id='word_1_404' title='bbox 1566 3855 1672 3917; x_wconf 91' lang='lat' dir='ltr'>lndul-</span> 
     </span>
     <span class='ocr_line' id='line_1_39' title="bbox 62 3932 1671 4024; baseline 0.006 -30"><span class='ocrx_word' id='word_1_405' title='bbox 62 3932 167 3999; x_wconf 85' lang='lat' dir='ltr'>dinento</span> <span class='ocrx_word' id='word_1_406' title='bbox 198 3940 344 4006; x_wconf 90' lang='lat' dir='ltr'>ineunda.</span> <span class='ocrx_word' id='word_1_407' title='bbox 377 3945 605 4024; x_wconf 89' lang='lat' dir='ltr'>impenduntur</span> <span class='ocrx_word' id='word_1_408' title='bbox 631 3949 737 4006; x_wconf 90' lang='lat' dir='ltr'>autem</span> <span class='ocrx_word' id='word_1_409' title='bbox 764 3945 819 4005; x_wconf 88' lang='lat' dir='ltr'>illa</span> <span class='ocrx_word' id='word_1_410' title='bbox 872 3943 979 4023; x_wconf 86' lang='lat' dir='ltr'>gentle</span> <span class='ocrx_word' id='word_1_411' title='bbox 1011 3945 1041 4004; x_wconf 92' lang='lat' dir='ltr'>in</span> <span class='ocrx_word' id='word_1_412' title='bbox 1076 3946 1206 4007; x_wconf 90' lang='lat' dir='ltr'>articulo</span> <span class='ocrx_word' id='word_1_413' title='bbox 1243 3946 1352 4007; x_wconf 88' lang='lat' dir='ltr'>mortis</span> <span class='ocrx_word' id='word_1_414' title='bbox 1383 3967 1390 4009; x_wconf 89' lang='lat'>:</span> <span class='ocrx_word' id='word_1_415' title='bbox 1421 3941 1452 4006; x_wconf 89' lang='lat' dir='ltr'>ei</span> <span class='ocrx_word' id='word_1_416' title='bbox 1483 3944 1531 4005; x_wconf 81' lang='lat' dir='ltr'>ha</span> <span class='ocrx_word' id='word_1_417' title='bbox 1563 3961 1671 4006; x_wconf 89' lang='lat' dir='ltr'>omnes</span> 
     </span>
     <span class='ocr_line' id='line_1_40' title="bbox 63 4026 1671 4120; baseline 0.007 -39"><span class='ocrx_word' id='word_1_418' title='bbox 63 4039 112 4120; x_wconf 88' lang='lat' dir='ltr'>qna</span> <span class='ocrx_word' id='word_1_419' title='bbox 130 4026 284 4106; x_wconf 80' lang='lat' dir='ltr'>eriguntur</span> <span class='ocrx_word' id='word_1_420' title='bbox 306 4032 346 4092; x_wconf 88' lang='lat' dir='ltr'>ad</span> <span class='ocrx_word' id='word_1_421' title='bbox 366 4034 460 4093; x_wconf 87' lang='lat' dir='ltr'>finem</span> <span class='ocrx_word' id='word_1_422' title='bbox 486 4034 604 4095; x_wconf 90' lang='lat' dir='ltr'>bonum</span> <span class='ocrx_word' id='word_1_423' title='bbox 628 4039 659 4095; x_wconf 90' lang='lat' dir='ltr'>et</span> <span class='ocrx_word' id='word_1_424' title='bbox 677 4052 818 4094; x_wconf 86' lang='lat' dir='ltr'>necessa·</span> <span class='ocrx_word' id='word_1_425' title='bbox 873 4038 946 4094; x_wconf 89' lang='lat' dir='ltr'>sunt</span> <span class='ocrx_word' id='word_1_426' title='bbox 961 4034 1120 4110; x_wconf 76' lang='lat' dir='ltr'>plenariae.</span> <span class='ocrx_word' id='word_1_427' title='bbox 1139 4035 1336 4113; x_wconf 83' lang='lat' dir='ltr'>Indulgentia</span> <span class='ocrx_word' id='word_1_428' title='bbox 1357 4039 1415 4096; x_wconf 85' lang='lat' dir='ltr'>luo</span> <span class='ocrx_word' id='word_1_429' title='bbox 1436 4034 1569 4109; x_wconf 89' lang='lat' dir='ltr'>dierum,</span> <span class='ocrx_word' id='word_1_430' title='bbox 1586 4033 1671 4094; x_wconf 90' lang='lat' dir='ltr'>siin·</span> 
     </span>
     <span class='ocr_line' id='line_1_41' title="bbox 63 4119 1671 4200; baseline 0.006 -28"><span class='ocrx_word' id='word_1_431' title='bbox 63 4121 172 4191; x_wconf 75' lang='lat' dir='ltr'>namot</span> <span class='ocrx_word' id='word_1_432' title='bbox 191 4119 315 4180; x_wconf 87' lang='lat' dir='ltr'>alantur</span> <span class='ocrx_word' id='word_1_433' title='bbox 342 4121 496 4184; x_wconf 79' lang='lat' dir='ltr'>officiales</span> <span class='ocrx_word' id='word_1_434' title='bbox 520 4123 619 4184; x_wconf 76' lang='lat' dir='ltr'>Curia</span> <span class='ocrx_word' id='word_1_435' title='bbox 649 4125 816 4198; x_wconf 72' lang='lat' dir='ltr'>Romanas,</span> <span class='ocrx_word' id='word_1_436' title='bbox 873 4121 984 4182; x_wconf 81' lang='lat' dir='ltr'>tei-sint</span> <span class='ocrx_word' id='word_1_437' title='bbox 1007 4122 1136 4182; x_wconf 88' lang='lat' dir='ltr'>Litnniis</span> <span class='ocrx_word' id='word_1_438' title='bbox 1158 4123 1358 4198; x_wconf 87' lang='lat' dir='ltr'>Lauretanis,</span> <span class='ocrx_word' id='word_1_439' title='bbox 1381 4127 1538 4200; x_wconf 87' lang='lat' dir='ltr'>utsupra.</span> <span class='ocrx_word' id='word_1_440' title='bbox 1565 4121 1671 4182; x_wconf 84' lang='lat' dir='ltr'>Altare</span> 
     </span>
     <span class='ocr_line' id='line_1_42' title="bbox 63 4202 1672 4289; baseline 0.004 -26"><span class='ocrx_word' id='word_1_441' title='bbox 63 4202 111 4260; x_wconf 80' lang='lat' dir='ltr'>lum</span> <span class='ocrx_word' id='word_1_442' title='bbox 122 4209 150 4266; x_wconf 89' lang='lat' dir='ltr'>u</span> <span class='ocrx_word' id='word_1_443' title='bbox 165 4206 228 4267; x_wconf 90' lang='lat' dir='ltr'>aliis</span> <span class='ocrx_word' id='word_1_444' title='bbox 247 4208 381 4287; x_wconf 88' lang='lat' dir='ltr'>publicis</span> <span class='ocrx_word' id='word_1_445' title='bbox 396 4211 634 4273; x_wconf 88' lang='lat' dir='ltr'>necessitatibus</span> <span class='ocrx_word' id='word_1_446' title='bbox 653 4211 819 4289; x_wconf 89' lang='lat' dir='ltr'>providea—</span> <span class='ocrx_word' id='word_1_447' title='bbox 837 4270 844 4285; x_wconf 67' lang='grc'>,</span> <span class='ocrx_word' id='word_1_448' title='bbox 875 4206 1107 4288; x_wconf 88' lang='lat' dir='ltr'>privilegiatum</span> <span class='ocrx_word' id='word_1_449' title='bbox 1122 4229 1179 4288; x_wconf 91' lang='lat' dir='ltr'>pro</span> <span class='ocrx_word' id='word_1_450' title='bbox 1194 4211 1359 4272; x_wconf 85' lang='lat' dir='ltr'>animabus</span> <span class='ocrx_word' id='word_1_451' title='bbox 1374 4209 1566 4288; x_wconf 80' lang='lat' dir='ltr'>lilonialium‚</span> <span class='ocrx_word' id='word_1_452' title='bbox 1592 4213 1672 4270; x_wconf 87' lang='lat' dir='ltr'>Fun-</span> 
     </span>
     <span class='ocr_line' id='line_1_43' title="bbox 63 4289 1298 4372; baseline 0.009 -26"><span class='ocrx_word' id='word_1_453' title='bbox 63 4289 107 4350; x_wconf 88' lang='lat' dir='ltr'>lur.</span> <span class='ocrx_word' id='word_1_454' title='bbox 874 4293 1029 4372; x_wconf 87' lang='lat' dir='ltr'>datorum,</span> <span class='ocrx_word' id='word_1_455' title='bbox 1047 4299 1298 4358; x_wconf 89' lang='lat' dir='ltr'>Beneiaetorum.</span> 
     </span>
    </p>

    <p class='ocr_par' dir='ltr' id='par_1_13' title="bbox 64 4377 1674 4726">
     <span class='ocr_line' id='line_1_44' title="bbox 91 4377 1674 4467; baseline 0.005 -26"><span class='ocrx_word' id='word_1_456' title='bbox 91 4377 143 4456; x_wconf 71' lang='lat'>§2</span> <span class='ocrx_word' id='word_1_457' title='bbox 161 4383 243 4446; x_wconf 79' lang='lat' dir='ltr'>Circa</span> <span class='ocrx_word' id='word_1_458' title='bbox 255 4386 318 4448; x_wconf 87' lang='lat' dir='ltr'>ista</span> <span class='ocrx_word' id='word_1_459' title='bbox 331 4388 437 4449; x_wconf 89' lang='lat' dir='ltr'>omnia</span> <span class='ocrx_word' id='word_1_460' title='bbox 452 4406 535 4467; x_wconf 91' lang='lat' dir='ltr'>pono</span> <span class='ocrx_word' id='word_1_461' title='bbox 551 4388 602 4449; x_wconf 91' lang='lat' dir='ltr'>bic</span> <span class='ocrx_word' id='word_1_462' title='bbox 626 4389 820 4450; x_wconf 86' lang='lat' dir='ltr'>informatio-</span> <span class='ocrx_word' id='word_1_463' title='bbox 914 4387 943 4445; x_wconf 84' lang='grc'>8.</span> <span class='ocrx_word' id='word_1_464' title='bbox 959 4384 1165 4463; x_wconf 74' lang='lat' dir='ltr'>Indulgentiae</span> <span class='ocrx_word' id='word_1_465' title='bbox 1179 4393 1339 4466; x_wconf 88' lang='lat' dir='ltr'>perpetuae</span> <span class='ocrx_word' id='word_1_466' title='bbox 1362 4388 1414 4448; x_wconf 83' lang='lat' dir='ltr'>vir</span> <span class='ocrx_word' id='word_1_467' title='bbox 1436 4387 1569 4464; x_wconf 90' lang='lat' dir='ltr'>dantur,</span> <span class='ocrx_word' id='word_1_468' title='bbox 1593 4387 1674 4449; x_wconf 89' lang='lat' dir='ltr'>sicut</span> 
     </span>
     <span class='ocr_line' id='line_1_45' title="bbox 65 4472 1673 4562; baseline 0.002 -30"><span class='ocrx_word' id='word_1_469' title='bbox 65 4482 112 4562; x_wconf 55' lang='grc' dir='ltr'>Περ,</span> <span class='ocrx_word' id='word_1_470' title='bbox 125 4477 206 4547; x_wconf 85' lang='lat' dir='ltr'>prout</span> <span class='ocrx_word' id='word_1_471' title='bbox 225 4474 301 4536; x_wconf 88' lang='lat' dir='ltr'>mihi</span> <span class='ocrx_word' id='word_1_472' title='bbox 318 4478 555 4538; x_wconf 87' lang='lat' dir='ltr'>communicatae</span> <span class='ocrx_word' id='word_1_473' title='bbox 578 4481 660 4553; x_wconf 91' lang='lat' dir='ltr'>sunt,</span> <span class='ocrx_word' id='word_1_474' title='bbox 677 4477 819 4556; x_wconf 87' lang='lat' dir='ltr'>quamvis</span> <span class='ocrx_word' id='word_1_475' title='bbox 875 4472 1135 4549; x_wconf 88' lang='lat' dir='ltr'>nequeduranlcs</span> <span class='ocrx_word' id='word_1_476' title='bbox 1151 4476 1233 4536; x_wconf 89' lang='lat' dir='ltr'>ultra</span> <span class='ocrx_word' id='word_1_477' title='bbox 1242 4475 1452 4555; x_wconf 90' lang='lat' dir='ltr'>septennium,</span> <span class='ocrx_word' id='word_1_478' title='bbox 1465 4475 1523 4536; x_wconf 90' lang='lat' dir='ltr'>nisi</span> <span class='ocrx_word' id='word_1_479' title='bbox 1535 4495 1592 4555; x_wconf 91' lang='lat' dir='ltr'>pro</span> <span class='ocrx_word' id='word_1_480' title='bbox 1602 4495 1673 4554; x_wconf 90' lang='lat' dir='ltr'>par-</span> 
     </span>
     <span class='ocr_line' id='line_1_46' title="bbox 64 4559 1674 4644; baseline 0.006 -30"><span class='ocrx_word' id='word_1_481' title='bbox 64 4565 135 4614; x_wconf 73' lang='lat' dir='ltr'>tuam</span> <span class='ocrx_word' id='word_1_482' title='bbox 152 4560 188 4620; x_wconf 94' lang='lat' dir='ltr'>ob</span> <span class='ocrx_word' id='word_1_483' title='bbox 204 4561 410 4624; x_wconf 87' lang='lat' dir='ltr'>variationem</span> <span class='ocrx_word' id='word_1_484' title='bbox 433 4564 738 4626; x_wconf 85' lang='lat' dir='ltr'>circumstantiarum</span> <span class='ocrx_word' id='word_1_485' title='bbox 758 4583 819 4624; x_wconf 92' lang='lat' dir='ltr'>non</span> <span class='ocrx_word' id='word_1_486' title='bbox 875 4559 957 4620; x_wconf 91' lang='lat' dir='ltr'>tibus</span> <span class='ocrx_word' id='word_1_487' title='bbox 972 4561 1063 4623; x_wconf 85' lang='lat' dir='ltr'>valde</span> <span class='ocrx_word' id='word_1_488' title='bbox 1080 4563 1217 4640; x_wconf 88' lang='lat' dir='ltr'>remotis,</span> <span class='ocrx_word' id='word_1_489' title='bbox 1235 4583 1291 4642; x_wconf 92' lang='lat' dir='ltr'>pro</span> <span class='ocrx_word' id='word_1_490' title='bbox 1307 4565 1420 4644; x_wconf 90' lang='lat' dir='ltr'>quibus</span> <span class='ocrx_word' id='word_1_491' title='bbox 1434 4563 1549 4625; x_wconf 89' lang='lat' dir='ltr'>dantur</span> <span class='ocrx_word' id='word_1_492' title='bbox 1563 4563 1604 4626; x_wconf 86' lang='lat' dir='ltr'>ad</span> <span class='ocrx_word' id='word_1_493' title='bbox 1619 4565 1674 4626; x_wconf 91' lang='lat' dir='ltr'>de-</span> 
     </span>
     <span class='ocr_line' id='line_1_47' title="bbox 65 4647 1316 4726; baseline 0.01 -25"><span class='ocrx_word' id='word_1_494' title='bbox 65 4647 286 4717; x_wconf 75' lang='lat' dir='ltr'>superandam</span> <span class='ocrx_word' id='word_1_495' title='bbox 306 4649 400 4710; x_wconf 90' lang='lat' dir='ltr'>modo</span> <span class='ocrx_word' id='word_1_496' title='bbox 424 4648 600 4722; x_wconf 88' lang='lat' dir='ltr'>observari;</span> <span class='ocrx_word' id='word_1_497' title='bbox 626 4651 736 4711; x_wconf 87' lang='lat' dir='ltr'>saltem</span> <span class='ocrx_word' id='word_1_498' title='bbox 758 4669 820 4710; x_wconf 90' lang='lat' dir='ltr'>ser·</span> <span class='ocrx_word' id='word_1_499' title='bbox 875 4647 1032 4726; x_wconf 86' lang='lat' dir='ltr'>connium,</span> <span class='ocrx_word' id='word_1_500' title='bbox 1049 4651 1099 4711; x_wconf 88' lang='lat' dir='ltr'>vel</span> <span class='ocrx_word' id='word_1_501' title='bbox 1114 4651 1208 4712; x_wconf 88' lang='lat' dir='ltr'>etiam</span> <span class='ocrx_word' id='word_1_502' title='bbox 1224 4653 1316 4714; x_wconf 89' lang='lat' dir='ltr'>ultra.</span> 
     </span>
    </p>
   </div>
   <div class='ocr_carea' id='block_1_10' title="bbox 64 4723 1675 4904">
    <p class='ocr_par' dir='ltr' id='par_1_14' title="bbox 64 4723 1675 4904">
     <span class='ocr_line' id='line_1_48' title="bbox 64 4723 1675 4820; baseline 0.014 -42"><span class='ocrx_word' id='word_1_503' title='bbox 64 4723 240 4794; x_wconf 83' lang='lat' dir='ltr'>vienthaoad</span> <span class='ocrx_word' id='word_1_504' title='bbox 250 4735 419 4815; x_wconf 89' lang='lat' dir='ltr'>aliqualem</span> <span class='ocrx_word' id='word_1_505' title='bbox 431 4737 648 4814; x_wconf 86' lang='lat' dir='ltr'>directionem,</span> <span class='ocrx_word' id='word_1_506' title='bbox 659 4737 820 4818; x_wconf 90' lang='lat' dir='ltr'>ctiampro</span> <span class='ocrx_word' id='word_1_507' title='bbox 915 4737 944 4795; x_wconf 87' lang='grc'>9.</span> <span class='ocrx_word' id='word_1_508' title='bbox 962 4737 1092 4807; x_wconf 80' lang='lat' dir='ltr'>Quando</span> <span class='ocrx_word' id='word_1_509' title='bbox 1109 4758 1206 4818; x_wconf 89' lang='lat' dir='ltr'>agens</span> <span class='ocrx_word' id='word_1_510' title='bbox 1221 4739 1252 4800; x_wconf 91' lang='lat' dir='ltr'>in</span> <span class='ocrx_word' id='word_1_511' title='bbox 1267 4741 1359 4803; x_wconf 88' lang='lat' dir='ltr'>Curia</span> <span class='ocrx_word' id='word_1_512' title='bbox 1374 4743 1515 4802; x_wconf 83' lang='lat' dir='ltr'>Romana</span> <span class='ocrx_word' id='word_1_513' title='bbox 1526 4744 1675 4820; x_wconf 89' lang='lat' dir='ltr'>procurat</span> 
     </span>
     <span class='ocr_line' id='line_1_49' title="bbox 65 4810 1672 4904; baseline 0.011 -34"><span class='ocrx_word' id='word_1_514' title='bbox 65 4810 114 4876; x_wconf 77' lang='lat' dir='ltr'>aliis</span> <span class='ocrx_word' id='word_1_515' title='bbox 125 4819 206 4884; x_wconf 82' lang='lat' dir='ltr'>rebus</span> <span class='ocrx_word' id='word_1_516' title='bbox 219 4831 333 4902; x_wconf 76' lang='lat' dir='ltr'>prater</span> <span class='ocrx_word' id='word_1_517' title='bbox 346 4826 605 4888; x_wconf 86' lang='lat' dir='ltr'>matrimoniales.</span> <span class='ocrx_word' id='word_1_518' title='bbox 876 4821 1002 4900; x_wconf 88' lang='lat' dir='ltr'>aliquod</span> <span class='ocrx_word' id='word_1_519' title='bbox 1019 4843 1055 4883; x_wconf 83' lang='lat' dir='ltr'>ex</span> <span class='ocrx_word' id='word_1_520' title='bbox 1072 4827 1210 4904; x_wconf 73' lang='lat' dir='ltr'>prefatis</span> <span class='ocrx_word' id='word_1_521' title='bbox 1224 4829 1376 4890; x_wconf 89' lang='lat' dir='ltr'>Brevibus</span> <span class='ocrx_word' id='word_1_522' title='bbox 1400 4829 1467 4889; x_wconf 89' lang='lat' dir='ltr'>sine</span> <span class='ocrx_word' id='word_1_523' title='bbox 1486 4828 1672 4904; x_wconf 89' lang='lat' dir='ltr'>memoriali,</span> 
     </span>
    </p>
   </div>
   <div class='ocr_carea' id='block_1_11' title="bbox 83 4912 1676 5086">
    <p class='ocr_par' dir='ltr' id='par_1_15' title="bbox 83 4912 1676 5086">
     <span class='ocr_line' id='line_1_50' title="bbox 83 4912 1676 5023; baseline 0 -46"><span class='ocrx_word' id='word_1_524' title='bbox 83 4963 97 5023; x_wconf 85' lang='lat'>,</span> <span class='ocrx_word' id='word_1_525' title='bbox 210 4975 216 4986; x_wconf 84' lang='grc'><strong>,</strong></span> <span class='ocrx_word' id='word_1_526' title='bbox 317 4977 334 4988; x_wconf 75' lang='grc'>,,</span> <span class='ocrx_word' id='word_1_527' title='bbox 581 4976 587 4988; x_wconf 65' lang='grc'><em>,</em></span> <span class='ocrx_word' id='word_1_528' title='bbox 791 4977 796 4989; x_wconf 59' lang='grc'><strong>,</strong></span> <span class='ocrx_word' id='word_1_529' title='bbox 876 4912 1340 4988; x_wconf 87' lang='lat' dir='ltr'>tunoproiaboredanturilli</span> <span class='ocrx_word' id='word_1_530' title='bbox 1365 4921 1404 4980; x_wconf 67' lang='grc' dir='ltr'>ΞΟ</span> <span class='ocrx_word' id='word_1_531' title='bbox 1431 4915 1676 4998; x_wconf 79' lang='lat' dir='ltr'>bajoci3siau-</span> 
     </span>
     <span class='ocr_line' id='line_1_51' title="bbox 94 4966 1673 5086; baseline -0.001 -25"><span class='ocrx_word' id='word_1_532' title='bbox 94 4966 231 5046; x_wconf 60' lang='lat' dir='ltr'>“immam</span> <span class='ocrx_word' id='word_1_533' title='bbox 253 4974 289 5038; x_wconf 66' lang='lat' dir='ltr'>de</span> <span class='ocrx_word' id='word_1_534' title='bbox 310 4995 425 5059; x_wconf 59' lang='lat' dir='ltr'>mim</span> <span class='ocrx_word' id='word_1_535' title='bbox 438 4977 618 5059; x_wconf 62' lang='lat' dir='ltr'>sreiufflllui</span> <span class='ocrx_word' id='word_1_536' title='bbox 631 4976 794 5059; x_wconf 47' lang='lat' dir='ltr'>Immittit</span> <span class='ocrx_word' id='word_1_537' title='bbox 876 5003 939 5057; x_wconf 89' lang='lat' dir='ltr'>tem</span> <span class='ocrx_word' id='word_1_538' title='bbox 961 4999 1075 5060; x_wconf 90' lang='lat' dir='ltr'>debeat</span> <span class='ocrx_word' id='word_1_539' title='bbox 1102 5001 1205 5063; x_wconf 87' lang='lat' dir='ltr'>facere</span> <span class='ocrx_word' id='word_1_540' title='bbox 1235 5007 1266 5064; x_wconf 90' lang='lat' dir='ltr'>et</span> <span class='ocrx_word' id='word_1_541' title='bbox 1294 5007 1455 5086; x_wconf 87' lang='lat' dir='ltr'>porn&#39;gere</span> <span class='ocrx_word' id='word_1_542' title='bbox 1479 5001 1673 5076; x_wconf 91' lang='lat' dir='ltr'>memoriale,</span> 
     </span>
    </p>
   </div>
   <div class='ocr_carea' id='block_1_12' title="bbox 70 5073 1679 5608">
    <p class='ocr_par' dir='ltr' id='par_1_16' title="bbox 70 5073 1679 5608">
     <span class='ocr_line' id='line_1_52' title="bbox 372 5073 1677 5168; baseline 0 -23"><span class='ocrx_word' id='word_1_543' title='bbox 372 5073 473 5137; x_wconf 62' lang='lat' dir='ltr'>toleti·</span> <span class='ocrx_word' id='word_1_544' title='bbox 877 5085 1132 5164; x_wconf 87' lang='lat' dir='ltr'>superadduntur</span> <span class='ocrx_word' id='word_1_545' title='bbox 1149 5089 1192 5148; x_wconf 91' lang='lat' dir='ltr'>ilii</span> <span class='ocrx_word' id='word_1_546' title='bbox 1217 5087 1269 5148; x_wconf 90' lang='lat' dir='ltr'>alii</span> <span class='ocrx_word' id='word_1_547' title='bbox 1293 5089 1333 5150; x_wconf 89' lang='grc'>30</span> <span class='ocrx_word' id='word_1_548' title='bbox 1351 5085 1470 5168; x_wconf 88' lang='lat' dir='ltr'>Bajoci,</span> <span class='ocrx_word' id='word_1_549' title='bbox 1495 5091 1529 5148; x_wconf 88' lang='lat' dir='ltr'>ut</span> <span class='ocrx_word' id='word_1_550' title='bbox 1549 5085 1593 5146; x_wconf 87' lang='lat' dir='ltr'>ita</span> <span class='ocrx_word' id='word_1_551' title='bbox 1607 5085 1677 5146; x_wconf 88' lang='lat' dir='ltr'>uni-</span> 
     </span>
     <span class='ocr_line' id='line_1_53' title="bbox 877 5175 1252 5256; baseline 0.005 -20"><span class='ocrx_word' id='word_1_552' title='bbox 877 5175 992 5236; x_wconf 88' lang='lat' dir='ltr'>versim</span> <span class='ocrx_word' id='word_1_553' title='bbox 1007 5175 1069 5236; x_wconf 87' lang='lat' dir='ltr'>sint</span> <span class='ocrx_word' id='word_1_554' title='bbox 1082 5179 1122 5237; x_wconf 85' lang='lat'>50</span> <span class='ocrx_word' id='word_1_555' title='bbox 1134 5175 1252 5256; x_wconf 83' lang='lat' dir='ltr'>Bajoei.</span> 
     </span>
     <span class='ocr_line' id='line_1_54' title="bbox 919 5262 1678 5342; baseline 0.003 -21"><span class='ocrx_word' id='word_1_556' title='bbox 919 5264 967 5323; x_wconf 86' lang='lat' dir='ltr'>lii.</span> <span class='ocrx_word' id='word_1_557' title='bbox 994 5262 1123 5334; x_wconf 77' lang='lat' dir='ltr'>Quando</span> <span class='ocrx_word' id='word_1_558' title='bbox 1152 5265 1303 5342; x_wconf 90' lang='lat' dir='ltr'>petuntur</span> <span class='ocrx_word' id='word_1_559' title='bbox 1331 5263 1551 5342; x_wconf 72' lang='lat' dir='ltr'>Indulgentiae,</span> <span class='ocrx_word' id='word_1_560' title='bbox 1583 5262 1678 5323; x_wconf 90' lang='lat' dir='ltr'>debet</span> 
     </span>
     <span class='ocr_line' id='line_1_55' title="bbox 96 5335 1679 5430; baseline 0.004 -26"><span class='ocrx_word' id='word_1_561' title='bbox 96 5335 166 5405; x_wconf 70' lang='lat' dir='ltr'>licto.</span> <span class='ocrx_word' id='word_1_562' title='bbox 182 5349 207 5410; x_wconf 92' lang='lat' dir='ltr'>l.</span> <span class='ocrx_word' id='word_1_563' title='bbox 224 5349 418 5430; x_wconf 81' lang='lat' dir='ltr'>Regulariter</span> <span class='ocrx_word' id='word_1_564' title='bbox 428 5351 526 5413; x_wconf 88' lang='lat' dir='ltr'>cuivis</span> <span class='ocrx_word' id='word_1_565' title='bbox 536 5351 694 5429; x_wconf 76' lang='lat' dir='ltr'>Ecclesia,</span> <span class='ocrx_word' id='word_1_566' title='bbox 706 5349 756 5412; x_wconf 87' lang='lat' dir='ltr'>vel</span> <span class='ocrx_word' id='word_1_567' title='bbox 767 5352 825 5412; x_wconf 84' lang='lat' dir='ltr'>Ga·</span> <span class='ocrx_word' id='word_1_568' title='bbox 878 5349 1051 5428; x_wconf 81' lang='lat' dir='ltr'>specificari</span> <span class='ocrx_word' id='word_1_569' title='bbox 1071 5349 1178 5410; x_wconf 91' lang='lat' dir='ltr'>titulus</span> <span class='ocrx_word' id='word_1_570' title='bbox 1202 5350 1362 5428; x_wconf 73' lang='lat' dir='ltr'>Ecclesia,</span> <span class='ocrx_word' id='word_1_571' title='bbox 1380 5351 1513 5410; x_wconf 84' lang='lat' dir='ltr'>maxime</span> <span class='ocrx_word' id='word_1_572' title='bbox 1525 5349 1549 5410; x_wconf 88' lang='lat' dir='ltr'>si</span> <span class='ocrx_word' id='word_1_573' title='bbox 1561 5368 1623 5410; x_wconf 89' lang='lat' dir='ltr'>non</span> <span class='ocrx_word' id='word_1_574' title='bbox 1639 5349 1679 5411; x_wconf 89' lang='lat' dir='ltr'>sit</span> 
     </span>
     <span class='ocr_line' id='line_1_56' title="bbox 70 5427 1679 5520; baseline 0 -22"><span class='ocrx_word' id='word_1_575' title='bbox 70 5427 143 5508; x_wconf 61' lang='lat' dir='ltr'>lille,</span> <span class='ocrx_word' id='word_1_576' title='bbox 156 5451 218 5514; x_wconf 86' lang='lat' dir='ltr'>quae</span> <span class='ocrx_word' id='word_1_577' title='bbox 233 5457 295 5499; x_wconf 92' lang='lat' dir='ltr'>non</span> <span class='ocrx_word' id='word_1_578' title='bbox 310 5438 350 5501; x_wconf 92' lang='lat' dir='ltr'>sit</span> <span class='ocrx_word' id='word_1_579' title='bbox 364 5441 577 5520; x_wconf 83' lang='lat' dir='ltr'>Regularium,</span> <span class='ocrx_word' id='word_1_580' title='bbox 594 5440 688 5501; x_wconf 90' lang='lat' dir='ltr'>unica</span> <span class='ocrx_word' id='word_1_581' title='bbox 702 5444 823 5500; x_wconf 88' lang='lat' dir='ltr'>tantum</span> <span class='ocrx_word' id='word_1_582' title='bbox 880 5437 1082 5514; x_wconf 76' lang='lat' dir='ltr'>CatbedraliS,</span> <span class='ocrx_word' id='word_1_583' title='bbox 1101 5438 1281 5517; x_wconf 78' lang='lat' dir='ltr'>collegiata,</span> <span class='ocrx_word' id='word_1_584' title='bbox 1299 5443 1354 5499; x_wconf 90' lang='lat' dir='ltr'>ant</span> <span class='ocrx_word' id='word_1_585' title='bbox 1371 5437 1577 5512; x_wconf 88' lang='lat' dir='ltr'>Paroebialis;</span> <span class='ocrx_word' id='word_1_586' title='bbox 1603 5438 1679 5499; x_wconf 89' lang='lat' dir='ltr'>item</span> 
     </span>
     <span class='ocr_line' id='line_1_57' title="bbox 70 5520 1678 5608; baseline 0.006 -29"><span class='ocrx_word' id='word_1_587' title='bbox 70 5520 216 5586; x_wconf 76' lang='lat' dir='ltr'>ansatur</span> <span class='ocrx_word' id='word_1_588' title='bbox 235 5526 433 5607; x_wconf 87' lang='lat' dir='ltr'>indulgentia</span> <span class='ocrx_word' id='word_1_589' title='bbox 446 5547 504 5608; x_wconf 86' lang='lat' dir='ltr'>per</span> <span class='ocrx_word' id='word_1_590' title='bbox 517 5527 684 5590; x_wconf 88' lang='lat' dir='ltr'>annumad</span> <span class='ocrx_word' id='word_1_591' title='bbox 702 5531 823 5606; x_wconf 89' lang='lat' dir='ltr'>septen·</span> <span class='ocrx_word' id='word_1_592' title='bbox 880 5543 920 5586; x_wconf 88' lang='lat' dir='ltr'>an</span> <span class='ocrx_word' id='word_1_593' title='bbox 942 5525 1080 5586; x_wconf 81' lang='lat' dir='ltr'>Ecclesia</span> <span class='ocrx_word' id='word_1_594' title='bbox 1099 5525 1140 5588; x_wconf 86' lang='lat' dir='ltr'>sit</span> <span class='ocrx_word' id='word_1_595' title='bbox 1163 5525 1366 5606; x_wconf 78' lang='lat' dir='ltr'>regularium</span> <span class='ocrx_word' id='word_1_596' title='bbox 1389 5532 1421 5588; x_wconf 87' lang='lat' dir='ltr'>et</span> <span class='ocrx_word' id='word_1_597' title='bbox 1443 5525 1603 5606; x_wconf 88' lang='lat' dir='ltr'>qualium,</span> <span class='ocrx_word' id='word_1_598' title='bbox 1628 5525 1678 5590; x_wconf 86' lang='lat' dir='ltr'>vel</span> 
     </span>
    </p>
   </div>
   <div class='ocr_carea' id='block_1_13' title="bbox 214 5215 640 5300">
    <p class='ocr_par' dir='ltr' id='par_1_17' title="bbox 214 5215 640 5300">
     <span class='ocr_line' id='line_1_58' title="bbox 214 5215 640 5300; baseline 0.007 -22"><span class='ocrx_word' id='word_1_599' title='bbox 214 5215 256 5278; x_wconf 80' lang='lat' dir='ltr'>ne</span> <span class='ocrx_word' id='word_1_600' title='bbox 270 5215 465 5300; x_wconf 74' lang='lat' dir='ltr'>indulgentiis</span> <span class='ocrx_word' id='word_1_601' title='bbox 479 5217 640 5282; x_wconf 86' lang='lat' dir='ltr'>Pienoriis.</span> 
     </span>
    </p>
   </div>
   <div class='ocr_carea' id='block_1_14' title="bbox 0 0 2004 6340">
    <p class='ocr_par' dir='ltr' id='par_1_18' title="bbox 0 0 2004 6340">
     <span class='ocr_line' id='line_1_59' title="bbox 0 0 2004 6340; baseline 0 0"><span class='ocrx_word' id='word_1_602' title='bbox 0 0 2004 6340; x_wconf 95' lang='lat' dir='ltr'> </span> 
     </span>
    </p>
   </div>
  </div>
 </body>
</html>
