3974 6348
609 567 661 630 ou
684 567 716 632 S.
746 567 956 632 cadolaum
984 573 1126 638 BULLA.
1636 593 1694 654 365

93 747 119 806 l.
135 745 337 827 Privilegium
352 767 415 812 non
432 750 607 833 jejunandi,
624 754 758 818 liberare
782 755 842 818 mi·
938 764 966 820 5.
984 763 1053 822 Non
1068 762 1145 825 solvi
1160 764 1273 828 milites
1283 766 1324 830 ab
1339 769 1529 852 obligatione
1544 774 1695 837 audiendi

58 833 118 894 lites
130 853 149 895 a
158 834 295 916 jejunio,
310 837 359 899 vel
375 857 414 900 ex
427 844 520 916 voto,
537 842 641 904 adhuc
655 843 687 904 in
701 844 761 906 illis
776 845 843 906 die·
897 846 1024 926 Missam
1039 849 1148 913 diebus
1163 853 1292 933 festivis,
1305 857 1330 918 si
1341 858 1566 940 aliaspossint;
1582 882 1711 948 quam-¹
1741 867 1743 873 ’

5 957 6 960 ¹
57 918 117 996 bas,
132 922 247 1001 quibus
269 943 333 987 nou
357 933 485 990 excusat
503 930 609 1011 aliqua
632 951 727 994 causa
739 933 843 1014 legiti-
897 935 944 996 vis
958 936 1069 999 diebus
1084 938 1195 1001 iisdem
1216 942 1335 1006 festivis
1348 947 1469 1025 possint
1489 951 1635 1030 occupari
1649 950 1695 1012 la-

57 1025 112 1086 ma,
126 1010 318 1076 sufficienter
332 1033 482 1078 excusare
497 1020 669 1099 quemlibet
685 1022 790 1085 alium.
897 1023 1027 1086 boribus
1041 1033 1073 1089 et
1086 1030 1219 1108 negotiis
1232 1031 1318 1095 belli.

90 1101 117 1158 t.
132 1099 221 1170 Quod
237 1104 381 1182 quamvis
396 1104 428 1165 in
452 1106 574 1186 diebus,
598 1110 712 1191 quibus
734 1113 843 1191 praeci·
937 1117 966 1174 6.
984 1117 1051 1176 Non
1066 1118 1195 1179 concedi
1215 1119 1364 1184 militibus
1378 1124 1423 1186 uti
1438 1125 1499 1187 hoc
1513 1125 1688 1206 privilegio,

57 1183 131 1262 pitur
145 1186 314 1270 jejunium,
336 1191 376 1254 ab
400 1212 438 1255 eo
463 1204 661 1277 excusentur,
687 1218 750 1262 non
770 1201 841 1263 ideo
898 1202 1073 1282 occupandi
1098 1222 1131 1265 se
1153 1205 1264 1270 diebus
1278 1209 1406 1290 festivis,
1422 1212 1582 1276 laboribus
1597 1217 1628 1276 et
1642 1232 1694 1274 ne-

57 1272 191 1336 umbus
205 1278 291 1340 vesci
306 1286 446 1358 possunt.
471 1283 561 1346 Ratio
578 1305 585 1347 :
608 1286 683 1366 quia
704 1307 840 1368 pracep·
896 1290 988 1370 gotiis
1002 1290 1086 1368 belli,
1113 1294 1239 1374 quando
1254 1298 1424 1360 necessitas
1439 1300 1567 1362 evidens
1582 1318 1693 1380 eupas-

58 1363 115 1420 tum
131 1362 279 1426 llcclesiae
293 1384 356 1427 non
370 1370 493 1430 tantum
508 1373 656 1450 probibet
669 1378 842 1440 vescendas
896 1379 985 1456 tulat,
1015 1378 1090 1459 quia
1117 1384 1192 1444 tunc
1219 1384 1382 1466 privilegio
1411 1405 1474 1448 non
1503 1393 1611 1468 egent,
1637 1387 1694 1448 sed

57 1463 155 1510 omues
175 1450 221 1512 eis
247 1454 302 1533 qui
322 1453 486 1536 jejunant,
512 1462 567 1523 sed
592 1462 687 1524 etiam
711 1464 755 1526 eis
787 1467 840 1546 qni
896 1466 1022 1544 quando
1044 1469 1212 1531 necessitas
1236 1490 1297 1533 non
1323 1478 1424 1552 urget,
1446 1479 1477 1537 et
1492 1475 1619 1556 negotia
1633 1474 1694 1536 ista

53 1534 185 1616 jejunare
209 1559 275 1602 non
304 1547 467 1623 tenentur,
493 1553 528 1610 ut
556 1555 643 1630 patet
665 1552 697 1612 iu
721 1553 842 1616 adoles·
896 1551 928 1611 in
942 1553 1038 1614 alium
1054 1554 1137 1616 diem
1152 1557 1269 1619 differri
1287 1565 1428 1637 possunt,
1446 1561 1501 1622 sed
1516 1561 1626 1624 festivo
1642 1563 1692 1623 die

57 1622 206 1704 centibus,
238 1629 292 1710 qui
322 1631 462 1693 nondum
489 1635 676 1716 vigesimum
703 1641 840 1721 primum
895 1645 1026 1718 possunt
1039 1643 1107 1704 fleri
1122 1648 1409 1721 accommodatius;
1427 1649 1477 1710 vel
1492 1649 1618 1729 quaudo
1637 1649 1692 1711 du·

57 1725 161 1772 annum
172 1712 359 1795 implevere.
895 1729 1022 1808 bitatur,
1049 1751 1089 1794 an
1105 1751 1182 1812 opus
1197 1735 1248 1813 sit,
1273 1755 1383 1815 necne,
1409 1740 1444 1798 ut
1463 1737 1530 1798 sine
1545 1739 1691 1817 scrupulo

89 1800 116 1860 3.
131 1801 220 1872 Quod
244 1806 271 1866 si
295 1808 362 1872 dies
385 1814 447 1894 ille,
465 1836 526 1900 quo
550 1835 588 1878 ex
608 1821 681 1880 voto
693 1817 841 1899 jejunare
895 1816 962 1880 haec
985 1818 1112 1882 faciant.
1139 1825 1178 1882 Εἰ
1197 1825 1397 1903 privilegium
1421 1825 1483 1910 hoc
1503 1827 1588 1888 favet
1610 1828 1692 1887 dun-

57 1886 244 1970 teuabantur,
271 1914 333 1958 non
357 1906 404 1964 est
427 1923 465 1966 ex
485 1905 596 1967 diebus
617 1907 649 1967 in
671 1908 784 1987 quibus
800 1910 840 1970 ab
895 1907 981 1966 taxat
997 1907 1147 1970 militibus
1162 1909 1272 1974 iisdem
1290 1913 1613 1994 quibusprivilegium
1628 1933 1690 1976 uon

57 1973 182 2038 Ecclesia
194 1981 407 2058 probibentur
420 2009 541 2071 carnes,
558 1993 715 2073 dependet
738 1995 778 2056 ab
793 1995 841 2055 in·
891 1989 1056 2071 jejunandi
1071 1995 1288 2075 adstipulatur·

57 2063 179 2126 tentione
205 2087 272 2148 qua
295 2085 465 2157 voverunt,
491 2099 531 2143 an
555 2082 649 2143 liceat
674 2083 839 2144 comedere

56 2167 164 2232 carnes,
179 2157 231 2218 vel
247 2177 311 2220 nou
326 2161 433 2240 liceat3
450 2169 524 2247 quia
537 2169 683 2249 obligatio
698 2171 761 2233 voti
777 2189 839 2233 non

57 2243 130 2314 patet
150 2241 245 2306 latius
261 2265 356 2326 quam
378 2257 519 2318 voventis
534 2257 675 2320 intentio.
692 2259 795 2330 Orvarc
813 2258 839 2320 si
1144 2290 1342 2358 DUBIUM
1371 2301 1431 2360 IX·

57 2322 153 2429 babuit
164 2331 373 2400 intentionem
387 2361 448 2404 non
465 2345 624 2427 obligandi
643 2366 676 2408 se
690 2347 731 2408 ad
746 2345 840 2408 absti-

55 2420 358 2577 fflffioffiivffi
369 2428 838 2604 ggghiffltaaffitgffffiijffiffi
925 2483 970 2548 De
982 2485 1131 2569 aliquibus
1151 2487 1378 2570 difficultatibus
1390 2509 1462 2573 ergo
1476 2495 1655 2556 taxationem

55 2607 179 2674 causam,
192 2597 315 2662 licitum
327 2604 370 2666 illi
384 2608 465 2672 foret
474 2570 568 2674 talem
579 2611 690 2693 jejunii
703 2612 837 2674 formam
1108 2575 1296 2658 ‘’1⁹³anoe
1307 2598 1346 2660 pr
1346 2599 1363 2640 ⁰
1377 2579 1470 2644 bulla·

55 2696 107 2740 uon
120 2681 309 2765 observare;
335 2697 411 2757 tunc
433 2700 549 2777 poterit
569 2701 637 2780 ipsa
660 2700 710 2762 die
725 2719 836 2764 carnes

55 2771 216 2850 comedere,
254 2795 318 2837 uon
346 2779 488 2846 obstante
513 2785 623 2867 jejunii
648 2792 732 2865 voto,
762 2789 836 2868 quia
930 2787 1070 2850 Diximus
1090 2789 1123 2850 in
1146 2790 1242 2852 dubio
1262 2791 1371 2872 quinta
1396 2813 1475 2874 quas
1496 2797 1686 2875 quantitates

55 2853 159 2918 nullum
183 2865 232 2922 est
254 2871 445 2945 preceptum
468 2867 563 2934 talem
584 2876 726 2937 carnium
747 2895 835 2937 esum
889 2877 976 2938 taxet
989 2877 1228 2942 commissarius
1247 2881 1287 2942 ad
1302 2882 1405 2943 varias
1419 2901 1579 2962 personas.
1598 2889 1686 2950 Nunc

54 2941 220 3016 prohibens.
248 2950 282 3012 Si
312 2959 418 3016 autem
441 2960 527 3022 vovit
555 2961 695 3025 absolute
719 2981 752 3024 se
780 2963 833 3025 tali
889 2965 1081 3026 resolvemus
1096 2967 1218 3047 aliquas
1228 2987 1323 3047 super
1332 2968 1392 3032 iste
1405 2972 1538 3034 materia
1551 2974 1686 3036 difficul-

54 3027 95 3089 die
105 3031 333 3119 jejunaturum,
344 3060 405 3102 non
421 3047 536 3124 peterit
546 3048 597 3111 illo
608 3050 659 3111 die
669 3052 834 3114 comedere
888 3056 979 3116 tates.

54 3133 160 3198 carnes,
177 3123 255 3203 quia
272 3131 429 3191 communi
439 3133 579 3196 omnium
592 3155 696 3215 seusu,
707 3141 833 3220 qnando
930 3145 958 3204 l.
982 3145 1030 3205 An
1045 3144 1143 3222 possit
1155 3144 1295 3223 gaudere
1310 3147 1410 3224 Bulla,
1434 3149 1485 3228 qui
1501 3150 1607 3212 statim
1621 3170 1684 3213 non

54 3221 106 3266 uou
119 3207 155 3270 de
169 3215 330 3276 contraria
350 3216 520 3282 intentione
540 3230 672 3306 constat,
688 3229 834 3309 intelligi·
889 3234 999 3309 erogat
1021 3231 1278 3310 eleemosynam?
1305 3235 1524 3313 Respondetur
1547 3238 1685 3298 affirma·

4 3359 5 3362 Ἴ
53 3295 105 3370 tur,
119 3313 188 3358 eum
208 3301 264 3380 qui
279 3303 365 3366 vovit
384 3305 551 3389 jejunium,
568 3316 753 3378 contrahere
777 3336 834 3396 per
888 3317 962 3394 five,
978 3320 1073 3380 modo
1088 3320 1228 3400 assignet
1241 3321 1336 3397 diem,
1354 3340 1416 3402 quo
1431 3325 1592 3404 erogabit;
1610 3326 1685 3405 quia

54 3385 147 3444 votum
161 3387 399 3470 obligationem,
417 3413 512 3474 quam
535 3409 727 3482 praeceptum
742 3406 834 3467 indn-
888 3404 1101 3468 Confessarius
1120 3407 1212 3487 jubet
1234 3427 1288 3468 eos
1312 3409 1366 3489 qui
1388 3412 1559 3474 summaria
1579 3412 1684 3474 Bulla-

54 3468 88 3530 cit
98 3471 357 3557 Ecclesiasticum,
368 3499 480 3562 nempe
495 3486 716 3552 abstinentiam
732 3511 750 3554 a
764 3511 834 3554 car·
887 3509 958 3552 rum
981 3493 1179 3574 dispertiunt,
1205 3502 1241 3557 ut
1262 3497 1368 3558 Bullas
1387 3499 1506 3561 credito
1521 3500 1684 3580 porrigant

4 3615 5 3618 ,
54 3556 140 3621 nibus.
156 3563 195 3624 llt
209 3563 302 3627 sicuti
327 3586 389 3631 non
412 3578 515 3649 potest
529 3578 693 3639 comedere
709 3599 830 3660 carues,
887 3578 936 3640 his
951 3580 1003 3660 qui
1026 3584 1184 3662 assignata
1205 3585 1255 3646 die
1268 3585 1499 3663 promittuntse
1514 3588 1680 3666 soluturos,

54 3646 97 3724 qui
105 3646 212 3728 jejunii
228 3661 388 3734 praecepto
403 3675 465 3719 nou
479 3665 667 3741 tenetur,sic
677 3667 829 3747 similiter,
888 3668 1030 3746 quamvis
1045 3670 1150 3731 statim
1164 3689 1225 3731 non
1241 3672 1374 3733 solvant.

54 3729 97 3808 qui
110 3750 128 3792 a
135 3733 269 3817 jejunio,
287 3743 372 3820 quod
386 3746 483 3824 vovit,
497 3758 673 3831 excusatur,
685 3755 831 3818 carnibus
926 3759 955 3816 2.
978 3759 1027 3817 Au
1042 3776 1154 3819 uxores
1172 3777 1280 3819 eorum
1296 3759 1349 3839 qui
1362 3765 1529 3838 argenteos
1544 3767 1614 3825 octo
1625 3783 1681 3843 pro

54 3818 243 3888 ctiamdebet
258 3827 426 3894 abstinere.
453 3835 543 3898 Patet
564 3837 624 3900 hoc
638 3841 670 3901 in
690 3841 829 3923 jejuniis,
886 3844 976 3904 Bulla
999 3845 1159 3924 porrigere
1183 3850 1340 3924 tenentur,
1365 3849 1509 3926 quamvis
1533 3850 1592 3911 illm
1618 3870 1681 3912 non

54 3921 113 3982 quae
131 3908 199 3973 loca
223 3915 371 3993 quaedam
384 3919 416 3978 in
431 3922 569 3999 profesto
591 3926 722 4008 alicujus
736 3949 832 3992 vove·
887 3931 1024 3993 habeant
1037 3932 1192 3994 bonorum
1206 3934 1521 4012 administrationem,
1547 3936 1683 4000 debeant

4 4013 5 4016 ’
53 3998 115 4057 ruat
139 4000 270 4080 Sancti,
301 4002 333 4064 in
362 4006 475 4086 quibus
502 4012 647 4090 profestis
669 4022 701 4079 et
718 4018 830 4100 jejunii
886 4019 1047 4098 porrigere
1071 4020 1199 4082 eosdem
1222 4027 1387 4100 argenteos
1411 4027 1480 4084 octo
1502 4041 1559 4102 pro
1579 4027 1680 4104 Bulla,

53 4078 147 4146 diebus
161 4106 224 4150 non
238 4089 313 4154 licet
326 4095 469 4157 carnium
485 4117 556 4161 esus
571 4101 630 4179 bis,
648 4105 700 4185 qui
715 4109 765 4169 vel
785 4109 832 4170 la·
885 4107 1062 4170 viventibus
1084 4109 1229 4172 maritis?
1251 4110 1469 4190 Respondetur
1482 4111 1679 4176 affirmative.

52 4167 126 4250 bare,
135 4176 184 4238 vel
198 4178 306 4260 aliqua
319 4197 414 4244 eausa
427 4183 568 4266 legitima
582 4207 601 4250 a
607 4189 720 4270 jejunii
736 4211 829 4256 onere
885 4197 965 4270 Quia
988 4195 1225 4256 Commissarius
1248 4195 1280 4256 in
1305 4197 1364 4257 hac
1387 4197 1545 4259 taxatione
1560 4217 1622 4260 non
1637 4205 1681 4262 at·

52 4275 313 4332 aonexeasantur.
885 4284 985 4347 tendit
1007 4303 1047 4345 an
1071 4301 1183 4345 uxores
1206 4284 1345 4347 babeant
1362 4287 1458 4346 talem
1481 4287 1681 4350 administra-

83 4355 109 4415 l.
131 4351 331 4437 Pri'vilegium
354 4377 417 4421 non
435 4362 600 4444 jejunandi
627 4367 736 4433 diebus
750 4390 831 4451 prae-
884 4373 1017 4450 tionem,
1047 4390 1176 4451 necne,
1206 4391 1276 4452 quae
1300 4374 1427 4453 quidem
1451 4375 1680 4439 administratio

52 4439 137 4512 dictis,
151 4449 273 4508 tautum
287 4451 416 4510 concedi
433 4453 595 4533 militibus,
618 4458 670 4538 qui
686 4461 830 4539 expensis
884 4463 1064 4541 frequenter
1087 4465 1277 4539 pernegatur
1302 4461 1448 4535 feminis;
1472 4463 1529 4524 sed
1548 4464 1682 4527 attendit

52 4533 169 4610 propriis
190 4535 223 4594 in
245 4537 383 4599 exercitu
406 4539 551 4620 militant,
576 4544 626 4606 vel
650 4545 687 4606 iis
712 4546 765 4627 qui
789 4549 829 4610 ob
884 4551 1052 4630 specialem
1075 4549 1259 4629 dignitatem
1283 4551 1314 4610 in
1339 4569 1401 4631 qua
1427 4556 1500 4613 sunt
1520 4552 1680 4615 constituti

50 4626 251 4700 paupertatem
266 4625 375 4686 alienis
390 4630 566 4708 sumptibus
580 4633 729 4695 assistunt
743 4655 829 4697 exer·
883 4637 941 4698 viri
957 4655 1077 4699 aarum.

52 4707 124 4788 citui,
146 4713 194 4775 vel
217 4713 256 4776 iis
279 4715 332 4794 qai
356 4716 412 4778 etsi
436 4737 498 4780 non
522 4721 584 4784 siut
606 4741 773 4802 pauperes,
798 4730 829 4787 ot
922 4726 952 4786 3.
969 4727 1017 4786 An
1033 4724 1186 4785 defunctis
1195 4724 1325 4803 maritis,
1339 4725 1474 4787 debeant
1483 4746 1597 4790 uxores
1612 4749 1680 4792 cos-

52 4810 98 4871 pro
111 4799 260 4880 stipendio
275 4805 422 4883 serviant,
441 4811 565 4886 partem
574 4814 679 4872 tamen
690 4813 828 4893 aliquam
883 4811 956 4873 dem
970 4816 1040 4873 octo
1052 4817 1218 4891 argenteos
1228 4814 1379 4892 erogare?
1394 4817 1613 4908 Respondetur
1627 4839 1679 4879 ne-

52 4882 148 4950 debilae
169 4891 325 4953 mercedis
347 4893 520 4973 remittunt,
544 4898 618 4978 quia
639 4901 733 4962 etiem
753 4902 828 4965 istos
882 4900 998 4980 gative,
1024 4899 1083 4959 uisi
1104 4905 1311 4977 permaneant
1333 4899 1394 4962 illae
1424 4903 1676 4980 usufructuariae,

52 4969 168 5038 diumus
180 4976 320 5058 gaudere
330 4981 426 5042 Bullae
435 4983 617 5065 privilegiis,
634 4991 763 5067 propter
777 5008 828 5051 ra·
882 4993 917 5051 ut
931 4987 1066 5049 advertit
1079 4987 1176 5048 'l'rull.
1189 5033 1196 5054 ,
1209 4987 1285 5067 quia
1304 4991 1380 5049 tunc
1395 5008 1469 5050 vere
1494 4999 1680 5093 permanent

52 5057 152 5124 tionem
177 5065 334 5128 redditam
365 5069 553 5132 resolutione
587 5078 699 5154 quarta
727 5075 825 5138 dubiti
881 5076 1076 5138 vassalorum
1100 5074 1246 5137 dominae.
1264 5076 1621 5179 Etcircahunocasum
1637 5087 1680 5142 art

4 5149 6 5232 ᾗ
52 5149 145 5226 quina.
169 5155 232 5216 Sed
255 5174 318 5217 non
333 5157 515 5221 conceditur
528 5161 726 5242 privilegium
742 5164 825 5227 istud
881 5162 1010 5225 Mende:
1028 5161 1190 5222 dominum
1204 5163 1406 5242 proprietatis
1421 5183 1482 5226 nan
1497 5169 1597 5227 teneri
1609 5171 1679 5267 oeta

4 5251 6 5292 ι
52 5236 257 5318 accipientibus
270 5242 428 5325 integrum
437 5246 638 5326 stipendium,
655 5250 680 5311 si
692 5269 754 5312 non
765 5251 827 5314 sint
881 5250 949 5312 illos
971 5253 1136 5330 argenteos
1159 5251 1332 5329 porrigere,
1350 5251 1502 5331 quianon
1517 5259 1564 5314 est
1579 5254 1680 5316 dorm-

4 5331 6 5368 i
52 5340 203 5405 pauperem
225 5349 327 5411 neque
352 5333 446 5396 etiam
469 5335 632 5416 Religiosis
646 5342 678 5399 et
700 5339 826 5400 Clericis
881 5355 939 5398 nus
954 5337 1125 5413 absolutus,
1142 5337 1218 5398 dum
1234 5337 1398 5400 usufructu
1413 5345 1509 5400 caret.
1528 5341 1591 5402 Sed
1605 5359 1678 5402 oon-

4 5449 6 5484 ,
52 5411 95 5488 qui
108 5417 271 5480 exercitum
286 5419 413 5498 adeunt,
437 5421 579 5502 fortasse,
604 5428 639 5486 ut
652 5424 780 5506 jejuniis
795 5430 827 5487 et
880 5424 1012 5487 trarium
1039 5424 1163 5485 videtur
1190 5423 1364 5503 probabile,
1395 5426 1421 5487 si
1445 5426 1592 5489 domiuus
1609 5430 1678 5528 ‘iste

4 5507 6 5514 ’
53 5497 243 5585 Orationibus,
266 5511 407 5588 optatum
420 5509 494 5574 belli
509 5515 657 5578 eventum
670 5515 822 5578 astruant.
880 5512 1079 5592 proprietatis
1102 5511 1221 5592 gaudet
1238 5510 1307 5593 jam
1329 5511 1441 5592 titulo,
1466 5518 1498 5578 et
1521 5515 1679 5598 aliquibus
