3986 6350
597 537 648 602 bu
671 534 837 605 OFFfCllS
859 539 1131 607 coorassstuf.
1621 557 1682 619 tro

66 733 118 777 asse
129 715 271 797 imprimis
286 724 477 786 attendenda
496 725 690 788 confessario
708 745 715 788 :
732 744 830 788 unum
884 743 971 788 orum
999 729 1149 792 Tribunal
1177 733 1353 810 accesserit,
1373 735 1433 813 piis
1454 737 1602 816 operibus
1639 759 1677 802 aa

65 809 101 866 aa
117 803 289 870 delictorum
304 811 436 890 qualitas
451 817 482 874 et
497 832 661 886 numerurm
678 832 751 874 nam
771 831 828 891 pro
883 817 993 892 sponte
1017 817 1168 896 susceptis
1181 819 1435 882 afflictationibus
1458 820 1489 883 in
1512 843 1546 884 se
1570 825 1673 904 ipsum

63 891 231 970 gravioribus
254 901 287 959 et
309 899 450 976 pluribus
472 901 600 979 gravior
620 901 705 963 haud
733 901 828 962 dubio
879 900 945 980 jam
960 903 1224 968 animadverterit.
1243 909 1389 970 Secunda
1402 915 1448 972 est
1463 911 1602 975 intensus
1617 916 1674 976 do·

63 995 138 1056 pana
149 980 310 1045 indicenda
324 991 380 1048 est.
392 988 534 1049 Alterum
551 987 827 1066 estpoeniteutium
881 989 929 1048 lor
943 990 1100 1069 lacrymis,
1118 995 1269 1072 suspiriis,
1290 996 1420 1076 aliisque
1435 999 1614 1080 hujusmodi
1634 1004 1673 1064 si-

63 1067 178 1166 faeultas,
194 1089 255 1151 qua
269 1093 346 1135 voce
361 1075 577 1155 significantur
590 1077 740 1156 adjuncta
762 1094 826 1137 om·
880 1077 950 1154 gnis
964 1083 1071 1158 aperte
1087 1081 1299 1160 significatum
1317 1083 1377 1145 hoc
1392 1087 1476 1147 enim
1490 1088 1597 1150 dolore
1607 1110 1673 1170 pm·

63 1173 110 1232 nra,
124 1174 185 1236 ques
199 1159 302 1238 ipsum
317 1165 521 1243 poenitentem
536 1165 758 1226 circumstant:
772 1181 825 1224 ou·
881 1162 981 1224 nitens
991 1165 1059 1244 jam
1081 1187 1118 1227 ox
1140 1173 1228 1246 parte
1253 1170 1438 1233 delictorum
1462 1176 1672 1254 expiationem

58 1243 171 1322 jusmodi
185 1253 255 1310 sont
270 1252 417 1329 conditio,
435 1254 505 1315 ritae
528 1255 714 1328 institutum,
735 1256 823 1328 atas,
879 1253 1020 1313 exsolvit.
1038 1257 1153 1332 Tertia,
1170 1257 1375 1337 Indulgentiae
1391 1280 1469 1340 quas
1488 1273 1673 1327 consecutu-

61 1349 142 1410 serur,
156 1335 310 1415 valetudo,
327 1341 420 1418 vires,
438 1347 497 1403 etc.
524 1343 632 1420 Neque
651 1339 736 1400 enim
759 1357 823 1400 om·
878 1356 931 1398 rus
946 1342 993 1400 est
1010 1359 1016 1400 :
1035 1359 1106 1401 eum
1127 1344 1211 1404 enim
1233 1363 1271 1405 eo
1295 1347 1357 1406 fiae
1380 1347 1610 1427 impertiantur,
1637 1357 1672 1414 ut

61 1420 228 1499 uiapossunt
248 1445 370 1506 omnes,
394 1449 451 1491 nec
473 1430 578 1490 omnia
592 1429 737 1490 omnibus
751 1445 823 1488 con·
877 1424 916 1485 iis
930 1425 1042 1487 divinae
1055 1427 1251 1506 justitiaefrat
1274 1432 1359 1510 satis,
1390 1439 1421 1496 et
1444 1454 1547 1514 prenoe
1571 1439 1671 1500 exsol-

59 1523 121 1580 gma
139 1515 214 1573 suut.
238 1515 322 1586 Quid
345 1516 427 1576 enim
455 1515 641 1591 absurdius,
684 1514 709 1574 si
737 1511 822 1591 inopi
878 1519 991 1574 vantur
1004 1515 1186 1577 criminibus
1201 1518 1325 1597 debitae,
1338 1529 1482 1598 apertum
1498 1529 1546 1586 est
1562 1545 1670 1588 aarum

59 1593 254 1678 Eleemosynae,
265 1602 381 1665 rustico
390 1604 573 1665 autinfrrmo
581 1602 822 1683 Jejuniaaliaeve
878 1619 973 1661 causa
987 1621 1054 1663 esse
1069 1605 1311 1668 satisfactionem
1324 1614 1584 1676 sacramentalem
1595 1636 1670 1697 quo-

58 1683 172 1759 corporis
188 1685 414 1758 afflictationes,
431 1691 498 1751 viro
519 1691 679 1770 negotioso
694 1687 822 1767 prolixa·
878 1691 1050 1752 dammodo
1067 1693 1279 1758 minuendam.

58 1771 223 1844 precationes
236 1776 271 1835 in
285 1776 351 1838 dies
365 1777 503 1858 singulos
518 1775 745 1858 injungantur?
917 1778 1013 1838 Porro
1029 1797 1066 1840 ex
1082 1779 1173 1841 dictis
1184 1783 1306 1861 collige,
1333 1787 1417 1864 quod
1441 1789 1669 1856 satisfactiones

89 1858 190 1920 llicitur
202 1863 230 1923 3.
247 1863 408 1926 Salutares
429 1872 458 1926 et
479 1866 674 1926 convenientes
686 1864 823 1945 sotr'sloe-
877 1863 937 1924 illa
952 1870 1026 1926 sunt
1041 1868 1181 1929 omnium
1197 1872 1333 1949 optimae,
1351 1893 1421 1953 qum
1437 1893 1538 1957 neque
1557 1898 1670 1958 puram

57 1946 134 2007 tiores.
149 1948 193 2010 nd
207 1951 293 2030 quod
308 1952 366 2013 rite
382 1953 614 2014 observandum
635 1954 696 2016 duo
717 1957 821 2036 requi·
876 1952 1105 2031 satisfactionis,
1114 1975 1334 2038 nequepuram
1341 1963 1504 2024 medicinae
1515 1969 1668 2032 rationem

56 2039 154 2112 rantur,
169 2055 234 2115 quae
249 2039 333 2100 infra
346 2041 458 2102 eodem
472 2041 540 2102 loeo
556 2040 821 2120 praescribitCon-
875 2038 1008 2114 habcnt;
1025 2043 1080 2102 sed
1097 2047 1260 2124 utramque
1275 2049 1483 2126 permixtam:
1502 2059 1548 2116 est
1562 2066 1668 2120 autem

57 2122 149 2184 cilium
164 2126 262 2186 Unum
280 2131 376 2189 estut
394 2135 475 2207 eptae
497 2130 558 2191 sint
579 2129 817 2209 satisfactiones,
874 2127 1036 2202 prudentis
1050 2130 1203 2210 peritique
1219 2135 1416 2213 Confessarii,
1434 2139 1513 2200 scire
1530 2159 1599 2220 quae
1615 2163 1666 2206 cu-

56 2211 146 2289 quibus
158 2213 218 2274 Deo
232 2215 349 2276 vindici
364 2217 505 2280 satisfiet.
531 2220 672 2280 Alterum
696 2225 731 2281 ut
753 2220 819 2281 ido·
869 2211 985 2293 jusque
1007 2223 1149 2296 respectu
1165 2219 1209 2280 ite
1222 2239 1255 2280 se
1270 2220 1418 2284 habeant.
1437 2227 1565 2289 Gaeteris
1585 2234 1666 2308 pari-

55 2316 116 2375 oea,
137 2301 242 2380 quibus
265 2303 457 2382 poenitentes
478 2307 519 2366 ab
541 2307 652 2369 iterata
671 2308 702 2367 in
722 2325 819 2369 noxas
873 2300 942 2377 bus,
959 2303 1104 2365 meliores
1126 2310 1200 2368 sunt
1221 2310 1385 2386 generales
1408 2314 1662 2398 particularibus,

55 2389 222 2466 prolapsione
249 2397 428 2454 ooooooooo,
460 2394 619 2456 solutores
648 2400 753 2457 autom
773 2415 818 2457 ooo
871 2391 1035 2464 generales
1050 2391 1120 2452 dico
1136 2397 1166 2454 et
1180 2394 1384 2472 particulares
1398 2407 1543 2479 respectu
1553 2423 1665 2484 pecca-

55 2473 179 2538 habendae
193 2496 253 2540 non
268 2482 352 2556 sunt,
370 2480 483 2559 quibus
501 2500 566 2560 prae
590 2483 744 2560 gravitate
767 2503 817 2546 su.
872 2481 987 2554 tol'tlm,
1006 2497 1067 2539 non
1082 2499 1304 2559 personarum
1322 2486 1431 2565 quales
1446 2493 1665 2556 sunimttdiia·

53 2561 161 2626 heundis
173 2567 221 2627 pix
236 2585 331 2646 pares
346 2587 413 2629 esse
428 2570 615 2648 poenitentes
629 2571 814 2635 videantur:
872 2563 914 2625 tio
930 2567 1083 2644 passionis
1098 2569 1223 2646 Christi,
1239 2571 1330 2632 lectio
1346 2571 1554 2651 spiritualium
1570 2579 1665 2644 libro·

54 2667 100 2730 quo
117 2653 165 2714 frat
186 2655 309 2716 atilios
332 2657 505 2718 omittendo
528 2675 608 2718 novo
632 2677 665 2720 so
686 2661 816 2722 crimino
872 2669 953 2730 rum,
971 2655 1187 2733 quotidianum
1203 2675 1332 2719 examen
1345 2661 1554 2742 conscientiae,
1567 2683 1664 2746 opera

53 2739 232 2819 obstringaut;
250 2750 282 2804 et
292 2744 376 2823 quod
385 2745 513 2824 gravius
524 2750 580 2821 est,
593 2747 816 2825 apoenitentiae
870 2738 1316 2823 miseri⁰⁰rdiae2h1¹1¹1ffifafisr
1334 2751 1390 2810 θΐῡ·

52 2833 218 2892 sacramento
232 2831 263 2891 in
280 2835 441 2910 posterum
456 2837 648 2906 avocentur;
673 2836 816 2916 adeoque
911 2828 1019 2903 ΟΜ·
1036 2833 1086 2893 5¹·
1102 2867 1143 2877 -
1154 2833 1203 2893 An
1219 2830 1422 2913 Confessart'us
1432 2839 1526 2916 possit
1547 2843 1664 2924 injunc-

53 2921 78 2974 ul
95 2935 146 2980 1101}
167 2919 197 2979 in
220 2937 330 2981 eorum
354 2922 497 2999 salutem,
521 2922 576 2982 sed
598 2923 629 2982 in
644 2925 815 3002 perniciem
871 2924 932 2976 fam
946 2917 982 2978 (td
995 2917 1056 2978 olio
1069 2917 1224 2981 Sacerdote
1235 2922 1477 3001 poenr'tentr'omr‘n
1488 2927 1664 2996 Sacramen-

52 3004 212 3088 eritiumque
239 3012 374 3071 vertant.
412 3012 569 3072 Praeterea
603 3010 685 3073 sicut
719 3012 814 3072 variis
869 3011 897 3062 10
909 3005 1280 3083 poeru'teotioeimmotore?

51 3093 144 3154 morbis
165 3094 350 3158 adhibendae
374 3101 446 3159 sunt
467 3097 643 3175 medicinae,
666 3097 754 3160 itaet
768 3099 816 3159 di·
910 3095 1001 3172 Resp.
1018 3094 1053 3156 ld
1068 3100 1170 3174 potest
1184 3115 1246 3158 non
1262 3101 1383 3160 tantum
1399 3100 1482 3163 idom
1498 3107 1662 3172 Confessa-

52 3179 299 3244 rersisoriminum
314 3185 482 3263 generibus
507 3183 631 3246 diversa
655 3186 815 3264 praescribi
869 3177 944 3258 rita,
961 3181 1125 3244 sedetiam
1146 3183 1232 3263 justa
1247 3183 1285 3244 de
1309 3204 1405 3248 eausa
1428 3190 1507 3252 alius
1531 3198 1662 3274 quilibet

51 3265 142 3330 debent
155 3271 313 3332 remedia:
335 3270 365 3332 io
382 3290 443 3350 quo
459 3272 553 3333 debet
574 3291 664 3335 suam
688 3273 815 3334 Confes-
868 3269 1015 3330 sacerdos
1023 3271 1161 3351 legitima
1169 3270 1581 3356 jurisdictionepraeditusiu
1590 3305 1661 3364 poc-

50 3355 628 3438 sariussedulitatematoueindustriam,
640 3360 665 3421 si
674 3379 814 3441 unquam
868 3361 948 3433 cata,
961 3364 1088 3438 propter
1098 3379 1167 3440 qua
1178 3362 1347 3440 poeualraec
1356 3366 1478 3444 apriori
1490 3371 1660 3436 Sacerdote

50 3443 118 3521 alias,
132 3447 259 3524 probare
275 3447 414 3527 dareque
429 3463 557 3525 operam
573 3451 607 3510 ut
620 3448 651 3508 in
667 3453 734 3512 arto
749 3453 813 3511 tam
868 3445 1011 3524 imposita
1027 3445 1099 3520 fuit3
1116 3449 1210 3510 modo
1225 3449 1384 3528 poenitens
1399 3455 1482 3533 apud
1503 3475 1576 3520 eum
1590 3481 1661 3540 poo.

50 3531 145 3594 salubri
157 3535 431 3598 exercitatissimus
444 3535 577 3597 lectione
591 3537 690 3598 multa
700 3556 737 3600 ao
746 3557 815 3600 me·
867 3536 937 3592 caia
955 3533 1065 3595 eadem
1087 3534 1200 3596 iterum
1221 3536 1368 3615 demnti-
1389 3541 1499 3610 Quoad
1522 3547 1660 3623 priorem

49 3617 170 3683 ditatione
179 3624 301 3686 eradat.
312 3623 610 3702 Seddehisplureio
622 3624 809 3690 librotsrtio.
866 3620 1096 3684 Confessariom
1106 3625 1309 3703 perspicuum
1319 3625 1396 3688 illud
1407 3635 1454 3690 est
1467 3650 1473 3690 :
1487 3631 1659 3700 sicutenim

77 3709 101 3768 ³.
121 3711 241 3783 Quando
258 3711 355 3791 exigit
369 3712 532 3790 oulpooum
547 3712 659 3774 modos
673 3714 812 3778 sotisfoo.
865 3707 897 3768 in
913 3708 981 3789 ejus
995 3711 1124 3774 arbitrio
1148 3713 1250 3792 posita
1271 3713 1330 3774 fuit
1352 3734 1455 3794 poenae
1480 3717 1660 3800 hujusmodi

48 3793 141 3858 ionem
153 3799 266 3879 imponi
282 3799 372 3862 solito
387 3800 575 3878 graviorem,
592 3802 721 3879 prodest
736 3809 810 3881 post
864 3793 1660 3887 impositio,adeoutaliamquamlibetmodojustum

49 3891 239 3964 exaggeratam
262 3887 427 3967 culparum
450 3887 648 3966 gravitatem,
665 3891 810 3970 antiquos
864 3885 1033 3948 decernere
1048 3894 1132 3950 recte
1146 3889 1292 3967 potuerit,
1310 3887 1353 3949 ita
1367 3889 1398 3949 in
1418 3890 1486 3970 ejus
1501 3899 1659 3972 potestate

48 3969 140 4034 refeme
157 3977 296 4037 Capones
318 3975 564 4054 poenitentiales3
589 3995 653 4055 prae
676 3997 810 4058 quorum
863 3974 923 4034 sita
938 3978 986 4036 est
999 3975 1110 4053 prioris
1125 3994 1226 4055 poenae
1241 3995 1313 4036 cum
1337 3977 1438 4038 altera
1460 3997 1550 4059 aeque
1572 3982 1660 4062 justa

47 4055 133 4136 rigore
156 4061 236 4123 leres
264 4067 338 4122 sunt
363 4061 556 4141 gravissimae
587 4082 720 4143 quaeque
753 4063 809 4125 ho·
862 4059 1049 4124 immutatio.
1066 4063 1155 4125 Unde
1170 4061 1312 4142 sequitur
1326 4062 1409 4123 idem
1429 4082 1522 4143 posse
1548 4088 1659 4148 quem-

48 4141 140 4208 diema
173 4149 405 4212 satisfactiones.
440 4152 518 4212 Cum
553 4154 659 4214 temen
696 4151 807 4213 eadem
862 4147 1018 4211 visalium
1034 4150 1660 4231 Sacerdotem:namquodMiuistrisint

46 4230 230 4313 sintpeecata,
246 4236 386 4315 proderit
400 4240 431 4299 et
454 4255 680 4317 nonnunquam
703 4237 807 4317 ipsum
862 4237 988 4314 diversi,
1004 4237 1036 4298 id
1051 4256 1089 4297 ex
1103 4235 1256 4298 accidenti
1273 4253 1306 4296 se
1322 4236 1439 4312 habet;
1457 4255 1530 4300 oum
1548 4244 1660 4306 eadem

46 4321 219 4398 penitentem
233 4342 346 4404 urgere
361 4329 395 4386 ut
408 4324 474 4404 ipse
490 4325 528 4386 de
544 4344 576 4386 se
600 4328 736 4399 statuat;
762 4327 807 4389 sic
860 4321 892 4382 in
907 4330 1039 4404 utroque
1054 4328 1191 4404 potestas
1211 4323 1250 4384 sit
1267 4343 1274 4384 :
1291 4322 1380 4385 istud
1405 4324 1488 4387 enim
1505 4326 1659 4407 judicium

45 4408 112 4469 enim
122 4412 312 4491 cognoscitur
326 4412 484 4492 quomodo
500 4412 540 4474 sit
554 4413 684 4476 affectus
704 4413 744 4474 ad
759 4431 806 4474 sa·
860 4409 1237 4493 incedemcausasaepius
1248 4413 1513 4492 exerceripotest,
1524 4421 1659 4498 nonqui·

45 4493 247 4576 reiciendum
264 4499 289 4560 si
304 4503 387 4564 totus
401 4519 434 4561 se
458 4501 620 4580 permittat
642 4501 806 4564 Confessa-
861 4498 934 4560 dem
949 4501 1159 4581 appellatione
1174 4499 1346 4579 superioris
1360 4501 1491 4580 iudicis,
1507 4505 1563 4567 sed
1577 4525 1659 4570 nova

44 4585 89 4662 rio,
102 4585 268 4666 imponatur
282 4589 438 4668 condigna
447 4589 618 4652 satisfactio
632 4610 638 4650 :
652 4590 679 4651 si
688 4593 806 4653 statuat
861 4588 1069 4650 sententiaeb
1079 4587 1192 4668 aquali
1202 4587 1341 4667 ferenda,
1350 4607 1419 4669 quio
1427 4589 1523 4667 priori
1534 4595 1661 4657 omnino

44 4677 256 4753 pmsemollius
274 4696 369 4758 quam
383 4682 523 4757 oportct;
548 4680 598 4740 rel
622 4679 805 4741 addendum
859 4677 1056 4756 aequivaleat.

44 4763 149 4845 aliquid,
171 4768 218 4828 rel
238 4767 406 4848 aliquando
434 4767 578 4829 imitandi
605 4767 719 4846 sancti,
749 4766 803 4849 qui
899 4764 967 4827 Dixi
983 4770 1089 4828 autem
1104 4764 1236 4828 tallias
1249 4763 1369 4848 quilibet
1382 4765 1514 4828 sacerdos
1528 4766 1663 4850 legitima

44 4857 102 4914 sunt
111 4855 228 4932 polliciti
241 4874 274 4916 se
289 4855 480 4933 prestituros
495 4855 652 4918 defectum
669 4875 676 4918 :
702 4855 727 4917 si
743 4861 804 4918 sta·
859 4853 1068 4916 Jorisdiotr'one
1082 4852 1232 4935 preditos
1246 4853 1279 4915 in
1296 4862 1429 4936 perroto,
1445 4854 1550 4936 quibos
1572 4857 1654 4920 loen-

43 4941 215 5020 tuatdurius,
230 4943 434 5020 temperanda
454 4943 584 5006 durities
606 4943 701 5005 etiam
725 4942 804 5004 eitra
858 4941 905 5004 dis
916 4962 1002 5025 peno
1024 4943 1060 5005 ob
1074 4942 1168 5004 attero
1189 4941 1251 5023 soit
1272 4941 1415 5024 injuncto.
1442 4942 1474 5006 Si
1489 4944 1573 5005 enim
1587 4963 1661 5026 pec.

44 5029 216 5111 condignum,
232 5032 372 5110 exemplo
387 5035 568 5094 sanctorum
592 5031 645 5112 qui
666 5049 723 5110 pro
738 5048 804 5092 ma·
859 5035 930 5093 cata
953 5035 1112 5094 reservata
1126 5031 1253 5107 fuerint,
1279 5031 1336 5092 etsi
1357 5031 1456 5110 possit
1471 5031 1511 5092 ab
1527 5033 1564 5093 iis
1578 5033 1662 5096 infe.

44 5117 179 5194 gnitudine
208 5118 410 5198 contritionis,
444 5119 651 5182 minuendam
685 5118 803 5180 duxere
859 5119 923 5182 rior
946 5120 1093 5182 sacerdos
1114 5119 1230 5182 iterum
1253 5119 1426 5197 absolvere,
1458 5120 1542 5198 quod
1566 5140 1661 5200 supe-

44 5207 241 5286 parientiam,
257 5211 293 5270 ut
306 5225 377 5271 mox
390 5209 520 5273 dicetur.
859 5209 950 5270 rioris
965 5208 1159 5272 absolutione
1175 5212 1296 5270 remota
1306 5207 1545 5281 eitreservatio3
1563 5207 1661 5271 istius

74 5297 97 5356 l.
115 5297 230 5378 Triplici
254 5297 294 5358 de
317 5316 411 5360 causa
433 5297 551 5378 aliquid
576 5298 615 5360 dc
640 5314 805 5376 plenarum
860 5302 965 5360 tamen
997 5298 1185 5360 sententiam
1215 5299 1412 5358 commutare
1445 5314 1508 5356 non
1536 5299 1650 5374 potest,

45 5382 198 5448 criminibus
211 5385 385 5448 debitarum
405 5386 578 5467 quantitate
601 5384 724 5448 detrahi
750 5401 806 5462 po·
862 5387 936 5466 quia
958 5387 990 5448 in
1005 5405 1042 5448 ea
1065 5391 1197 5465 peccate
1211 5389 1365 5465 quatenus
1379 5384 1476 5463 priori
1490 5382 1651 5448 sententiaa

46 5473 102 5536 test.
115 5474 210 5536 Prima
224 5479 281 5552 est,
298 5471 323 5535 si
337 5478 501 5555 paenitens,
518 5473 737 5555 antequamad
792 5504 808 5519 -
862 5475 1003 5556 subjecta
1016 5473 1247 5538 iurisdictionis
1263 5476 1309 5536 ost
1326 5490 1448 5552 expers.

146 5585 179 5646 Τ.
200 5585 250 5650 lv.
1500 5581 1539 5644 29
