3986 6350
303 506 364 566 lto
1025 501 1142 566 treus
1164 499 1216 564 lx.

338 688 406 750 Dixi
431 692 460 751 2.
481 688 569 751 laete
592 685 627 750 de
655 707 741 750 causa
765 686 966 769 :cujusmodi
990 693 1047 764 est,
1072 687 1098 748 si
1196 690 1296 750 Porro
1311 707 1350 750 ex
1364 687 1456 752 dictis
1470 686 1514 752 sic
1528 686 1734 753 statuendum
1747 689 1865 754 videtur.
1875 688 1916 755 Sa·

299 776 471 839 mutatione
486 773 707 856 adjunctorum
721 793 816 855 poena
831 774 920 855 prius
935 774 1096 854 imposita,
1155 775 1290 838 lislactio
1305 777 1453 856 imposita
1465 778 1506 839 ab
1521 778 1582 841 alio
1598 779 1775 856 sacerdote,
1785 779 1808 839 si
1818 785 1916 858 propter

300 865 350 926 vel
364 865 502 944 gravior,
514 865 565 926 vel
579 865 684 927 minus
698 863 783 926 utilis
798 863 882 925 facta
897 867 955 925 est.
970 862 1100 925 Seclusa
1153 865 1378 944 negligentiam
1401 866 1613 946 praetermissa
1643 868 1685 929 sit
1716 886 1736 928 a
1764 867 1914 946 paenitente,

300 957 408 1016 autem
427 953 565 1034 legitima
579 971 686 1030 causa,
703 951 736 1013 id
757 968 958 1033 nequaquam
974 956 1096 1029 potest;
1154 951 1267 1013 iterum
1291 952 1482 1032 imponenda
1503 972 1576 1015 cum
1599 955 1671 1016 alia.
1699 955 1732 1018 Si
1754 954 1852 1016 durior
1866 955 1916 1016 risa

302 1042 441 1123 alioquin
455 1041 540 1103 enim
554 1041 652 1103 ferret
669 1041 858 1102 sententiam
871 1038 1034 1119 injustam.
1153 1039 1193 1102 sit
1206 1040 1369 1120 paenitenti
1380 1061 1388 1115 ;
1400 1041 1534 1123 ideoque
1548 1042 1771 1122 praetermissa,
1782 1059 1838 1102 non
1850 1041 1915 1120 prius

341 1130 410 1192 Dixi
424 1133 454 1192 3.
471 1127 509 1192 Si
520 1129 662 1212 penitens
675 1127 755 1210 apud
770 1128 855 1189 illum
870 1126 965 1188 denuo
978 1134 1100 1209 peceato
1152 1129 1370 1207 temperanda,
1387 1148 1483 1211 quam
1502 1131 1629 1209 cognita
1642 1130 1740 1194 luerit
1753 1147 1843 1192 eausa
1854 1129 1915 1210 prio

301 1217 435 1299 deportat,
452 1217 528 1299 quia
541 1235 644 1297 poenae
665 1215 868 1278 commutatio
884 1215 973 1277 actus
988 1222 1035 1276 est
1045 1215 1098 1296 ju·
1154 1217 1196 1278 ris
1210 1217 1413 1280 confessionis
1429 1238 1436 1280 :
1453 1219 1516 1280 imo
1532 1219 1557 1280 si
1581 1219 1651 1300 quis
1668 1219 1818 1299 poenitens
1831 1220 1915 1296 eulpa·

302 1305 434 1384 dicialis,
450 1305 558 1387 quiex
581 1305 737 1385 aequitatis
758 1302 942 1385 praescripto
958 1302 1097 1364 exerceri
1152 1305 1257 1368 biliter
1280 1311 1311 1368 et
1333 1307 1512 1386 frequenter
1532 1307 1648 1370 omittit
1662 1307 1834 1386 impositam
1846 1305 1916 1366 satis

302 1411 365 1456 non
379 1397 496 1473 potest,
510 1392 569 1455 nisi
579 1393 667 1474 prius
683 1411 783 1456 causa
797 1389 943 1454 distincte
954 1409 991 1454 ae
1000 1391 1099 1470 probe
1152 1392 1332 1472 factionem,
1348 1396 1423 1458 utile
1444 1401 1491 1456 est
1505 1395 1736 1460 absolutionem
1750 1395 1862 1456 differre
1873 1393 1915 1454 do

302 1481 495 1562 cognitasit.
1154 1481 1419 1563 necimpletasit.

795 2223 1043 2331 SECTIO
1106 2223 1431 2334 SECUNDA

489 2653 540 2736 ol
567 2653 721 2738 ollitas
748 2649 1002 2746 uetustati,
1033 2651 1159 2738 PROUT
1189 2653 1393 2738 PERSONAM
1421 2653 1603 2738 bottonis
1632 2653 1747 2739 Gllllli'

342 3095 410 3156 Duo
433 3093 586 3156 duntaxat
607 3091 639 3155 in
663 3093 724 3154 hac
747 3091 883 3156 sectione
907 3098 979 3156 sunt
998 3111 1094 3173 expo-
1148 3090 1181 3153 in
1196 3091 1354 3154 communi
1376 3092 1426 3154 vel
1442 3111 1480 3154 ex
1502 3109 1619 3173 genere
1642 3113 1663 3155 a
1685 3095 1848 3157 venialibus
1863 3091 1910 3154 die

303 3183 408 3245 nenda
424 3203 431 3244 :
449 3186 478 3245 l.
495 3183 635 3245 Pertinet
648 3180 690 3243 ad
703 3182 879 3260 scientiam,
896 3201 966 3263 quae
981 3183 1012 3243 in
1027 3183 1094 3264 ipso
1148 3183 1267 3243 cernat.
1284 3183 1329 3242 Ex
1342 3199 1459 3261 genere
1474 3186 1546 3243 sunt
1564 3182 1722 3259 mortalia,
1738 3201 1805 3263 quoe
1824 3185 1910 3245 contra

303 3270 473 3334 Sacerdote
497 3269 693 3334 confessario
723 3269 901 3351 requiritur.
931 3273 960 3334 Ξ.
977 3273 1032 3333 nst
1055 3272 1093 3333 de
1149 3267 1334 3330 charitatem
1348 3268 1405 3329 Dei
1420 3272 1452 3330 et
1465 3269 1600 3348 proximi
1611 3267 1832 3344 admittuntur;
1846 3265 1910 3348 quod

301 3361 351 3437 iis,
376 3359 417 3422 ad
440 3377 511 3442 quae
541 3359 753 3422 Confessarius
778 3363 812 3421 ut
834 3361 949 3422 Doctor
972 3363 1095 3421 tenetur
1148 3355 1341 3436 intelligetur
1355 3357 1502 3435 videndo,
1519 3376 1560 3420 an
1575 3357 1639 3419 sint
1659 3358 1911 3438 contrapraecepta

301 3465 379 3528 erga
392 3447 593 3510 Paenitentes.
1145 3445 1273 3526 justitia
1286 3445 1337 3506 vel
1351 3445 1533 3524 Religionis,
1549 3450 1661 3508 contre
1674 3451 1781 3508 votum
1793 3446 1838 3508 rel
1854 3462 1911 3507 con-

344 3533 452 3610 Queat.
470 3537 500 3596 l.
516 3568 557 3582 -
572 3533 678 3598 Utrum
692 3544 720 3598 et
733 3533 833 3618 quales
856 3535 886 3596 in
910 3533 1095 3615 consessore
1148 3533 1331 3607 scientiam;
1348 3534 1433 3615 quod
1454 3534 1570 3596 accidit
1583 3534 1621 3596 iis
1636 3535 1690 3616 qui
1705 3533 1736 3596 id
1751 3535 1830 3616 quod
1841 3551 1910 3612 rapu

301 3623 425 3685 scientio
438 3622 635 3704 requiraturt
1148 3624 1217 3684 tant
1240 3620 1372 3683 mortale
1400 3621 1490 3701 (torte
1513 3639 1576 3682 non
1599 3622 1698 3702 vere),
1712 3623 1806 3685 nihilo
1827 3629 1911 3683 nmen

342 3713 436 3791 Resp.
454 3729 542 3792 seqq.
560 3714 590 3775 l.
607 3711 746 3775 scientia
761 3729 885 3774 summa
905 3729 967 3775 non
991 3711 1096 3792 requi·
1148 3709 1251 3770 minus
1266 3707 1394 3770 faciunt.
1412 3707 1498 3771 Sciat
1511 3708 1607 3770 etiam
1621 3709 1831 3772 confessarius
1843 3723 1911 3786 opor-

302 3799 392 3876 ritur,
408 3799 472 3861 imo
487 3817 544 3878 per
558 3799 704 3861 accidens
719 3817 802 3879 sape
817 3803 865 3862 est
884 3801 988 3862 minus
1011 3799 1095 3861 utilis
1148 3801 1193 3860 tet
1207 3796 1406 3877 generaliter,
1423 3813 1493 3877 qua
1517 3797 1602 3858 mala
1621 3815 1691 3858 esse
1705 3797 1779 3860 satis
1792 3797 1910 3876 apparet,

303 3905 399 3970 quam
413 3887 580 3949 mediocris
594 3888 762 3968 conjuncta
777 3907 850 3950 cum
864 3889 998 3952 naturali
1010 3886 1095 3968 judi·
1149 3891 1184 3948 ut
1197 3889 1316 3964 septem
1332 3889 1461 3964 peccata
1475 3885 1624 3964 capitalia
1635 3891 1669 3948 et
1681 3887 1800 3966 species
1813 3897 1910 3954 eornm,

303 3977 352 4038 cio
374 3981 406 4036 et
424 3974 524 4055 praxi.
551 3976 610 4048 Qui
634 3975 718 4036 enim
742 3976 787 4038 ita
809 3976 965 4039 subtiliter
987 3977 1097 4038 volunt
1149 3992 1219 4055 quae
1242 3973 1348 4036 statim
1363 3991 1520 4034 annexum
1540 3973 1661 4034 malum
1676 3973 1912 4036 ostendunterse

303 4065 572 4127 om'niarevocare
596 4065 638 4126 ad
662 4065 766 4144 apices
790 4065 995 4145 theologicos,
1011 4081 1094 4142 saepe
1148 4063 1235 4142 ipsis.
1261 4063 1378 4123 Caveat
1406 4067 1512 4122 autem
1541 4062 1637 4124 *facile
1660 4060 1853 4140 pronuntiare
1871 4056 1912 4118 ali

304 4171 337 4214 se
360 4152 444 4231 ipsos
468 4154 499 4213 et
521 4151 600 4214 alios
621 4152 784 4232 implicant
798 4153 951 4232 scrupulis
965 4152 1096 4232 aliisque
1149 4147 1308 4226 quidesse
1329 4149 1473 4226 mortale,
1490 4149 1576 4229 quod
1599 4155 1685 4212 certo
1708 4167 1769 4210 non
1789 4145 1912 4209 sciat:in

304 4239 542 4302 difficultatibus
560 4257 566 4300 :
584 4241 668 4302 unde
692 4245 821 4320 praestat
835 4241 886 4302 hic
907 4259 940 4302 se
956 4257 1096 4302 commo-
1149 4235 1263 4313 dubiis,
1279 4236 1407 4298 inclinet
1421 4238 1525 4316 potius
1540 4237 1581 4299 ad
1596 4237 1786 4300 securiorem
1799 4239 1910 4316 partem

304 4327 380 4388 dare
405 4328 445 4388 ad
463 4347 561 4389 ‘usum
581 4328 729 4390 Ecclesia
750 4333 782 4390 et
805 4329 939 4390 aliorum
957 4328 1096 4407 pruden-
1149 4325 1182 4385 in
1205 4325 1432 4387 difficilioribus
1462 4326 1587 4388 noverit
1606 4326 1771 4394 dubitare,
1796 4329 1828 4386 ut
1846 4317 1912 4402 qnod

303 4422 372 4476 tum
396 4415 667 4477 confessariorum.
693 4417 873 4478 Notandum
901 4420 948 4479 est
970 4420 1094 4492 autem,
1149 4431 1207 4492 per
1227 4431 1260 4473 se
1281 4431 1343 4473 non
1359 4417 1471 4492 potest,
1488 4414 1567 4476 alios
1587 4415 1780 4477 consulendo
1793 4412 1910 4475 resolvat

305 4499 458 4580 majorem
472 4502 635 4564 scientiam
649 4504 766 4585 requiri
781 4504 822 4565 ad
837 4503 1010 4566 audiendas
1024 4521 1097 4565 con·
1150 4501 1277 4563 Interim
1296 4501 1321 4562 si
1345 4519 1396 4563 res
1410 4501 1503 4564 fuerit
1523 4503 1605 4581 talis,
1623 4507 1659 4565 ut
1679 4504 1738 4564 nisi
1759 4503 1798 4564 de
1811 4514 1911 4563 eaeor

305 4586 455 4648 sessiones
470 4589 632 4650 hominum
652 4590 861 4669 indoctorum,
878 4609 973 4672 quam
988 4592 1097 4653 docto·
1150 4589 1281 4667 stiterit,
1308 4590 1376 4651 dari
1400 4599 1537 4671 nequeat
1569 4592 1746 4671 absolutio,
1768 4584 1913 4653 differto&

306 4691 387 4751 rum,
404 4675 479 4755 quia
501 4676 535 4736 hi
557 4681 688 4755 possunt
706 4697 779 4740 suas
800 4679 859 4758 ipsi
874 4679 1012 4740 actiones
1034 4678 1098 4740 dis·
1152 4677 1211 4739 erit
1240 4677 1400 4756 decenter,
1425 4680 1587 4744 admonito
1616 4685 1656 4744 nt
1688 4679 1810 4757 redeat,
1836 4670 1913 4757 poefli·

306 4761 449 4842 tinguere
465 4763 716 4844 et'obligationes
731 4783 932 4846 cognoscere.
1151 4770 1247 4828 tante.

346 4854 376 4911 ι.
400 4853 480 4913 Ante
496 4852 601 4914 omnia
622 4856 770 4917 tenentur
788 4855 974 4917 confessarii
989 4872 1098 4917 omnes
1192 4859 1222 4918 l.
1245 4857 1345 4918 Debet
1358 4856 1454 4919 etiarn
1475 4857 1691 4920 confessarius
1713 4855 1789 4920 scire
1806 4851 1913 4917 circum·

306 4939 539 5001 accuratissime
571 4941 670 5020 scire,
696 4943 849 5023 imprimis
878 4943 1036 5024 quomodo
1061 4961 1099 5004 ex
1151 4944 1281 5007 startias
1304 4949 1517 5023 peccatorum,
1534 4945 1695 5026 praecipue
1710 4963 1773 5022 eas,
1789 4957 1850 5023 qua
1860 4953 1910 4997 mu

306 5023 441 5104 propriis
456 5027 580 5088 motivis
595 5028 738 5091 eliciendi
749 5030 907 5092 sintactus
922 5031 1005 5108 fidei,
1018 5029 1096 5110 spei,
1151 5035 1219 5093 tant
1232 5032 1368 5111 speciem
1384 5036 1482 5109 actus,
1501 5035 1586 5094 etex
1607 5034 1722 5114 quibus
1731 5033 1830 5114 potest
1841 5020 1909 5088 widi

306 5111 479 5190 charitatis,
495 5113 663 5176 attritionis
684 5119 716 5178 et
744 5116 958 5191 contritionis;
984 5117 1100 5179 debent
1153 5126 1318 5197 peccatum
1346 5120 1478 5181 mortale
1502 5139 1510 5180 ι
1535 5139 1566 5182 v.
1591 5137 1623 5200 g.
1647 5120 1674 5182 si
1695 5125 1816 5184 tenetm
1835 5108 1910 5194 poen't

306 5198 392 5260 enim
414 5201 585 5280 sepissime
605 5203 830 5283 poenitentibus
853 5205 966 5284 praeire
981 5206 1013 5266 in
1027 5206 1098 5268 illos
1151 5209 1220 5266 tens
1257 5206 1296 5266 ad
1338 5205 1568 5270 restitutionem
1596 5227 1605 5282 ;
1642 5208 1668 5270 si
1704 5209 1771 5270 uult
1797 5214 1910 5285 perttlt⁴

306 5289 405 5348 actus.
898 5363 900 5366 .
1151 5311 1222 5354 rere
1244 5295 1276 5355 in
1300 5299 1448 5373 peccato;
1474 5293 1499 5355 si
1514 5294 1626 5357 incidit
1644 5295 1678 5356 in
1701 5301 1910 5358 casusresemr

346 5375 376 5434 3.
393 5373 531 5436 Scientis
544 5377 723 5438 necessaria
736 5382 785 5440 est
803 5379 997 5442 Confessario
1013 5384 1099 5442 eate-
1151 5385 1200 5442 tos
1211 5400 1219 5454 ;
1232 5381 1257 5442 si
1273 5387 1320 5444 est
1333 5382 1366 5443 in
1380 5383 1722 5446 Dxcommunicatione.
1734 5385 1773 5446 ot
1783 5375 1909 5462 praeoilll

306 5474 377 5538 nus,
393 5466 428 5522 ut
450 5479 469 5523 a
492 5481 555 5524 non
578 5465 715 5544 peccatis
736 5469 881 5548 peccata,
900 5473 932 5532 et
953 5467 1099 5531 mortalia
1153 5487 1206 5531 ess
1227 5470 1576 5534 Excommnnicationes
1596 5472 1677 5535 scire
1699 5471 1801 5550 debet,
1814 5457 1910 5542 dequi-
