3968 6346
370 576 396 636 n
699 573 817 636 33333
841 572 1012 636 assuunt.
1230 661 1234 666 Ι
1315 563 1340 625 3
1642 567 1677 626 er

334 762 533 815 asseruisse.

72 867 216 932 Disperitas
231 866 393 918 3333333333
408 866 555 930 Religionis
571 865 677 916 dirimit
693 865 832 916 Matrimo-

47 937 114 986 nium
131 937 204 986 inter
218 937 385 1001 baptisatam
396 939 422 986 et
435 951 491 987 nou
503 937 679 1000 baptizatum,
694 937 776 986 etiem
791 948 833 984 ca·

46 1005 241 1068 acbumeuum,
258 1007 322 1058 3333
339 1007 531 1068 3333333333333,
548 1006 566 1057 3.
580 1007 604 1064 3,
621 1021 646 1071 p.
662 1007 687 1068 3,
703 1019 729 1056 3.
746 1007 800 1056 333.

325 1137 546 1190 nlsranslrlo.

72 1251 239 1315 Dispenmtio
254 1253 295 1300 est
307 1249 431 1300 absoluta
445 1249 620 1314 obligationis
642 1249 709 1312 legis
731 1249 831 1299 condo·

46 1322 121 1380 33333,
135 1321 154 1370 3.
171 1324 195 1382 3,
215 1334 290 1371 num.
307 1321 363 1380 333,
379 1319 396 1370 3.
412 1323 436 1380 3,
455 1335 481 1385 p.
506 1324 530 1376 3,
546 1334 620 1372 num.
645 1323 700 1370 533.
720 1321 832 1383 Dispen-

46 1392 115 1442 nudi
128 1395 248 1455 potestas
257 1391 387 1442 convenit
394 1391 520 1441 omuibus
530 1390 660 1450 Praeiatis,
671 1391 719 1454 qui
729 1390 832 1440 babent

45 1459 259 1510 iurisdictionem
274 1460 302 1510 in
317 1459 373 1508 loro
388 1463 501 1510 externo
515 1459 558 1509 vel
572 1459 754 1523 privilegium,
770 1459 787 1508 l.
805 1459 832 1518 3,

46 1545 68 1595 p
82 1535 102 1592 3,
113 1545 138 1580 3.
154 1531 210 1580 533.
226 1530 277 1588 Qui
293 1529 374 1580 babet
388 1532 550 1594 potestatem
560 1528 734 1592 dispensandi
748 1542 830 1592 geue·

46 1601 130 1660 salem,
147 1601 232 1652 etiam
247 1601 334 1663 potest
344 1613 434 1650 secum
449 1599 605 1663 dispensare
620 1599 721 1650 directe
736 1601 764 1648 et
778 1599 831 1649 im-

46 1671 192 1732 mediate,l.
209 1673 232 1731 3,
246 1683 273 1720 3.
287 1671 344 1725 333.
358 1671 411 1720 333.
459 1717 461 1722 ,

73 1742 237 1805 Dispensatio
252 1739 389 1790 interioris
403 1740 431 1790 in
446 1738 503 1803 lege
518 1740 671 1803 Superioris
685 1739 743 1790 siue
756 1739 830 1802 lusia

47 1825 116 1861 33333
131 1815 174 1862 est
192 1811 323 1874 invalida,
339 1823 365 1860 3.
384 1812 438 1860 333.
461 1810 574 1860 lulerior
596 1810 684 1860 relide
707 1813 736 1858 33
755 1809 830 1858 licite

47 1881 177 1944 dispensat
190 1893 224 1930 ex
234 1881 307 1944 iusta
324 1894 404 1930 eausa
419 1880 448 1930 iu
462 1879 519 1943 lege
535 1881 703 1944 Superioris:
716 1882 738 1929 3.
754 1879 830 1929 Circa

47 1951 149 2002 leviat.
161 1952 238 2002 Circa
252 1950 408 2014 frequenter
422 1951 602 2001 occurrentia.
618 1952 641 1999 3.
655 1949 769 2009 Quando
789 1951 830 1998 est

47 2023 192 2080 necessitas,
208 2019 358 2083 periculum
373 2021 401 2070 in
416 2033 501 2080 mora,
517 2023 577 2079 333.,
593 2020 630 2069 ib.
649 2018 828 2083 Dispensandi

47 2093 154 2154 potestas
167 2095 209 2140 333
226 2104 269 2140 res
282 2089 447 2152 decorabilis,
465 2090 529 2140 bine
547 2091 600 2140 late
615 2088 830 2154 interpretenda,

47 2173 70 2210 u.
83 2162 198 2222 33333,
215 2175 241 2226 p.
255 2163 280 2221 3,
296 2174 322 2211 3.
338 2163 392 2212 333.

73 2232 238 2296 Dispensatio
252 2235 293 2282 est
307 2246 351 2282 res
364 2231 472 2287 333333.
494 2231 608 2294 ideoque
633 2230 829 2294 restringenda,

47 2301 62 2351 3.
77 2306 98 2362 3,
111 2315 187 2352 uum.
202 2303 257 2362 333,
269 2301 285 2350 3.
296 2303 321 2361 3,
336 2315 361 2364 p.
377 2303 400 2362 3,
417 2314 443 2351 3.
455 2302 509 2351 333.
525 2302 607 2352 iusta
621 2313 707 2352 causae
718 2301 828 2364 dispen-

47 2371 113 2422 sandi
123 2375 205 2422 sunt·
217 2373 322 2424 nonum
333 2373 458 2423 Ecclesiae
473 2373 516 2422 rel
530 2372 708 2435 Reipublica;
723 2371 829 2422 notabi-

48 2443 255 2494 llsdiliicultas
249 2456 276 2492 m
294 2443 483 2494 observatione
502 2443 574 2503 3333,
592 2443 715 2493 Persona
734 2455 827 2491 33333-

47 2512 113 2571 sitas,
126 2513 221 2573 virtus,
239 2513 377 2573 nobilitas,
393 2511 576 2575 imperiectio,
588 2517 676 2574 actus,
692 2516 754 2573 333.,
768 2513 785 2562 3.
803 2515 828 2568 t,

47 2584 157 2644 3.333,.3
172 2585 197 2644 3,
212 2597 238 2648 p.
255 2587 277 2643 l,
292 2595 319 2632 n.
336 2585 389 2632 333.
405 2581 828 2634 Obtenteexcausislalsisuibil

48 2657 173 2716 opsmtm,
189 2653 206 2703 l.
223 2657 246 2714 3,
261 2667 287 2703 3.
305 2654 362 2712 333,
378 2653 437 2712 te,
459 2666 484 2716 p
500 2654 524 2714 3
540 2666 566 2701 3
582 2655 635 2702 333
651 2653 766 2704 obtenta
781 2665 828 2715 per

48 2735 155 2773 errorem
168 2723 288 2774 alienum
301 2735 357 2772 non
373 2723 443 2772 valet
459 2723 609 2772 secundum
624 2722 698 2772 illam
713 2725 826 2785 partem,

48 2793 73 2842 iu
92 2807 142 2856 qua
165 2794 267 2853 delicit,
290 2793 326 2844 ib.
351 2793 466 2844 Obteuta
485 2793 544 2842 aine
563 2792 712 2842 3333333333
736 2807 826 2854 eausa,

48 2877 120 2928 quem
133 2865 292 2928 dispensans
305 2861 438 2914 bonafide
449 2863 826 2927 putabetesaesultieieutem

48 2935 143 2984 3333333
157 2935 220 2985 sits
234 2935 316 2998 Papa,
329 2933 439 2984 videtur
455 2946 512 2982 esse
531 2931 635 2992 valida,
650 2946 706 2984 nen
720 2945 784 2983 vero
803 2933 825 2982 si

48 3003 109 3053 iacta
122 3004 200 3053 sitex
212 3005 342 3066 potestate
357 3001 491 3064 delegata,
511 3002 528 3051 l.
547 3003 571 3062 3,
582 3015 608 3065 p.
624 3005 647 3062 3,
659 3015 685 3051 3.
702 3003 757 3063 533,
772 3001 790 3052 3.
801 3004 826 3060 3,

49 3088 70 3138 p.
80 3077 102 3136 3,
111 3087 138 3124 3.
147 3076 201 3124 333.
211 3075 289 3124 Facta
299 3086 315 3122 3
325 3073 395 3135 l’ape
405 3073 463 3122 siue
474 3085 565 3133 cansa,
574 3072 609 3122 ab
623 3072 755 3137 Episcopo
764 3085 826 3122 cnm

48 3159 119 3196 33333
135 3149 241 3195 excusat
254 3157 271 3194 a
286 3143 400 3194 lectione
416 3144 558 3204 Horarum,
573 3143 589 3192 l.
605 3145 629 3204 3,
645 3157 671 3193 3.
689 3145 756 3193 rest.
772 3143 826 3192 lla·

48 3215 97 3266 bita
110 3227 198 3276 33333,
212 3213 336 3276 superior
349 3225 404 3262 non
418 3225 524 3275 semper
538 3215 646 3263 tenetur
659 3212 825 3274 dispensare,

48 3285 94 3335 nisi
106 3285 155 3334 lus
164 3282 299 3348 precipiat
313 3295 347 3332 ex
358 3295 388 3330 ea
403 3294 483 3332 causa
500 3281 663 3346 dispensare,
679 3281 722 3331 333
736 3295 826 3330 neces·

48 3356 143 3405 sanum
155 3356 188 3404 sit
200 3353 233 3404 ad
247 3365 391 3403 commune
409 3353 523 3413 bonnm,
547 3353 590 3402 vel
612 3352 752 3416 spirituale
767 3365 825 3414 pee-

48 3424 163 3484 niteutis,
175 3423 216 3474 vel
225 3423 402 3473 avertendum
415 3436 497 3486 grave
506 3421 608 3472 malum
622 3426 670 3473 aut
686 3422 825 3487 publicum

49 3492 205 3554 3333333333,
227 3497 294 3552 333.,
308 3492 326 3542 l.
344 3495 367 3552 3,
385 3506 412 3542 3.
436 3494 461 3554 3,
482 3491 498 3542 l.
520 3493 545 3552 3,
567 3506 592 3556 p.
609 3495 632 3553 3,
649 3506 666 3541 a
679 3506 706 3542 3.
725 3494 778 3542 533.
796 3491 825 3542 Si

49 3567 114 3615 serio
126 3564 273 3628 adsitjusta
287 3577 367 3614 cansa
381 3563 602 3628 dispensationis,
618 3563 823 3626 aliqnandota·

50 3635 240 3686 meueeadbuc
254 3633 308 3700 peti
326 3634 416 3694 debet,
435 3635 452 3685 i.
475 3637 498 3690 3.
518 3646 545 3683 3.
562 3635 615 3684 333.
635 3635 685 3685 Per
703 3635 759 3682 vim
777 3637 825 3684 aut

50 3709 145 3756 metum
158 3706 265 3758 obtenta
280 3707 370 3768 (modo
380 3719 460 3757 causa
473 3706 509 3757 sit
520 3707 612 3769 justa),
628 3709 668 3756 est
682 3705 781 3765 ualida,
796 3717 823 3753 n.

50 3777 266 3829 innobentur
281 3791 361 3829 eausa
379 3777 455 3832 33333.
470 3777 540 3827 bona
555 3777 606 3827 tide
622 3777 748 3838 allegata,
762 3789 825 3840 pro·

50 3847 352 3909 babilitercstinvalida,
367 3849 463 3908 3333,
481 3847 499 3897 l.
509 3850 533 3908 3,
548 3862 574 3912 p.
591 3851 614 3908 3,
629 3861 656 3897 3.
671 3849 725 3898 532.
744 3847 825 3926 iguo-

50 3919 113 3968 rauti
123 3923 150 3968 33
158 3918 241 3969 invito
251 3918 370 3969 obtineri
380 3920 477 3981 potest,
488 3917 505 3968 l.
518 3920 541 3978 l,
551 3931 579 3968 3.
590 3919 643 3968 333.
654 3918 738 3967 Causa
748 3916 824 3980 priu-
840 3909 844 3919 “

51 3989 124 4051 cipali
145 3991 271 4048 33333333,
289 3987 437 4050 aliquando
460 3991 544 4037 cessat
565 3987 745 4050 dispensatio,
769 3998 825 4034 non

51 4069 108 4108 vero
121 4059 205 4109 miuus
218 4057 371 4122 principali.
386 4057 431 4107 333
444 4059 518 4122 parte
532 4070 620 4107 cause
639 4057 749 4108 motiva
770 4069 825 4105 ces·

51 4131 129 4189 33333,
142 4141 167 4178 3.
184 4131 237 4179 333.
257 4128 416 4179 commissio
435 4127 645 4192 dispensationis
660 4141 676 4178 a
691 4129 717 4179 S.
738 4126 826 4178 33333-

50 4197 166 4248 baliaris
179 4199 239 4250 data
253 4211 310 4248 nou
325 4199 431 4262 expirat
445 4203 532 4250 morte
547 4198 755 4260 Poeniteutiarii,
774 4211 824 4248 ue·

52 4267 335 4335 percutiamusque
345 4269 482 4319 exsecutio
490 4269 824 4333 dispensationisexpirat,

52 4337 72 4386 33
85 4343 214 4390 exsecutor
226 4341 262 4390 sit
277 4341 460 4401 necessarius,
477 4341 523 4403 qui
543 4342 654 4404 exsequi
669 4340 789 4404 iubetur,
801 4341 824 4391 si

52 4422 135 4472 preces
146 4412 253 4462 33333333
268 4412 404 4472 utuntur,
420 4411 525 4475 expirat
540 4414 642 4472 autem,
652 4412 674 4461 si
685 4415 825 4461 exsecutor

52 4479 315 4542 catalaunensem
330 4481 386 4530 sola
400 4481 565 4544 exsequendi
581 4480 692 4531 facultas
702 4481 825 4531 coneedi-

53 4548 127 4596 turin
136 4549 247 4600 bearem
258 4551 327 4614 elus,
341 4552 385 4601 333
399 4551 471 4614 gatis
485 4553 526 4600 eet
539 4550 721 4600 concedenda.
732 4563 759 4600 n.
769 4551 825 4610 333,

51 4617 100 4667 333.
114 4619 234 4684 Superior
243 4621 295 4671 loci
309 4621 463 4685 dispensare
474 4625 562 4684 potest
575 4635 637 4670 cum
652 4620 727 4684 vagis
737 4625 763 4672 et
777 4635 825 4686 pe·

52 4689 153 4750 regrinis
166 4691 194 4742 33
208 4691 312 4755 legibus
326 4691 629 4754 commemorantes.

80 4759 234 4822 Dispensatie
247 4762 418 4825 subreptitia,
433 4761 459 4812 id
475 4765 524 4823 est,
541 4763 568 4812 iu
584 4775 637 4825 qna
655 4765 761 4814 tacetur
778 4777 824 4813 33-

52 4826 112 4876 ritas
120 4830 217 4906 alioqui
231 4831 418 4894 exprimenda,
432 4831 476 4880 vel
490 4832 650 4895 obreptitia,
667 4834 695 4882 33
710 4845 763 4896 qua
778 4847 824 4882 ex·

52 4894 166 4956 primitur
178 4899 287 4959 falsitas,
303 4911 363 4962 quea
386 4901 426 4948 est
446 4912 527 4949 causa
550 4899 639 4951 finalis
655 4900 698 4950 vel
713 4903 824 4962 motiva,

52 4965 214 5029 estinralide,
233 4983 260 5018 n.
276 4972 330 5020 333.
348 4969 602 5020 3333333333333333
620 4970 655 5020 33
672 4973 825 5034 subreptio·

51 5045 110 5084 nem
123 5037 159 5086 rel
171 5005 357 5102 obi-optionem
372 5053 425 5089 non
441 5039 573 5090 inrelidnt
587 5041 824 5123 dispensationem,

52 5106 138 5156 3333.
152 5109 220 5160 Siiu
240 5109 441 5173 dispensatione
464 5111 602 5162 addetur.
621 5115 690 5160 recia
711 5113 825 5176 proprio,

52 5174 178 5238 suppletur
189 5179 334 5231 delectus
323 5181 520 5245 subreptionis,
536 5195 590 5244 quo
607 5186 702 5244 potens
717 5183 827 5233 reticuit

52 5249 347 5312 manuteneamus
364 5255 465 5311 333333,
483 5265 591 5302 causam
610 5253 703 5302 falsam
719 5267 751 5303 ex
764 5269 826 5303 nes-

52 5303 92 5365 sii,
107 5319 130 5357 n
145 5311 196 5361 333.
215 5313 243 5363 33
266 5317 426 5376 procurater
444 5288 581 5364 addiderit
602 5315 706 5378 aliquid
730 5316 778 5364 t'u
767 5329 827 5366 sum

52 5373 119 5426 cirea
129 5392 228 5431 3333333
241 5383 360 5442 iinalem,
378 5382 420 5432 vel
435 5385 548 5434 tacuerit
562 5384 664 5447 aliquid
686 5399 778 5434 venem
799 5387 826 5436 33

54 5457 103 5494 333
118 5453 325 5516 peneseparata,
351 5452 435 5504 inscie
458 5453 504 5504 illo
528 5466 576 5520 pro
599 5465 652 5517 quo
672 5455 827 5522 procurabit

888 756 1136 821 dispensationem,
1156 767 1215 805 eam
1239 751 1415 818 probabiliter
1437 749 1569 802 invalidat
1592 752 1680 814 quoad

889 831 1001 892 partem,
1017 841 1065 892 pro
1081 840 1133 890 qne
1148 825 1296 876 interuenit
1314 823 1423 883 vitium,
1446 835 1473 872 n.
1497 823 1550 872 333.
1575 822 1604 874 Si
1621 822 1680 872 loco

887 911 957 948 33333
974 910 1062 947 causus
1077 896 1105 945 in
1120 895 1240 960 supplica
1251 893 1372 957 allegatae
1383 892 1564 943 substituatur
1579 892 1608 941 in
1623 906 1681 942 res·

887 970 974 1032 cripte
988 968 1041 1018 alia
1056 966 1130 1028 ialsa,
1146 965 1219 1015 valet
1233 964 1408 1029 dispensatio,
1426 977 1453 1014 n.
1473 965 1527 1014 333.
1551 962 1590 1013 nd
1604 963 1681 1014 valo-

887 1053 944 1089 rem
959 1037 1170 1102 dispensationis
1180 1035 1287 1096 3333333,
1299 1035 1320 1084 33
1332 1048 1411 1084 eausa
1425 1033 1515 1084 333333
1529 1033 1681 1084 3333333333

888 1108 935 1158 illo
950 1110 1081 1170 tempore,
1096 1119 1150 1168 quo
1165 1106 1255 1156 Roma
1265 1118 1296 1155 33
1306 1103 1474 1164 conceditur,
1489 1107 1516 1153 et
1529 1103 1611 1154 simul
1621 1103 1678 1165 illo,

887 1191 942 1242 quo
958 1176 1117 1228 ordinarius
1131 1176 1278 1240 dispensat,
1302 1187 1329 1223 n.
1352 1174 1405 1224 333.
1423 1173 1463 1222 33
1487 1172 1607 1224 valorem
1621 1173 1680 1237 elus

887 1263 942 1300 non
957 1247 1105 1311 requiritur
1127 1247 1226 1296 veritas
1248 1246 1370 1296 omnium
1391 1257 1532 1294 causarum
1550 1242 1680 1306 allegata-

885 1333 963 1379 rnm;
983 1317 1030 1368 sed
1052 1316 1151 1367 suiflcit
1171 1317 1279 1366 tinelem
1294 1329 1352 1366 esse
1369 1327 1470 1376 rerem,
1493 1327 1519 1364 u.
1543 1316 1597 1364 333.
1615 1314 1680 1364 Eam

886 1388 1069 1440 communiter
1082 1401 1137 1438 non
1148 1387 1281 1438 invalidet
1291 1401 1365 1436 error
1377 1386 1406 1436 in
1423 1385 1533 1436 nomine
1548 1397 1679 1449 personae,

885 1460 1022 1519 Diuersus,
1036 1461 1086 1507 etc.
1102 1471 1129 1508 n.
1140 1461 1195 1508 333.

916 1529 1087 1592 Dispensatio
1101 1529 1184 1578 33333
1200 1527 1320 1578 33333333
1339 1527 1397 1578 3333
1416 1527 1510 1587 altero,
1534 1540 1582 1590 per
1595 1539 1623 1576 33
1637 1526 1679 1576 lo-

885 1600 1004 1664 quendo,
1020 1600 1059 1648 est
1075 1598 1174 1660 valida,
1190 1599 1243 1650 uisi
1256 1599 1374 1662 gravitas
1396 1599 1479 1648 unius
1493 1595 1614 1646 delectus
1632 1611 1680 1646 au·

883 1674 980 1735 geatur
994 1685 1041 1734 per
1054 1672 1181 1732 alterum,
1203 1674 1252 1721 snt
1274 1684 1330 1720 uon
1349 1671 1415 1721 satis
1438 1667 1567 1733 explicari
1594 1669 1680 1732 possit

884 1755 939 1792 non
954 1745 1063 1792 narrato
1077 1741 1171 1802 altero,
1191 1755 1217 1791 n.
1241 1744 1296 1802 88l,
1312 1740 1330 1791 l.
1345 1742 1369 1799 t,
1387 1755 1413 1790 3.
1437 1742 1491 1790 653.
1516 1738 1614 1790 Valida
1638 1742 1680 1790 est

884 1823 932 1872 pro
948 1810 1005 1861 loro
1019 1811 1204 1872 conscientiae,
1227 1825 1275 1874 per
1297 1825 1325 1862 se
1344 1811 1489 1874 loquendo,
1509 1814 1572 1860 ante
1596 1823 1678 1874 expe-

883 1879 1017 1930 ditionem
1031 1882 1163 1944 rescripti,
1179 1882 1196 1931 l.
1214 1884 1236 1942 3,
1251 1896 1279 1932 3.
1294 1883 1349 1932 335.
1361 1882 1390 1930 33
1405 1880 1490 1931 dubio
1500 1880 1533 1930 de
1546 1882 1678 1944 potestate

884 1951 1069 2014 dispensandi,
1085 1951 1211 2001 standum
1223 1954 1263 2001 cst
1276 1966 1324 2016 pro
1339 1953 1397 2015 eius
1407 1951 1507 2012 valore,
1518 1963 1546 2000 u.
1556 1951 1611 2010 333,
1623 1950 1640 2000 l.
1651 1951 1677 2004 3.

884 2034 909 2084 p.
928 2023 952 2082 3,
966 2034 982 2070 3
995 2033 1022 2070 u.
1038 2023 1092 2070 335.
1110 2020 1138 2070 33
1154 2022 1238 2072 dubie
1248 2023 1282 2072 de
1292 2022 1382 2073 333333
1393 2024 1440 2072 333
1450 2020 1607 2070 extensione
1621 2019 1678 2069 dis·

884 2091 1055 2154 pausationis
1078 2091 1261 2141 communiter
1281 2093 1408 2143 standum
1432 2105 1480 2155 pro
1508 2089 1678 2141 insoliditate

884 2162 950 2224 ejus,
966 2160 982 2209 l.
1001 2163 1023 2221 l,
1040 2175 1066 2212 3.
1081 2163 1136 2212 333.
1154 2163 1184 2211 33
1199 2163 1283 2212 dubio
1294 2164 1327 2214 33
1340 2162 1501 2213 sufficientia
1517 2173 1603 2211 caussa
1614 2173 1677 2223 pro-

883 2228 1011 2279 babiliter
1025 2230 1175 2296 dispensari
1190 2235 1287 2295 potest,
1303 2247 1330 2282 n.
1348 2234 1401 2282 333.
1420 2233 1484 2282 Eam
1508 2235 1602 2296 petens
1619 2230 1678 2280 3333

883 2313 971 2360 eausa,
998 2305 1100 2362 peceat,
1116 2315 1142 2350 n.
1158 2303 1212 2351 ¹196.
1232 2302 1262 2351 33
1285 2301 1380 2363 dubio,
1398 2315 1433 2351 an
1457 2301 1623 2364 dispensatio
1642 2301 1679 2352 sii

883 2369 956 2430 duta,
971 2375 1098 2422 censetur
1113 2385 1167 2422 nou
1183 2385 1239 2423 esse
1255 2373 1329 2434 data,
1343 2387 1369 2422 n.
1385 2375 1438 2422 335.
1454 2373 1483 2421 33
1494 2371 1587 2433 dubio,
1597 2385 1632 2421 an
1643 2373 1679 2422 333

882 2440 983 2501 valida,
995 2441 1172 2504 probabiliter
1188 2447 1313 2493 censetur
1327 2443 1426 2504 valida,
1442 2457 1468 2492 n.
1483 2443 1539 2504 333,
1554 2456 1569 2491 3
1584 2455 1610 2492 3.
1621 2443 1675 2493 333.

883 2511 913 2562 33
928 2510 1022 2571 dnbio,
1037 2524 1072 2560 an
1087 2513 1123 2562 sit
1146 2514 1317 2576 subreptitia,
1341 2514 1515 2578 presumitur
1539 2527 1595 2564 non
1618 2527 1676 2564 esse

881 2580 1052 2643 subreptitia,
1067 2594 1094 2631 n.
1110 2584 1164 2632 335.
1183 2583 1212 2632 33
1226 2583 1321 2643 dnbio,
1339 2597 1376 2634 au
1399 2583 1449 2632 boe
1473 2583 1545 2646 quod
1566 2595 1677 2647 expres·

882 2659 942 2698 sum
958 2649 1000 2698 vel
1016 2651 1129 2702 taciturn
1143 2652 1171 2700 iu
1186 2653 1307 2716 supplica
1322 2654 1358 2702 333
1372 2667 1452 2703 eausa
1469 2653 1567 2715 finalis,
1582 2667 1677 2704 cense-

882 2721 927 2767 tur
940 2731 995 2768 non
1011 2734 1039 2769 33
1041 2734 1068 2771 33
1087 2721 1157 2782 talis,
1173 2736 1199 2772 n.
1216 2725 1269 2773 335.
1287 2725 1315 2773 ln
1330 2724 1414 2774 dubio
1424 2736 1459 2773 an
1469 2739 1546 2774 casus
1557 2725 1677 2788 indigeat

881 2788 1094 2920 {lispeusatigoue
1087 2793 1292 2856 ,probabiliter
1312 2809 1368 2846 nou
1392 2799 1432 2845 est
1448 2808 1516 2859 opus
1539 2795 1676 2860 dispensu-

895 2873 957 2908 roue
982 2874 1001 2910 n
1044 2864 1080 2912 33.

912 2931 1083 2994 Dispensatio
1106 2935 1272 2986 trahitnrad
1288 2936 1438 2986 necessario
1461 2939 1488 2986 et
1505 2937 1540 2987 de
1563 2949 1590 2986 se
1615 2949 1678 2985 con·

881 3013 963 3061 nexa,
978 3015 1033 3050 non
1047 3002 1082 3052 ad
1101 3003 1237 3066 disparata
1250 3019 1277 3054 se
1288 3005 1427 3066 babentia,
1444 3005 1462 3056 l.
1473 3009 1497 3066 3,
1508 3019 1533 3069 p.
1544 3007 1568 3066 3,
1584 3018 1610 3054 3.
1621 3005 1675 3054 333.

881 3069 995 3133 Expedit
1010 3085 1070 3120 eam
1084 3071 1229 3123 sollicitare
1250 3078 1276 3125 33
1300 3087 1448 3138 proponere
1473 3089 1521 3138 per
1534 3075 1677 3124 Nuntiata·

881 3153 950 3202 rein,
965 3155 992 3190 3.
1008 3143 1061 3192 333.
1081 3141 1110 3191 33
1134 3155 1164 3192 33
1187 3145 1277 3194 Romae
1301 3145 1416 3209 petenda
1439 3146 1514 3195 veria
1538 3145 1675 3196 observari

881 3210 984 3261 debent
998 3214 1025 3261 et
1043 3212 1072 3262 iu
1087 3213 1208 3276 supplica
1222 3215 1348 3278 exprimi,
1363 3227 1379 3264 a
1393 3227 1420 3265 3.
1440 3218 1494 3265 333.
1510 3214 1637 3276 Vitiatur,
1652 3213 1675 3263 si

880 3284 1006 3330 narretur
1028 3280 1135 3342 falsum,
1154 3285 1212 3343 aut,
1230 3284 1252 3332 si
1271 3297 1365 3334 rerum
1382 3288 1505 3348 spectans
1517 3285 1552 3336 ad
1566 3297 1676 3336 3333333

880 3348 988 3399 3333333
1003 3350 1046 3399 vel
1061 3351 1192 3401 motivam
1210 3353 1412 3417 dispensantis,
1428 3358 1558 3416 taceatur,
1573 3368 1600 3405 3.
1619 3357 1674 3406 333.

879 3420 967 3470 Etiam
984 3421 1105 3481 vitiatur,
1120 3422 1153 3482 si,
1168 3424 1240 3485 quod
1255 3427 1359 3474 eertum
1374 3427 1400 3476 et
1414 3427 1553 3506 pertinens
1563 3427 1598 3477 ad
1613 3425 1675 3476 sub·

879 3491 1018 3552 333333333,
1033 3495 1149 3572 ponatur
1162 3493 1211 3543 snb
1226 3494 1324 3554 dubio·
1340 3494 1393 3556 333,
1409 3497 1677 3560 sinonexprimatur

879 3560 951 3624 qaod
966 3527 1065 3610 reciet·
1058 3575 1086 3610 nr
1102 3563 1290 3626 praejudicium
1305 3566 1387 3627 tertii,
1403 3581 1430 3617 n.
1445 3570 1499 3620 333.
1509 3567 1548 3618 Ob
1559 3580 1675 3630 pauper·

882 3634 964 3680 tatem
983 3631 1039 3692 peti
1064 3631 1146 3683 debet
1169 3633 1219 3684 boc
1234 3636 1337 3686 modo.
1331 3637 1510 3688 ·lieatissime
1530 3639 1616 3697 Pater,
1632 3650 1676 3686 ex-

879 3699 991 3764 ponitur
1005 3699 1146 3752 humiliter
1160 3705 1423 3768 Sanctitatillestrre,
1439 3714 1490 3759 etc.
1506 3720 1533 3758 3.
1548 3709 1602 3758 333.
1615 3708 1676 3758 l‘ro·

879 3769 998 3820 babillus
1012 3773 1129 3834 requirit
1142 3776 1354 3839 contessionem,
1370 3780 1392 3828 si
1407 3792 1532 3843 expresse
1548 3778 1675 3839 addatur,

880 3844 912 3890 nt
925 3840 998 3890 fiat'
991 3856 1020 3892 ru
1042 3847 1104 3895 actu
1121 3846 1329 3898 sacramentalis
1352 3849 1549 3910 consessionis,
1572 3853 1622 3900 etc.
1647 3863 1674 3900 3.

879 3913 933 3962 353.
949 3913 976 3964 83
991 3927 1050 3964 cam
1065 3917 1197 3979 requirat,
1209 3922 1235 3968 et
1250 3919 1296 3969 illa
1311 3920 1347 3970 sit
1361 3921 1497 3984 sacrilege,
1508 3920 1676 3983 probabilius

879 3983 998 4032 invalida
1014 3985 1244 4051 estdispcnsatio,
1265 4003 1292 4040 u.
1315 3993 1369 4040 333.
1391 3991 1571 4042 Probabiliter
1591 3991 1675 4040 etiam

879 4053 987 4118 prodest
1003 4055 1138 4118 ignoranti
1153 4061 1181 4108 et
1196 4059 1292 4122 invito,
1303 4073 1330 4109 u.
1342 4063 1396 4112 333.
1406 4063 1457 4112 Pro
1468 4060 1674 4113 Benetleiodeta

879 4136 933 4173 non
951 4124 1033 4174 babet
1047 4124 1113 4187 vim,
1128 4125 1181 4176 nisi
1196 4127 1233 4178 sit
1246 4131 1395 4193 acceptata,
1415 4131 1480 4181 ibid.

918 4235 1128 4290 ntsransnrlo
1146 4239 1178 4289 tn
1193 4239 1439 4293 OBSERVATlONE
1455 4241 1635 4293 FESTORUM.

910 4333 1080 4396 Dispensatio
1104 4334 1237 4400 Episcopi,
1253 4336 1296 4386 vel
1310 4337 1436 4388 habentis
1456 4339 1533 4402 quasi
1555 4341 1674 4403 potesta·

878 4407 933 4454 tem
957 4404 1151 4468 Episcopalern,
1176 4406 1230 4455 imo
1250 4407 1332 4458 etiam
1352 4409 1475 4472 Parocbi,
1494 4409 1603 4473 quando
1618 4423 1673 4460 uon

878 4474 959 4524 datur
973 4474 1059 4524 3333333
1072 4487 1196 4525 accessus
1209 4476 1243 4526 ad
1261 4477 1432 4542 Episcopum,
1447 4483 1557 4530 excusat
1570 4479 1605 4530 ab
1623 4480 1674 4529 ob·

879 4544 1032 4594 servatione
1056 4544 1194 4606 festorum,
1211 4547 1228 4596 3.
1244 4548 1268 4608 3,
1284 4562 1309 4610 p.
1327 4552 1350 4609 3,
1366 4561 1424 4598 33.
1439 4551 1494 4600 333.
1517 4552 1567 4601 Pro
1582 4550 1673 4602 labore

879 4615 923 4664 die
939 4614 1014 4674 testo,
1030 4615 1053 4664 si
1068 4629 1148 4666 causa
1162 4617 1244 4677 adsit,
1260 4583 1350 4668 333333
1365 4619 1504 4682 dispensat
1514 4623 1673 4686 Episcopus,

880 4685 922 4733 rel
937 4686 994 4748 ejus
1007 4685 1130 4736 vicarius
1149 4700 1197 4750 pro
1214 4688 1526 4753 omnibnsDioecesenis,
1536 4693 1674 4743 Parocbus

880 4767 927 4818 pro
942 4755 1123 4816 Parocbianis,
1144 4759 1273 4821 Superior
1293 4773 1341 4824 pro
1365 4761 1491 4822 subditis,
1505 4775 1561 4812 uon
1578 4765 1673 4813 333333

881 4839 928 4889 pro
946 4825 1053 4875 famulis
1067 4826 1252 4889 sacularibus,
1268 4843 1295 4879 3.
1310 4831 1365 4880 aet.
1386 4831 1493 4882 liabens
1511 4835 1673 4895 potestatem

880 4895 1044 4946 ordinariam
1053 4895 1228 4959 dispensandi
1243 4901 1332 4961 potest
1346 4913 1406 4950 eam
1419 4900 1554 4965 delegare,
1569 4901 1673 4953 babeas

881 4967 1040 5028 delegatam,
1056 4979 1112 5015 uon
1135 4969 1223 5030 potest
1241 4981 1301 5018 eam
1325 4969 1515 5033 subdelegare,
1531 4983 1558 5022 n.
1574 4973 1627 5022 333.
1643 4971 1671 5022 Si

880 5049 961 5084 conse
976 5035 1117 5086 moraliter
1130 5039 1202 5086 certa
1214 5043 1332 5100 excuset,
1343 5040 1480 5093 ordinarie
1491 5055 1545 5093 uon
1556 5043 1596 5092 est
1606 5055 1673 5106 opus

881 5103 1082 5166 dispensatione
1096 5105 1259 5170 Superioris,
1276 5109 1343 5160 ibid.

1067 5219 1278 5274 nlseansuno
1295 5223 1328 5274 ΙΝ
1343 5225 1481 5278 tainum.

913 5315 1083 5380 Dispensatio
1106 5317 1229 5383 Episcopi
1250 5323 1277 5370 et
1300 5322 1411 5372 Parochi
1436 5324 1518 5374 etiam
1541 5327 1673 5388 prasente

882 5385 1022 5449 Episcopo,
1037 5387 1084 5436 ubi
1099 5389 1268 5440 cousuetudo
1285 5389 1409 5474 legitima
1425 5393 1464 5443 sie
1479 5393 1570 5457 babet,
1590 5409 1673 5446 excu-

881 5460 923 5507 sat
936 5469 951 5506 3
964 5456 1087 5520 jejunio,
1104 5457 1169 5512 item
1184 5459 1290 5525 prelati
1313 5464 1340 5510 et
1360 5463 1419 5525 ejas
1433 5463 1533 5514 Vicerii
1550 5469 1672 5534 respectu
