3986 6350
585 539 636 602 DE
658 541 690 602 S.
714 539 923 602 GRUCIATAE
945 537 1088 606 BULLA‚
1588 542 1648 604 tlt

58 729 202 794 llouialium
212 727 272 790 sibi
286 727 509 808 subjectarum,
521 727 575 789 sed
587 745 690 808 egere,
708 727 812 808 quoad
867 743 936 806 quae
951 726 1034 804 ipsas
1049 723 1266 788 confessiones
1281 731 1467 800 concernat;
1480 678 1523 790 'de
1538 743 1601 808 qua
1614 733 1660 790 ta-

58 819 110 895 loo,
129 817 246 897 speciali
269 815 412 895 Episcopi
436 817 687 896 approbatione;
717 819 811 896 atque
866 831 939 874 men
953 812 1039 874 haud
1061 812 1272 876 necessarium
1296 831 1364 876 esse
1386 817 1421 876 ut
1440 815 1472 876 in
1487 815 1564 876 actis
1587 831 1661 876 oon-

58 905 211 985 approbatcs
225 923 283 984 pro
298 904 464 966 audiendis
478 905 730 968 confessionibus
745 905 813 966 Mo·
869 903 940 977 stet,
957 917 1015 961 nec
1030 917 1100 960 eam
1122 900 1219 960 teneri
1235 901 1424 980 Episcopum
1439 901 1514 980 ipsis
1529 902 1661 981 Regula·

58 993 156 1054 niulfum
175 992 268 1054 unius
288 991 477 1069 ltlouasterii,
502 992 630 1052 minime
649 1009 740 1071 posse
760 1009 812 1052 au·
867 988 954 1049 ribus
969 987 1158 1068 significare,
1175 988 1230 1048 scd
1245 989 1319 1050 Sedi
1340 991 1527 1069 Apostolicae
1548 989 1661 1052 ducta-

58 1083 106 1144 dire
114 1081 315 1143 Confessiones
327 1080 508 1142 Monialium
518 1081 647 1142 alterius
660 1082 814 1142 Menesta-
866 1079 930 1152 xat,
942 1077 996 1137 ubi
1008 1094 1077 1136 cam
1092 1075 1207 1154 aperiri
1218 1077 1433 1155 postulaverit.
1446 1080 1544 1140 Porro
1560 1076 1586 1138 si
1601 1079 1662 1140 Re-

57 1170 197 1234 n'iltidem
212 1169 424 1232 Contessorios
439 1169 702 1232 extraordinarios
716 1170 812 1232 semel
867 1164 992 1244 gulares
1020 1181 1092 1224 eum
1119 1164 1278 1240 scandale,
1308 1171 1363 1226 sut
1390 1166 1469 1228 elias
1495 1164 1661 1228 inhoneste
1790 1235 1791 1240 γ

57 1261 198 1339 deputatos,
217 1263 312 1338 atque
328 1257 518 1336 approbatos
540 1257 580 1318 ab
604 1257 758 1336 Episcopo
773 1257 813 1318 ad
867 1253 985 1329 vivant,
1001 1253 1051 1314 vel
1066 1253 1193 1332 aliquod
1215 1253 1365 1315 delictum
1380 1255 1588 1333 committant,
1604 1273 1662 1334 per

57 1345 202 1410 ltoniulium
217 1345 434 1407 confessiones
447 1362 505 1424 pro
524 1363 587 1406 una
601 1343 669 1405 vice
684 1344 815 1406 audien·
869 1340 953 1420 quod
967 1339 1144 1401 rationabili
1160 1341 1305 1420 Episcopi
1326 1341 1445 1422 judicio
1462 1343 1629 1404 videantur
1643 1360 1662 1404 a

57 1433 107 1509 des,
126 1433 198 1494 haud
223 1451 327 1512 posse,
345 1435 468 1512 explete
488 1432 707 1512 Deputatioue,
730 1433 762 1494 iu
782 1431 813 1494 vi
868 1427 1121 1492 confessionibus
1144 1428 1304 1506 suspendi,
1322 1429 1353 1488 in
1378 1448 1440 1509 quo
1458 1430 1556 1510 ipsius
1575 1429 1662 1509 Epis-

57 1521 257 1601 opprobatiouis
281 1521 472 1602 hujusmodi,
498 1520 622 1582 illarum
640 1520 815 1582 Confessio-

56 1609 222 1684 uesaudire;
246 1611 302 1672 sad
319 1610 411 1672 toties
432 1611 472 1672 ab
492 1609 646 1689 Episcopo
670 1627 738 1670 esse
759 1627 816 1688 ap·

57 1697 211 1778 probandos,
230 1699 354 1779 quotics
374 1716 466 1760 casus
486 1698 703 1777 Deputalionis
717 1697 815 1760 conti-

57 1785 126 1866 gerit.
139 1787 276 1848 ceterum
291 1786 324 1848 in
338 1787 545 1864 Monosteriis,
558 1805 595 1848 ac
610 1787 705 1848 ctiam
719 1787 815 1849 colle·

58 1875 109 1952 piis,
133 1875 179 1936 ubi
200 1875 293 1958 juxta
320 1875 488 1956 Regularia
515 1875 656 1938 instituta
682 1877 812 1953 vivitur,

56 1981 126 2043 puoso
136 1969 194 2025 tam
207 1966 359 2026 Praelatos
377 1965 560 2044 Regularcs,
578 1982 673 2045 quam
688 1965 815 2027 confes-

58 2051 119 2113 sario
130 2053 324 2132 bagularium
344 2051 526 2114 eorumdem
541 2054 813 2130 Monasteriorum,

57 2159 97 2200 seu
108 2139 320 2220 collegiorum,
331 2141 440 2202 audire
456 2141 672 2203 confessiones
690 2142 815 2202 illorum

57 2228 231 2305 secularium,
249 2229 304 2308 qui
319 2227 396 2289 inibi
411 2234 483 2290 sunt
497 2247 570 2289 vare
585 2229 625 2289 de
639 2229 767 2305 familia,
784 2233 816 2291 et

58 2316 167 2378 mutiani
188 2316 439 2390 commensales;
466 2335 528 2378 nou
551 2319 656 2378 autem
677 2316 812 2392 illorum,

58 2406 97 2485 qui
107 2409 215 2468 fantum
228 2405 306 2486 ipsis
321 2404 513 2467 deserviunt.
529 2406 601 2468 lllos
615 2409 720 2467 autem
734 2403 814 2465 Reli-

57 2492 146 2572 giosos.
161 2493 208 2573 qui
228 2493 270 2554 ad
289 2491 506 2554 confessiones
520 2492 692 2554 audiendas
710 2489 813 2552 idonei

57 2581 213 2659 generaliter
231 2580 361 2656 fuerint,
383 2580 423 2640 ab
446 2580 608 2661 Episcopis
629 2597 765 2661 quoquc,
785 2582 816 2640 ot

869 1517 939 1596 copi
969 1516 1193 1578 conscientiam
1223 1522 1386 1580 oneratam
1409 1537 1476 1580 esse
1504 1519 1659 1596 volumus,

870 1624 941 1667 cum
956 1606 1114 1686 praeoipua
1136 1605 1267 1670 Ministri
1290 1608 1484 1670 sacramenti
1506 1608 1663 1670 Poeniteu-

870 1695 920 1756 tiae
935 1695 1067 1774 qualitas
1082 1695 1122 1755 sit
1136 1695 1207 1756 vitae
1222 1695 1396 1776 integritas,
1412 1715 1450 1757 ac
1467 1713 1592 1758 morum
1608 1697 1661 1757 ho-

870 1786 984 1859 nestas,
1013 1783 1120 1864 utique
1145 1801 1215 1844 eam
1240 1801 1367 1845 causam
1390 1785 1431 1846 ad
1454 1784 1663 1848 confessionis

869 1870 1079 1930 ministerium
1094 1870 1261 1950 pertinere,
1275 1891 1312 1934 ao
1323 1871 1453 1952 proinde
1470 1873 1545 1935 nihil
1560 1873 1662 1935 obsta-

869 1977 914 2035 rc,
931 1958 1098 2038 quominus
1113 1959 1153 2020 ob
1169 1978 1238 2021 eom
1261 1960 1358 2040 possit
1371 1961 1546 2040 Episcopus
1559 1963 1662 2038 Regu-

868 2048 951 2108 lares
964 2065 983 2107 a
996 2047 1163 2125 semetipso
1181 2047 1372 2126 approbatos
1387 2049 1589 2128 suspendere,
1607 2052 1663 2110 aut

869 2137 1020 2215 repellere
1031 2154 1050 2196 a
1063 2135 1318 2198 confessionibus
1329 2137 1504 2198 audiendis
1517 2139 1663 2198 Attamen

869 2224 1087 2287 Confessioncs
1102 2223 1250 2284 audiendi
1270 2225 1450 2287 facultatem
1465 2223 1610 2286 omnibus
1624 2225 1663 2285 si·

869 2313 934 2374 mul
950 2312 1040 2373 unius
1050 2315 1223 2372 conventus
1237 2312 1447 2391 Regularibus
1462 2311 1663 2374 confessariis

870 2401 964 2462 adimi
980 2401 1020 2461 ab
1031 2400 1185 2479 Episcopo
1201 2400 1380 2462 inconsulta
1391 2401 1471 2462 Sede
1486 2398 1664 2480 apostolica

869 2490 1045 2551 nullatenus
1064 2507 1166 2568 posse.
1193 2491 1236 2550 Ex
1264 2488 1465 2550 facultatibus
1486 2507 1543 2568 per
1564 2490 1663 2550 Mare-

868 2579 1028 2656 Magnum,
1041 2575 1141 2637 aliave
1156 2576 1326 2656 Privilegia
1341 2575 1548 2656 Regularibus
1561 2575 1664 2656 cujus·

869 2685 1003 2746 cumque
1014 2665 1148 2742 Ordinis,
1165 2665 1308 2743 instituti,
1320 2671 1375 2728 aut
1386 2664 1555 2728 societatis
1569 2664 1664 2726 etiam

868 2757 943 2816 Jcsu
958 2753 1112 2814 concessis
1126 2753 1241 2816 factam
1252 2754 1297 2814 cis
1312 2772 1373 2815 non
1390 2772 1458 2815 esse
1474 2755 1664 2833 potestatem

869 2843 1051 2905 absolvendi
1064 2845 1097 2904 in
1112 2843 1235 2904 casibus
1256 2843 1296 2904 ab
1319 2843 1475 2922 Episcopo
1492 2841 1550 2904 sibi
1566 2859 1664 2902 rescr-

871 2930 959 2992 vatis.
975 2932 1015 2992 Et
1028 2949 1085 3010 per
1099 2930 1354 2993 confirmationes
1368 2931 1527 2993 dictorum
1540 2928 1664 3009 privila-

56 3019 198 3100 pariuntur,
214 3021 240 3082 si
253 3020 402 3102 petierint
422 3039 455 3081 se
475 3021 596 3083 admitti
616 3020 744 3081 arbitrio
759 3023 815 3082 Or·
869 3019 1008 3099 giorum,
1034 3037 1112 3099 quas
1135 3019 1306 3097 Regularcs
1331 3035 1350 3078 a
1374 3018 1456 3080 Sada
1484 3017 1665 3096 apostolica

57 3109 227 3187 dinariorum,
240 3109 375 3189 relinqui
391 3109 474 3188 ipsos
489 3128 561 3171 cum
574 3110 707 3172 limitata
720 3109 815 3170 facul·
870 3111 941 3187 post
955 3109 1086 3168 Sacrum
1101 3105 1273 3169 Concilium
1288 3104 1506 3167 'tridentinum
1521 3103 1665 3188 obtinue-

56 3201 113 3275 late,
127 3201 210 3278 prout
223 3198 343 3259 eisdem
362 3196 535 3260 Ordincriis
555 3198 654 3278 magis
668 3197 814 3277 expedire
870 3199 954 3274 runt,
971 3211 1169 3275 nequaquam
1182 3193 1330 3254 revixisse
1345 3192 1510 3272 privilegia
1523 3192 1610 3271 prius
1624 3191 1664 3253 ab

57 3287 194 3364 ridebitur,
208 3285 356 3365 probare,
368 3289 399 3348 et
408 3286 583 3348 admittere.
597 3286 700 3348 Semel
710 3289 816 3346 autem
871 3282 983 3345 eodem
997 3281 1146 3356 Concilio,
1162 3284 1218 3342 aut
1238 3279 1352 3341 deinde
1368 3279 1556 3360 apostolicis
1571 3277 1665 3341 ctiam

57 3373 209 3455 simpliciter
222 3373 413 3455 approbatos
428 3392 519 3453 posse
534 3374 566 3434 in
580 3373 712 3436 Diueoesi
727 3372 817 3450 Epis·
870 3371 1009 3434 Decretis
1033 3370 1166 3445 sublata,
1183 3373 1279 3450 atque
1303 3369 1451 3447 extincta,
1467 3368 1493 3430 si
1520 3386 1591 3449 quae
1611 3366 1665 3428 ha·

57 3463 110 3541 copi
122 3461 326 3541 approbantis,
344 3461 455 3542 quovis
478 3463 552 3522 anni
566 3465 707 3540 tempore
721 3462 816 3522 etiam
870 3460 997 3535 bebant,
1015 3456 1196 3520 absolvendi
1216 3476 1235 3518 a
1258 3459 1383 3520 casibus
1397 3458 1552 3538 Episcopo
1568 3475 1667 3518 reser-

57 3549 190 3627 Paacbali,
214 3553 245 3611 et
268 3566 539 3630 quorumcumque
562 3549 657 3611 etiam
679 3548 817 3610 infirmo·
871 3548 962 3609 vatis.

57 3653 111 3696 rum
130 3635 337 3699 confessiones
356 3636 477 3713 audire,
503 3637 620 3716 absque
640 3637 703 3697 ulla
721 3637 817 3696 Paro·
911 3638 950 3697 Et
964 3635 1116 3696 habentes
1130 3633 1310 3696 facultatem
1321 3633 1505 3696 absolvendi
1518 3634 1666 3698 ahomni·

57 3721 173 3801 chorum,
188 3724 235 3785 vel
256 3723 356 3803 ipsius
376 3724 521 3804 Episcopi
543 3723 817 3805 licentiamque
870 3725 929 3786 bus
944 3722 1068 3785 casibus
1092 3721 1165 3785 Sedi
1189 3721 1377 3802 Apostolicae
1401 3723 1579 3798 reservatis,
1604 3740 1666 3784 non

56 3814 140 3872 amen
152 3810 346 3874 confessione
357 3811 455 3872 teneri
466 3811 566 3873 dictos
580 3811 752 3890 Religiosos
767 3829 817 3872 eo·
871 3814 941 3875 ideo
965 3831 985 3872 a
1007 3810 1130 3872 casibus
1153 3811 1306 3890 Episcopo
1322 3809 1488 3872 reservatis
1503 3828 1595 3890 posse
1610 3811 1667 3872 ab·

57 3897 174 3958 rumdam
191 3898 386 3960 intirmorum
409 3899 584 3960 Parocbum
608 3900 689 3963 illico
705 3899 817 3961 certio·
872 3903 1003 3976 solvere,
1017 3903 1224 3979 posseautem
1234 3899 1667 3978 Regularcmconfessarium

57 4000 108 4044 mm
120 3985 259 4060 rodders3
282 3992 314 4048 et
328 3986 388 4047 hoc
411 4004 502 4066 posse
516 3987 576 4048 illis
599 3987 640 4048 ab
663 3987 816 4067 Episcopo
872 3985 903 4051 in
919 4007 957 4050 ea
970 3986 1102 4050 Dioecesi
1116 3986 1149 4047 in
1163 4006 1227 4068 qua
1241 3992 1289 4050 cst
1302 3989 1496 4068 approbatus
1510 3990 1668 4051 confluen-

57 4072 101 4134 sub
119 4092 205 4153 paena
223 4074 437 4155 suspensionis
460 4093 479 4138 a
500 4076 646 4138 facultate
669 4075 817 4137 audiendi
871 4083 918 4142 tes
929 4097 965 4139 ex
979 4077 1041 4139 alia
1050 4076 1357 4153 Dioecesiapeccatis
1368 4077 1399 4138 in
1411 4077 1478 4158 ipsa
1488 4076 1665 4152 reservatis,

56 4161 243 4226 confessiones
257 4163 408 4244 praecipi;
424 4164 566 4226 sulficere
581 4171 686 4226 tamen
702 4169 736 4227 ut
750 4181 817 4225 cer·
872 4185 934 4229 non
949 4171 1055 4229 autem
1079 4165 1110 4226 in
1134 4165 1198 4242 illa,
1220 4165 1273 4226 ubi
1294 4166 1380 4227 idem
1393 4166 1608 4228 confessarius
1621 4169 1669 4228 est

57 4249 181 4314 iiorratio
193 4252 370 4335 hujusmodi
380 4254 554 4316 fratsaltem
564 4253 817 4334 perscriptorem
872 4252 1064 4334 approbatus
1087 4253 1263 4330 absolvere,
1289 4253 1347 4314 nisi
1372 4252 1500 4315 eosdem
1513 4253 1668 4316 Poeniten-

57 4339 124 4416 apud
135 4341 230 4420 ipsum
244 4341 404 4402 infirmum
417 4342 666 4422 relinquendam.
871 4350 919 4404 tes
933 4341 1054 4404 noverit
1077 4341 1108 4402 in
1123 4341 1267 4403 fraudem
1282 4341 1504 4403 reservationis
1518 4341 1559 4403 ad
1574 4341 1668 4403 aliam

86 4428 118 4490 Et
129 4447 188 4506 cos,
203 4430 255 4510 qui
271 4429 361 4492 dictis
381 4430 545 4510 Religiosis
563 4429 744 4509 simpliciter
762 4447 818 4509 ap·
872 4431 1037 4494 Dioecesim
1046 4447 1103 4508 pro
1113 4428 1308 4491 absolutione
1320 4428 1493 4491 obtinenda
1501 4429 1665 4510 migrasse.

56 4515 171 4592 probatis
192 4517 331 4579 Pascbali
356 4521 497 4596 tempora
520 4517 653 4579 confessi
676 4518 816 4594 fuerint,
873 4518 987 4598 Vigore
1011 4516 1262 4595 supradictorum
1284 4516 1525 4596 Priailegiorum
1553 4534 1668 4597 nequa-

56 4604 259 4680 Constitutioni,
286 4623 355 4685 quse
378 4605 515 4684 incipit:
544 4605 646 4666 Omnis
668 4606 819 4688 uirtusque
872 4623 968 4685 quam
1002 4602 1096 4665 licere
1126 4603 1343 4683 Regularibus,
1385 4602 1480 4665 ctiam
1508 4604 1669 4665 satisfacta

55 4706 131 4768 acm,
151 4691 250 4771 quoad
272 4691 505 4753 confessionem
528 4692 680 4755 duntaxat
699 4694 818 4756 satisfe-
873 4697 972 4772 parte,
989 4691 1382 4753 absolverePoenitentesa
1397 4691 1550 4769 censuris,
1563 4691 1669 4772 quoad

57 4775 119 4838 cisse
131 4779 305 4840 censendos.
323 4780 494 4857 Regularcs
510 4797 583 4840 vero
604 4779 645 4841 ad
664 4779 817 4860 ejusmodi
873 4784 1047 4856 externum,
1065 4783 1096 4842 et
1112 4779 1262 4860 judiciale
1277 4779 1392 4856 torum,
1409 4782 1441 4840 et
1456 4779 1615 4842 absolutos
1629 4779 1670 4841 nb

56 4863 244 4928 Confessiones
259 4867 430 4928 audiendas
449 4867 566 4946 praevio
586 4869 728 4930 examine
743 4869 820 4929 sim·
873 4869 917 4929 eis
932 4867 963 4928 in
978 4868 1045 4928 foro
1060 4866 1269 4929 Poenitentiali
1279 4867 1388 4948 utique
1399 4884 1462 4928 non
1477 4867 1599 4928 censeri
1614 4867 1671 4928 ab·

56 4951 166 5030 pliciter,
181 4959 210 5016 et
228 4955 345 5032 absquo
367 4954 430 5014 ulla
449 4955 599 5032 temporis
613 4955 818 5033 praefinitione
872 4957 990 5017 solutos
1012 4954 1044 5014 in
1069 4954 1212 5016 exteriori
1242 4954 1373 5036 jndicio,
1407 4959 1438 5014 ct
1461 4956 1667 5018 contentioso.

56 5035 88 5098 ab
99 5037 219 5119 ipsomet
230 5041 383 5120 Episcopo
398 5060 406 5114 ;
423 5059 513 5102 socus
534 5043 678 5103 autemst
697 5044 737 5104 ab
752 5043 818 5124 ejus
873 5043 1017 5116 Ouinimo
1041 5041 1181 5104 censuris
1204 5041 1430 5104 Ecclesiasticis
1461 5042 1609 5119 irretitos,
1640 5047 1672 5105 at

56 5123 168 5205 licerio,
184 5133 236 5191 aut
249 5129 290 5190 ab
304 5128 561 5192 Antecessoribus
582 5131 744 5210 Episcopis
764 5149 818 5210 up·
873 5131 1072 5192 denuntiatos
1086 5130 1125 5192 ab
1140 5130 1301 5209 Episcopis
1315 5130 1385 5210 cogi
1401 5148 1494 5209 posse
1509 5149 1622 5211 gerere
1636 5149 1670 5192 sc

57 5213 181 5290 probatos
194 5237 255 5280 non
273 5235 364 5296 posse
378 5218 419 5279 ab
433 5217 556 5295 eodem,
573 5219 625 5299 qui
646 5219 689 5280 sio
704 5237 819 5299 appro-
872 5238 929 5299 pro
945 5218 1068 5294 talibus,
1086 5217 1206 5280 etiamsi
1227 5237 1247 5279 a
1261 5218 1472 5298 Regularibus
1486 5218 1602 5281 tuerint
1615 5219 1673 5280 ab-

57 5297 126 5365 bavit
137 5303 244 5367 iterum
257 5305 438 5382 examinari,
451 5311 504 5366 aut
514 5305 554 5367 ab
569 5305 680 5368 iisdein
695 5308 818 5369 Conles-
872 5307 975 5382 soluti,
993 5306 1115 5386 quoties
1129 5305 1273 5367 exhibitis
1287 5305 1444 5386 aliquibus
1460 5307 1672 5386 Regularium

57 5387 173 5454 sonibus
185 5392 346 5454 audiendis
355 5393 664 5474 suspendi,licentias
674 5395 732 5473 ipsi
747 5412 819 5455 con·
873 5394 1059 5474 Apostolicis
1073 5393 1247 5473 Privilegiis
1269 5411 1377 5454 coram
1391 5394 1561 5475 Episcopo,
1579 5395 1619 5458 ab
1634 5411 1671 5458 ec

60 5493 142 5544 assas
155 5481 302 5558 revocari,
315 5482 372 5544 nisi
383 5501 464 5546 nova
474 5483 713 5564 superveniente
725 5501 820 5546 causa
870 5483 1030 5568 judicetur
1052 5481 1123 5565 ipsa
1148 5499 1210 5544 uon
1235 5481 1402 5565 suffragari
1426 5483 1523 5562 casui,
1549 5483 1588 5550 de
1609 5500 1671 5571 quo

56 2669 202 2732 indistincte
216 2671 336 2749 absque
360 2668 466 2748 aliqua
488 2669 671 2732 limitatione
694 2673 816 2748 tempo·

57 2776 119 2834 rum,
133 2763 345 2838 comarumque
364 2759 517 2834 locorum,
534 2762 588 2820 aut
606 2757 729 2838 generis
744 2775 815 2836 pcr-

57 2863 176 2907 sonarum
200 2845 231 2907 in
260 2845 394 2908 Dioeoesi
431 2845 558 2925 propria
591 2845 812 2908 admittendos.

57 2935 142 3005 cloud
160 2939 289 2996 coeteros
304 2952 390 3010 vero,
407 2935 460 3015 qui
475 2952 538 2996 non
553 2934 632 2996 adeo
647 2933 751 2995 idonei
766 2951 815 2994 ro-
