3968 6346
620 523 845 594 tnuouooln
867 523 1051 596 Monens.

29 712 180 799 proponit,
202 717 258 779 eut
276 712 355 779 nlius
375 713 531 797 quispiam
554 733 626 778 eum
653 716 714 778 elio
743 734 820 779 oon-

29 811 157 871 tmotum
177 805 235 868 init
258 809 290 868 et
312 805 468 885 ambiguis
488 804 692 887 obscurisque
715 805 821 868 verbis

29 895 131 969 utitur,
152 893 198 956 ita
222 893 409 972 explioende
429 897 503 955 sunt
523 893 621 956 verbe
636 894 698 970 ille,
717 897 752 956 ut
764 911 822 973 po·

28 981 85 1045 tius
98 982 128 1043 iu
143 981 287 1044 savorem
302 980 396 1058 illius,
413 981 465 1061 qui
490 980 592 1062 legem
618 981 742 1060 occipit,
766 985 822 1044 out

30 1070 173 1150 ambigue
193 1070 294 1132 verbe
317 1088 378 1132 non
396 1069 511 1148 posuit,
532 1070 626 1132 oedut
643 1069 818 1148 dispositio,

30 1158 117 1220 modo
128 1157 204 1239 jure
218 1159 250 1220 iu
265 1157 393 1238 speciali
407 1157 512 1238 aliquo
524 1175 598 1220 cusu
609 1176 671 1222 uon
682 1156 818 1235 obstent,

30 1250 78 1308 eui
90 1245 129 1308 de
144 1249 235 1308 aetus
246 1245 352 1308 valore
368 1262 430 1306 non
445 1248 569 1325 agatur.

320 1393 533 1445 conottnnm.

64 1490 140 1554 Vide
164 1491 220 1553 lib.
247 1491 278 1568 6,
301 1509 334 1570 p.
351 1492 381 1567 3,
407 1510 439 1552 ιι.
467 1494 536 1553 125.
562 1490 822 1554 Fitetiami.1n

31 1579 241 1642 contrahenda
267 1579 448 1641 venditione
475 1580 660 1659 ambiguum
694 1582 822 1658 pactum

31 1673 132 1730 contra
145 1667 345 1729 venditorem
361 1685 428 1728 esse
445 1667 725 1746 interpretandum.
740 1664 776 1729 C.
789 1669 819 1742 i,

33 1755 52 1816 1.
65 1759 112 1832 it,
127 1754 164 1834 ff.
181 1753 219 1816 de
232 1773 295 1835 req.
310 1755 403 1818 luris.
416 1758 444 1816 i.
461 1755 492 1816 ln
508 1753 746 1834 probationibus
766 1754 823 1815 du-

31 1843 77 1904 bio
91 1861 237 1904 sermone
252 1843 277 1905 si
293 1843 363 1923 quis
377 1848 495 1920 utetur,
512 1847 622 1904 eontra
636 1859 708 1902 eum
729 1841 822 1903 inter·

32 1931 231 2011 pretationem
248 1950 316 1992 esse
331 1931 520 1994 fodiendum.
539 1929 615 2012 Cup.
629 1948 686 2011 per
699 1932 820 2006 tuerit),

33 2021 67 2080 de
79 2021 202 2098 probet.
219 2021 273 2084 111.
290 2020 381 2096 Eum,
405 2018 457 2099 qui
478 2018 634 2099 juraverit
651 2018 777 2098 pionem
791 2019 824 2077 et

33 2125 144 2168 merem
154 2107 322 2169 veritatem
331 2105 491 2186 injudicio
509 2106 614 2167 dicere
626 2123 687 2166 non
699 2101 822 2164 admitti

34 2195 68 2255 ed
80 2195 305 2274 expositionem
319 2196 490 2257 verborum
504 2194 737 2274 ambiguorum,
755 2189 822 2272 qui·

33 2281 84 2342 bus
104 2281 143 2343 ed
166 2285 364 2364 interrogate
382 2280 556 2362 respondit,
577 2279 632 2342 sed
648 2283 759 2342 ooutru
773 2277 823 2360 ip·

35 2387 95 2430 rum
108 2387 146 2431 eu
158 2369 321 2450 explioeri.
339 2367 416 2454 Cap.
431 2387 499 2431 cum
511 2367 615 2431 dilecti
628 2371 678 2446 18,
704 2366 744 2429 do
770 2383 824 2429 eo·

36 2460 124 2518 euset

290 2604 446 2669 omont
476 2605 557 2669 xlv.

38 2737 186 2801 iuditium
198 2736 275 2817 iupis
280 2733 403 2886 smrtqo
424 2739 543 2800 inuocat
556 2737 611 2818 qui
621 2737 779 2798 committit
791 2737 825 2798 in

380 2842 473 2904 opem.

71 2987 132 3050 iioo
142 2991 190 3052 est
200 2986 252 3069 qui
268 3007 306 3049 ex
316 2991 388 3051 aotu
400 2987 506 3069 aliquo
516 2993 626 3051 eontra
635 2987 738 3069 legem
749 2985 824 3051 doli·

39 3073 135 3138 berete
148 3080 330 3156 perpetrato
345 3075 496 3138 domnum
516 3082 572 3140 eut
591 3077 739 3158 injurium
753 3095 826 3157 pes-

40 3179 85 3224 sus
105 3171 161 3241 est,
188 3181 252 3226 non
274 3169 379 3244 potest
400 3169 507 3245 petere
530 3161 685 3246 ejudioe‚
702 3162 826 3225 utdieti

41 3250 135 3314 damni
148 3252 383 3332 reparationem
396 3273 416 3316 o
431 3253 666 3316 damuissoutore
687 3252 755 3314 fieri
770 3252 827 3316 de·

42 3345 148 3404 seruet.

323 3471 538 3524 eunomium.

75 3565 120 3630 m
132 3571 160 3631 i.
176 3567 363 3634 Usurarium
377 3573 574 3650 repetentem
596 3584 707 3630 usuros
722 3561 826 3628 audiri

43 3671 96 3715 non
115 3657 242 3726 debere,
268 3655 326 3719 nisi
349 3656 436 3737 prius
462 3657 616 3720 restituat.
646 3658 723 3735 Cup.
753 3652 826 3735 quio

43 3741 146 3820 [mitro
170 3748 229 3820 it,
255 3744 294 3806 de
318 3744 439 3808 Usuris
464 3749 494 3808 2.
520 3745 691 3821 Glorienm,
713 3741 767 3822 qui
791 3745 827 3802 ut

45 3829 144 3893 boiens
158 3831 286 3910 incedit,
303 3836 335 3895 et
348 3833 441 3894 tertio
456 3832 593 3894 monitus
616 3848 679 3892 non
701 3826 829 3908 resipis·

46 3916 90 3993 cit,
114 3919 313 3999 priuilegium
340 3919 490 3982 Clericaie
517 3919 662 3981 emittere
689 3919 767 4000 Cup.
793 3915 827 3976 in

46 4003 184 4069 audientiis
197 4009 248 4086 25,
264 4006 300 4069 de
313 4005 397 4070 Sent.
414 4005 643 4070 Eucommum'e.

298 4173 454 4237 Antonin
488 4171 555 4236 XV.

98 4301 265 4366 Auctoritas
277 4301 432 4382 Maporiton
446 4304 478 4362 in
495 4302 610 4365 illicitis
632 4306 766 4364 eruerat.

82 4463 142 4525 iioo
155 4469 201 4528 est
215 4464 341 4545 quando
362 4465 443 4529 aetio
459 4463 565 4548 aliquo
581 4483 642 4526 non
654 4462 726 4547 jure
737 4468 830 4530 netu·

50 4567 97 4626 re,
117 4552 169 4614 sed
184 4553 316 4634 positivo
338 4555 490 4616 duntaxat
512 4552 671 4633 prohibite
685 4559 742 4628 est,
766 4571 828 4614 non

41 4635 208 4718 ‚inputatur
221 4640 262 4702 ud
276 4641 401 4721 eulpam
416 4640 471 4718 iili,
484 4640 537 4721 qui
553 4641 683 4720 imperio
697 4637 829 4719 legitimi

51 4729 206 4806 superioris
220 4729 401 4810 dispensare
416 4729 446 4790 io
461 4747 578 4809 genere
592 4727 726 4789 velentis
742 4727 828 4790 illem

15 4829 17 4858 ²
52 4815 171 4896 peregit.

330 4958 544 5013 condumum.

87 5070 159 5136 Vide
168 5073 219 5138 lib.
238 5079 267 5154 i,
284 5093 316 5138 u.
332 5078 433 5138 oooet
446 5093 535 5156 seqq.

299 5248 454 5312 AXIObiA
490 5245 570 5310 XVI.

56 5373 114 5442 Non
127 5381 261 5462 omnium,
278 5402 378 5465 queo
401 5382 567 5461 qu'oribus
585 5383 742 5444 contributa
763 5389 834 5442 nint

262 5467 340 5536 ratio
377 5473 464 5532 reddi
502 5475 606 5550 potest.

1612 534 1672 600 467

1126 717 1285 782 ΑΧΙΟΜΑ
1321 719 1417 784 XVII.

878 854 1010 912 trimum
1025 855 1057 913 in
1071 871 1188 934 uinoque
1200 871 1306 932 penore
1323 859 1365 916 est
1386 854 1540 934 oxenqntor
1553 862 1673 918 eoetero-

1233 959 1314 1003 rum.

1167 1103 1381 1158 cottotttnm.

915 1212 1046 1285 Ouundo
1060 1213 1266 1294 indulgentiae
1288 1217 1504 1280 conceduntur
1527 1238 1584 1299 por
1606 1238 1673 1282 mo·

876 1299 951 1360 dum
973 1300 1108 1378 Jubiiaei,
1138 1302 1376 1382 intelligendum
1405 1311 1451 1367 est
1475 1307 1514 1368 do
1537 1308 1672 1371 dubileoo

877 1389 1029 1464 Romano,
1045 1389 1130 1468 quod
1145 1395 1330 1452 coeterorum
1351 1393 1511 1472 exemplar
1526 1401 1583 1471 ost,
1607 1414 1672 1456 non

876 1477 915 1537 de
930 1477 1188 1539 extraordinario.
1215 1481 1324 1542 (iubet.
1342 1500 1373 1559 p.
1395 1485 1425 1542 d.
1449 1480 1523 1543 ibes
1547 1481 1669 1564 indulq.

877 1583 907 1626 n.
924 1569 994 1627 303.
1010 1564 1089 1627 Vide
1104 1571 1209 1628 nutem
1233 1568 1292 1629 bae
1316 1569 1355 1630 de
1379 1589 1412 1631 re
1435 1589 1505 1650 qnae
1525 1571 1673 1634 dicuntur

877 1653 927 1714 hie
941 1653 996 1715 lib.
1013 1656 1043 1731 6,
1060 1673 1091 1734 p.
1108 1659 1139 1733 ⁹2,
1157 1675 1243 1717 num.
1261 1659 1350 1720 1380.

1121 1831 1275 1894 ixionis
1311 1834 1420 1896 XVIII.
1530 1851 1533 1858 ·

876 1960 951 2036 Qun
976 1967 1047 2022 sunt
1073 1963 1195 2040 speciali
1221 1971 1290 2024 nota
1316 1964 1424 2043 dique,
1457 1985 1518 2028 uon
1538 1973 1671 2029 censetur

955 2067 1013 2110 esse
1034 2051 1140 2119 allatu,
1163 2054 1223 2112 nisi
1239 2071 1373 2132 expresse
1386 2057 1590 2117 nomine-itur.

917 2205 994 2269 une
1009 2206 1061 2270 nb.
1075 2210 1104 2286 ι,
1121 2225 1153 2271 n.
1168 2211 1238 2272 our.

1136 2375 1290 2438 nilons
1326 2375 1409 2438 XIX.

939 2502 1135 2582 Priciteqium
1146 2505 1303 2584 personate
1319 2503 1454 2568 odtoeret
1463 2524 1611 2584 persone.

918 2653 996 2717 Vide
1012 2655 1066 2717 lib.
1085 2657 1112 2734 t,
1130 2675 1216 2721 num.
1233 2660 1303 2722 832.

1145 2823 1299 2888 ΑΧΙΟΜΑ
1333 2826 1400 2888 XX.

939 2953 1085 3018 immunis
1098 2963 1171 3020 esto
1185 2975 1319 3034 censure,
1338 2961 1470 3040 quisquis
1483 2959 1559 3023 tiber
1573 2965 1615 3022 est

1057 3064 1077 3108 o
1100 3050 1189 3127 praui
1208 3047 1309 3126 culpo,
1331 3047 1493 3128 completo.

1172 3199 1386 3256 conotmnm.

920 3313 999 3374 uiue
1014 3313 1068 3376 un.
1084 3319 1114 3391 r,
1131 3333 1218 3378 num.
1236 3319 1287 3395 ιι,
1302 3319 1352 3398 ιι,
1369 3320 1420 3382 ee.
1522 3343 1526 3352 ·

1156 3686 1300 3766 CAPUT
1336 3687 1395 3766 lV.

880 3887 917 3934 un
932 3889 1125 3937 sennonteus
1143 3861 1332 3939 nxromruus
1344 3892 1383 3940 no
1397 3891 1534 3939 ιιιιιιιι
1552 3891 1677 3938 unno-

1109 3979 1191 4028 ιιοιι
1211 3981 1442 4030 perstrennuus

1006 4175 1025 4254 5
1060 4178 1082 4240 Ι.
1119 4177 1165 4238 De
1197 4175 1285 4240 Fidei
1318 4177 1541 4240 automatum.

1167 4388 1323 4452 ΑΧῙΟΜΑ
1361 4389 1387 4452 1.

883 4520 949 4584 Nou
963 4521 1047 4583 debet
1060 4538 1119 4582 osse
1130 4527 1264 4598 suspecto
1275 4523 1399 4592 uentos,
1414 4535 1509 4601 quom
1533 4518 1678 4583 reu-etms

1061 4628 1178 4672 summu
1193 4609 1356 4692 judicatur
1370 4613 1490 4674 veritos.

1113 4835 1116 4840 Ι
1176 4768 1389 4821 conopeium.

922 4886 1001 4948 uiue
1017 4886 1070 4949 ιιι.
1089 4889 1117 4964 ι,
1134 4903 1165 4948 n.
1182 4887 1251 4964 sos,
1267 4887 1338 4963 eoo,
1354 4886 1413 4950 eor
1428 4885 1461 4948 ot
1473 4889 1567 4964 sopp

1166 5051 1323 5115 ΑΧΙΟΜΑ
1350 5053 1388 5114 11.

976 5189 1049 5250 Sine
1059 5185 1121 5266 fido
1133 5187 1313 5266 impossibiie
1325 5191 1367 5248 est
1377 5185 1497 5267 ptumo
1510 5153 1583 5247 Deo.

1181 5353 1393 5408 COROLLARiA·

927 5470 1004 5534 Vide
1020 5471 1074 5531 iib.
1091 5473 1120 5548 o,
1139 5471 1210 5548 ιι.3,
1228 5475 1260 5532 et
1274 5459 1362 5550 seqq.
