3974 6348
321 558 382 618 ess
1042 531 1162 610 urens
1182 547 1248 610 vn.

240 770 244 778 ·
324 743 414 819 sitas,
432 740 507 821 quia
520 738 598 802 elius
612 739 711 815 deest,
731 738 776 800 ita
789 739 867 800 Bon.
885 736 975 818 sirco.
992 733 1058 796 d.'l
1087 753 1116 814 q.
1175 732 1292 799 laetum
1313 737 1516 818 haereticum,
1542 740 1633 802 Nald.
1660 740 1796 804 Schiara
1819 744 1939 803 numlt

324 837 354 908 l,
369 852 401 913 p.
418 835 447 892 5.
460 830 490 892 Si
507 833 611 890 autem
626 846 712 889 mors
726 827 852 888 aliunde
868 829 1028 906 sequatur,
1045 823 1119 885 Avi·
1214 825 1295 902 glo.
1313 826 1371 898 Qui
1396 845 1583 907 campanum
1607 829 1727 908 pulsat,
1752 829 1874 910 quando
1889 839 1977 896 reuss?

323 921 366 997 la,
383 922 460 980 Bon.
482 916 577 979 etalii
593 916 701 978 dicunt
723 933 785 976 non
810 933 877 975 esse
901 913 1116 992 irregularem,
1175 911 1215 973 ad
1230 913 1417 991 supplicium
1428 916 1582 994 educitur,
1595 918 1620 978 si
1631 917 1701 978 ideo
1713 918 1829 996 pulset,
1842 923 1940 994 utreus,

325 1007 400 1089 quia
421 1024 507 1067 mors
530 1004 574 1064 illi
596 1021 659 1063 non
683 1005 790 1082 potest
802 1002 967 1081 imputari3
982 1001 1013 1061 in
1024 998 1118 1060 dubio
1175 1001 1315 1062 securius
1329 1001 1473 1081 ducatur,
1491 1011 1538 1066 est
1556 1005 1751 1086 irregularis,
1770 1006 1845 1086 quia
1857 1025 1944 1085 coope-

323 1102 430 1158 tamen
445 1113 484 1155 an
500 1111 584 1154 mors
599 1092 639 1153 sit
652 1092 726 1152 inde
749 1096 868 1168 secula,
894 1089 1058 1151 habendus
1073 1093 1121 1148 est
1174 1091 1262 1149 retur
1275 1088 1368 1150 morti
1383 1091 1605 1170 malefactoris,
1621 1110 1711 1154 secus
1727 1091 1753 1152 si
1776 1092 1875 1171 pulset
1893 1099 1944 1154 tau-

324 1183 506 1264 irreguleris
520 1200 577 1261 per
592 1200 661 1260 cap.
679 1179 729 1241 Ad
738 1199 832 1257 aures,
850 1179 974 1260 quodsi
991 1180 1119 1240 tantum
1174 1181 1241 1237 tum
1256 1177 1296 1238 ad
1310 1179 1448 1258 signum,
1467 1185 1499 1242 et
1521 1181 1562 1242 ad
1585 1181 1748 1261 publicum
1772 1181 1942 1260 exemplum

324 1273 442 1336 ineidat
465 1274 790 1350 venametsequatur
810 1287 906 1345 mors,
924 1270 1003 1329 Bon.
1030 1266 1116 1344 Sylv.
1174 1263 1219 1326 sic
1234 1265 1317 1326 enim
1332 1269 1501 1349 nequidem
1523 1277 1644 1332 remote
1668 1275 1856 1348 cooperatur
1874 1271 1945 1332 morli
1976 1277 1977 1350 g

325 1365 356 1423 et
369 1361 423 1422 elii
437 1360 545 1420 dicunt
558 1357 685 1430 incurri,
704 1359 778 1436 quia
800 1363 847 1419 est
869 1357 977 1432 sectio,
1004 1358 1121 1433 negant
1175 1352 1394 1432 malefactoris,
1420 1356 1464 1418 ita
1486 1361 1557 1438 post
1579 1359 1654 1418 Gov.
1676 1359 1708 1417 et
1730 1357 1809 1419 alios
1837 1358 1909 1436 Sylr.
1922 1359 1945 1416 in
1976 1353 1977 1408 i

325 1449 420 1512 llodr.
437 1452 469 1510 et
482 1447 554 1510 Mol.
573 1446 661 1519 Quod
677 1445 702 1506 si
717 1445 853 1507 Clericus
864 1463 926 1505 non
938 1448 1121 1505 utaturseo-
1175 1441 1278 1502 Resol.
1296 1443 1391 1505 variis
1405 1464 1436 1524 p.
1455 1449 1484 1523 l,
1501 1449 1538 1508 V.
1558 1445 1727 1528 Coroneam
1744 1447 1770 1508 si
1786 1446 1854 1528 quis
1862 1453 1944 1508 umen
1976 1449 1977 1528 i

325 1539 407 1600 tione
423 1536 472 1598 vel
486 1535 661 1611 adustione,
677 1533 733 1595 sed
748 1534 884 1613 applicet
898 1553 928 1593 v.
942 1552 974 1612 g.
987 1532 1120 1610 emplas·
1176 1548 1363 1609 campanum
1386 1534 1489 1612 pulset
1509 1534 1548 1596 ad
1572 1535 1634 1596 hoc
1659 1539 1695 1596 ut
1716 1534 1819 1596 luder
1848 1535 1877 1594 in
1899 1536 1944 1595 fine

325 1633 419 1700 trum,
436 1623 583 1704 quamvis
594 1627 744 1702 sequatur
766 1640 862 1698 mors,
887 1639 949 1680 non
974 1624 1021 1680 est
1042 1620 1121 1679 irre·
1175 1619 1283 1697 pulsus
1297 1620 1383 1700 leget
1397 1626 1452 1684 aut
1465 1624 1526 1704 legi
1542 1627 1631 1686 curet
1644 1623 1835 1686 sententiam
1847 1623 1942 1698 mortu,
1976 1613 1977 1618 ¹

325 1711 454 1793 gularis,
472 1709 545 1790 quia
559 1708 633 1770 lacit
647 1708 771 1788 pietatis
793 1727 898 1784 causa,
925 1726 981 1768 nee
1007 1710 1054 1768 cst
1076 1706 1120 1767 illi
1176 1713 1223 1770 est
1236 1707 1390 1789 irregulis,
1409 1712 1482 1792 quia
1497 1715 1685 1792 cooperetur
1699 1711 1870 1774 executioni
1883 1729 1944 1772 mor·

326 1799 503 1880 specialiter
517 1797 709 1878 prohibitum
723 1795 853 1872 mederi,
866 1796 923 1856 nisi
934 1794 1122 1856 adhibeatur
1176 1795 1215 1858 tis
1231 1797 1717 1876 differendaevelcccelerandae,
1733 1804 1827 1880 prout
1846 1799 1892 1860 diu
1909 1799 1944 1859 vel
1976 1855 1977 1860 ,

326 1889 424 1950 sectio
447 1888 496 1948 vel
520 1885 659 1960 adustio,
684 1889 715 1945 et
738 1881 1121 1964 quidemabipso;nnde
1177 1884 1474 1964 nondiupulsarit3
1493 1886 1943 1966 itaSylv.supra.llcniquesi
1976 1947 1977 1950 ,

327 1978 353 2039 si
368 1995 439 2038 eam
450 1971 796 2049 consulatrelmandet,
813 1971 1034 2044 nonincurrit;
1051 1988 1121 2030 cen·
1178 1973 1247 2054 quis
1261 1991 1450 2054 campanam
1464 1976 1569 2055 pulset
1581 1975 1631 2036 vel
1650 1974 1692 2035 ad
1709 1975 1897 2048 seditionem,
1908 1975 1944 2034 rel
1975 2039 1977 2048 ¹

327 2085 401 2128 sura
416 2065 499 2127 euim
513 2066 568 2124 aut
582 2061 754 2142 poenalate
768 2061 1042 2123 contrafacientes
1057 2076 1119 2119 non
1177 2063 1218 2124 ad
1233 2078 1333 2139 arma,
1348 2063 1399 2123 vel
1413 2081 1470 2142 pro
1486 2063 1630 2142 captione
1645 2063 1779 2144 alicujus
1793 2063 1944 2124 malefacto·
1975 2085 1977 2136 ,

328 2155 412 2216 eadit
425 2172 519 2233 super
540 2152 738 2214 consulentes
760 2154 815 2212 aut
836 2151 1035 2227 mandentes,
1062 2146 1122 2208 nisi
1177 2151 1231 2229 ris,
1249 2151 1273 2212 si
1290 2170 1328 2212 ex
1342 2151 1448 2230 praelio
1464 2151 1537 2212 inde
1551 2151 1628 2212 inito
1643 2157 1753 2214 secuta
1767 2151 1806 2212 sit
1821 2149 1943 2212 morssel
1975 2179 1977 2188 =

202 2301 203 2304 ,
277 2249 279 2252 ’
329 2239 947 2324 exprimatur,Nnv.Hennsylusupra.
1178 2240 1343 2316 mutilatio,
1359 2242 1690 2320 pulsanscampanam
1710 2245 1759 2304 est
1779 2238 1941 2319 irregularis,
1976 2287 1977 2294 ,

261 2339 301 2385 ⁵³⁰
367 2333 428 2411 59.
445 2328 880 2403 Ouimalotractateadaver
903 2326 1012 2388 Clerici
1040 2343 1122 2387 mor·
1178 2328 1397 2394 nticumGoV.
1414 2329 1538 2410 Majolo,
1556 2332 1587 2390 et
1613 2331 1775 2401 Ouaranta
1796 2325 1977 2402 domitu-t

329 2417 385 2494 tui,
402 2417 533 2478 incurrit
546 2415 822 2495 irregularitatem,
838 2415 936 2476 Felin.
954 2415 1084 2477 Soliiara
1099 2413 1120 2474 l.
1179 2415 1247 2478 vius
1269 2435 1364 2498 supra
1387 2423 1497 2479 contre
1510 2416 1626 2493 Zerol.‚
1644 2417 1719 2497 quia
1742 2417 1811 2478 talis
1828 2414 1877 2476 dat
1895 2431 1944 2472 ma

328 2509 358 2583 l,
375 2503 439 2582 diff.
457 2505 506 2583 26,
523 2524 553 2566 n.
569 2507 615 2566 15.
629 2503 745 2580 Etiam,
762 2503 815 2583 qui
827 2503 1124 2582 perculitClericum
1178 2523 1274 2586 gnam
1289 2522 1416 2567 causam
1427 2504 1536 2568 mortis
1550 2503 1599 2564 vel
1614 2504 1826 2566 mutilationis.
