3974 6348
1009 482 1125 548 LIBER
1145 484 1223 550 vlll.

1136 669 1211 752 quia
1232 669 1303 730 finis
1324 673 1449 750 optatus
1470 671 1595 751 barum,
1617 675 1666 736 est
1684 677 1769 737 salus
1785 677 1916 740 Ecclesia

403 817 419 846 ·
473 820 649 889 eaeor
683 818 909 888 rooooooo
1135 757 1918 929 iiiiiiaffuiiii'aieiieiiiiaiiiahiiiiitiii

1135 932 1187 1010 de,
1212 937 1298 996 terra
1321 934 1456 1015 denique
1485 937 1601 1000 Sancta
1633 941 1861 1018 recuperanda.
1887 945 1918 1006 ltt

398 1037 438 1083 us
472 1035 628 1082 coruunt
664 1034 813 1080 vrroauu
848 1031 965 1076 nutri.
1135 1021 1278 1102 quamvis
1301 1023 1333 1083 iu
1357 1024 1467 1085 ordine
1482 1025 1523 1086 ad
1542 1027 1704 1106 negotium
1718 1033 1852 1106 tantum,
1867 1031 1918 1092 sin·

1134 1112 1215 1188 gulae
1230 1109 1300 1171 duae
1315 1112 1473 1174 drachma
1492 1131 1604 1193 parum
1628 1117 1763 1177 aderant
1785 1117 1917 1194 subsidii,
1971 1193 1972 1196 Ἴ

1132 1199 1249 1280 junctae
1263 1199 1366 1278 simul,
1383 1220 1487 1281 quaea
1503 1202 1634 1282 singulis
1649 1205 1842 1282 tribuuntur,
1858 1208 1918 1286 plu-

569 1329 744 1391 DUBIUM
768 1328 789 1387 Ι·
1135 1291 1606 1440 rli’issddgiiimzildcssdiii
1620 1380 1727 1442 Bullas
1751 1382 1918 1461 inproprie

1135 1463 1310 1540 territorio,
1332 1463 1522 1546 quicumque
1553 1468 1660 1530 valent
1682 1470 1858 1532 concedere
1879 1469 1919 1530 in-

1136 1551 1351 1630 dulgentiaset
1364 1551 1442 1613 alias
1456 1554 1631 1632 facultates,
1642 1556 1736 1618 modo
1752 1559 1915 1618 concaede

620 1626 740 1690 voleat?
1136 1659 1191 1700 nes
1214 1658 1286 1700 cum
1309 1643 1462 1719 potestate
1486 1643 1624 1722 propria,
1655 1649 1687 1705 et
1709 1644 1917 1724 jurisdictione

1135 1727 1376 1789 commetiuntur
1400 1733 1431 1790 et
1453 1749 1581 1792 causam
1609 1731 1711 1794 inesse
1738 1733 1858 1814 justam
1878 1735 1918 1794 in-

328 1833 420 1908 ltssp.
444 1832 472 1889 l.
499 1828 621 1888 Bullam
646 1825 785 1906 (omissis
814 1843 870 1904 pro
899 1843 982 1886 nune
1010 1825 1080 1886 aliis
1135 1816 1303 1894 dulgentia
1330 1820 1524 1896 praescierint
1546 1821 1772 1900 concedendae,
1798 1822 1868 1903 quia
1892 1823 1917 1882 iu
1971 1907 1972 1910 Ἴ

289 1916 385 1997 hujus
406 1916 542 1976 nominis
561 1913 782 1993 etymologiis),
803 1933 859 1993 pro
882 1913 989 1974 monili
1005 1931 1081 1994 quo·
1135 1904 1188 1966 toli
1204 1905 1416 1985 concessione,
1429 1909 1592 1986 potestatis
1612 1929 1677 1971 suae
1692 1929 1758 1972 non
1774 1915 1917 1992 transgre-
1970 1975 1972 1998 ⁴

286 2006 361 2066 dam
375 2005 487 2085 accipi,
514 2011 550 2066 et
565 2003 692 2083 insigni,
719 2021 781 2083 quo
803 2004 916 2065 acollo
930 2003 1079 2082 pendenti
1135 1992 1263 2054 diuntur
1276 1992 1390 2055 limites
1404 1996 1568 2074 prolaesius
1592 2003 1624 2060 et
1643 1999 1726 2061 ultra
1749 2019 1846 2081 quam
1859 2020 1917 2080 pos
1970 2007 1972 2060 l

287 2092 493 2155 Patriciorum
518 2092 573 2152 filii
596 2109 616 2152 a
640 2091 835 2171 plebeiorum
856 2092 950 2153 turba
972 2091 1079 2153 distin·
1134 2085 1206 2143 suni
1228 2083 1456 2184 '⁰⁰1lssssnd011i082
1482 2088 1656 2166 PPffiSsslfiffl
1678 2107 1752 2150 ΜΠ]
1776 2108 1917 2169 SPPP⁰¹¹P
1970 2109 1972 2180 ἶ

285 2181 566 2262 guaramundus
590 2179 798 2242 orbiculatum
819 2180 940 2260 insigne
959 2179 1030 2256 hcc,
1047 2179 1078 2238 in
1133 2189 1203 2232 mus
1226 2172 1357 2232 nvenni
1381 2192 1529 2249 eausam
1555 2193 1631 2256 ergo
1650 2177 1739 2239 nulla
1764 2182 1813 2241 est
1834 2180 1912 2254 ratio,
1970 2183 1972 2248 l

286 2269 376 2350 cujus
398 2267 503 2329 medio
524 2269 627 2347 figura
647 2268 752 2328 cordis
766 2268 876 2329 caelata
900 2268 1075 2330 videbatur.
1133 2277 1230 2338 quare
1245 2260 1350 2322 Bullos
1365 2263 1450 2362 ‘iales'
1474 2265 1648 2326 ὓθῦθθᾶθΐθ
1668 2271 1848 2347 noqueassit
1868 2269 1914 2328 nisi
1970 2257 1972 2384 ⁴

286 2357 361 2418 inde
376 2354 550 2418 orbiculata
564 2355 667 2435 sigilla
681 2356 837 2435 quadem,
848 2356 1075 2432 voeataBullae,
1131 2346 1236 2408 forsan
1251 2365 1270 2408 a
1285 2351 1432 2411 Pannona
1443 2369 1474 2410 n
1489 2352 1579 2412 Balla
1593 2372 1661 2430 soa,
1671 2355 1721 2416 vel
1739 2375 1799 2435 per
1813 2374 1914 2417 nouo
1971 2407 1972 2428 t

285 2443 315 2503 in
341 2443 454 2523 quibus
477 2445 706 2522 Imperatorum
726 2444 846 2523 efligies
860 2443 1078 2522 insculpeban-
1132 2439 1323 2534 procopium
1351 2437 1477 2537 aliquod
1505 2440 1763 2518 prohiberentur.
1801 2447 1865 2505 Lat.
1894 2442 1912 2505 l.
1970 2441 1972 2540 1

284 2538 346 2609 qur,
362 2549 494 2612 quaeque
510 2551 671 2594 exeopum
687 2533 1077 2612 chjpogfflphjshabeban.
1131 2531 1223 2584 trram
1237 2531 1317 2605 prat.
1334 2526 1428 2586 Basti.
1445 2528 1541 2606 Legio
1561 2529 1591 2588 ia
1614 2530 1721 2611 ecplr'e.
1740 2533 1844 2594 Bulla
1864 2551 1914 2591 mu·
1970 2547 1972 2610 t

284 2627 337 2681 tur
350 2638 507 2699 appensa;
524 2619 597 2680 inde
612 2621 707 2682 etiam
722 2621 857 2682 rotunda
877 2622 988 2701 sigilla,
1006 2639 1076 2701 quae
1130 2629 1228 2672 caesar.
1245 2613 1369 2715 Mende
1383 2634 1414 2675 a.
1431 2617 1481 2693 25,
1500 2635 1572 2677 cum
1593 2619 1662 2678 aliis
1683 2625 1798 2681 contra
1812 2625 1914 2682 Nasar-
1970 2611 1972 2698 i

287 2708 454 2770 Pontificiis
479 2709 701 2788 appenduntur
728 2709 853 2787 littorio,
879 2711 1077 2788 appellantur
1132 2717 1212 2776 lum,
1230 2706 1260 2762 Pi
1275 2702 1460 2802 qullqllel·
1473 2705 1563 2766 Unde
1583 2708 1807 2771 resolvuntur:

285 2798 401 2870 Bnllae;
419 2801 480 2858 eta
495 2797 603 2876 sigillis
622 2797 662 2857 ad
676 2797 760 2876 ipsas
775 2798 893 2860 litteras
909 2796 1004 2858 bullae
1020 2814 1077 2856 no·
1171 2791 1199 2848 l·
1217 2791 1279 2850 Hos
1294 2791 1442 2852 srmrlium
1463 2793 1637 2870 gratiarum
1659 2797 1770 2860 Bullas
1789 2799 1912 2878 expediri

284 2905 355 2947 men
381 2885 441 2946 hoc
464 2885 652 2946 translatum
674 2884 845 2964 accipitur3
868 2887 917 2946 vel
938 2884 1075 2962 sigillum
1130 2894 1221 2955 posse
1250 2896 1312 2939 uon
1340 2884 1461 2942 tantum
1490 2882 1522 2942 iu
1550 2884 1626 2945 Belli
1649 2892 1764 2948 contra
1787 2889 1913 2949 inlideles

284 2975 325 3037 sit
337 2992 475 3050 cereum,
491 2974 540 3034 vel
550 2974 749 3053 plumbeum,
772 2975 822 3034 vel
845 2973 907 3035 alia
926 2991 1075 3054 quacum·
1130 2966 1316 3044 subsidium,
1342 2970 1398 3030 sod
1427 2971 1522 3032 otiam
1550 2972 1581 3033 in
1605 2973 1763 3055 cujusque
1787 2978 1829 3056 pii
1852 2999 1913 3059 ope

283 3083 344 3143 qne
359 3063 489 3124 maten-tn
513 3067 700 3140 extructum,
727 3064 840 3125 Mando
865 3062 894 3123 d,
922 3067 951 3140 t,
974 3082 1005 3122 n,
1023 3066 1071 3125 tt.
1129 3054 1192 3133 ris,
1218 3056 1302 3135 quod
1323 3057 1480 3120 sufficiens
1503 3061 1696 3124 concedendi
1723 3083 1822 3128 causa
1840 3067 1912 3148 judi·

282 3153 350 3216 llas
376 3152 433 3214 iste
464 3155 496 3213 et
521 3153 714 3214 consuetudo
738 3152 937 3232 appendendi
964 3151 1074 3212 littoris
1129 3146 1228 3204 orior·

282 3239 450 3302 Pontificiis
473 3240 576 3319 sigilla
598 3240 790 3321 hujusmodi,
816 3240 860 3302 ita
875 3240 1010 3301 hahetur
1024 3257 1075 3300 so·
1169 3234 1198 3292 2·
1216 3232 1386 3294 Deduoiior
1400 3235 1505 3314 otiam,
1518 3255 1579 3298 uon
1590 3241 1747 3303 committi
1763 3243 1911 3305 simoniam

281 3327 403 3404 lamnis,
420 3331 454 3389 ut
467 3327 545 3388 tides
560 3344 623 3388 nou
638 3328 826 3390 adhibeatur
844 3327 903 3405 hie,
922 3345 992 3408 quae
1007 3327 1073 3387 sine
1128 3320 1161 3381 in
1176 3320 1359 3399 accipienda
1373 3323 1572 3403 eleemosyna
1586 3330 1909 3411 prcssullapredniu;

282 3416 382 3496 sigillo
405 3415 459 3478 tali
487 3416 642 3495 pendente
670 3417 860 3493 videantur,
891 3417 1073 3497 crimenque
1129 3413 1160 3470 et
1175 3409 1244 3485 hoo,
1269 3428 1331 3470 non
1353 3410 1435 3489 ideo,
1461 3413 1536 3492 quia
1559 3416 1703 3477 Pontifex
1719 3417 1909 3498 dispensetiu

282 3504 399 3566 falsarii
420 3504 570 3579 incurrat,
596 3504 649 3584 qui
669 3506 718 3565 vel
740 3505 877 3583 sigillum
898 3505 987 3582 tollit,
1004 3523 1075 3565 mu·
1125 3498 1197 3577 jure
1211 3498 1355 3576 positivo,
1368 3503 1541 3580 temporale
1558 3505 1695 3582 pretium
1709 3525 1769 3586 pro
1785 3509 1910 3588 spiritua-

282 3597 338 3670 tat,
363 3595 490 3672 rumpit,
516 3593 567 3654 vel
588 3591 706 3672 aliquid
731 3593 838 3671 addit,
865 3594 913 3654 vel
937 3594 1075 3657 detrahit
1127 3584 1166 3646 lis
1180 3586 1226 3645 rei
1240 3587 1421 3666 acceptioue
1437 3591 1635 3670 prohibente,
1650 3600 1686 3655 ut
1699 3596 1747 3658 ait
1759 3597 1839 3658 bone
1851 3615 1909 3658 cum

281 3681 402 3744 titteris,
417 3680 466 3744 ld,
482 3702 512 3743 η,
531 3685 579 3743 17,
1129 3677 1242 3734 Navar.
1262 3674 1408 3755 Rodriq.;
1426 3678 1482 3738 sed
1497 3679 1571 3758 quia
1591 3681 1799 3762 eleemosyna
1811 3685 1910 3765 accipi-

323 3774 415 3849 Resp.
442 3774 471 3831 d.
498 3773 625 3833 Certum
649 3789 731 3847 esse,
759 3772 905 3834 Summos
927 3773 1073 3835 Ecclesiae
1128 3765 1189 3838 tur,
1219 3764 1253 3824 ut
1279 3763 1414 3863 pretium
1433 3768 1605 3845 temporale
1623 3787 1681 3848 pro
1704 3790 1740 3832 re
1755 3773 1907 3852 spirituali,

282 3859 459 3934 Pontifices,
476 3859 598 3919 Bullam
621 3875 713 3936 posse
733 3858 917 3936 concedere,
934 3861 1074 3938 quando·
1128 3851 1183 3910 sed
1205 3850 1385 3929 imP⁰¹¹¹i¹¹l2
1411 3857 1447 3914 ui
1470 3873 1549 3916 ⁰⁰1¹ss
1563 3855 1820 3938 ffiSPssssfflfifflliSs
1836 3861 1909 3923 ⁰²⁸5·

282 3945 409 4027 quidem
432 3946 599 4025 repetitam
622 3947 714 4008 toties
735 3947 882 4027 expedire
910 3948 1070 4022 videmus;
1127 3938 1193 3997 mul
1207 3938 1474 4020 sitcommutatio,
1491 3944 1579 4006 etita
1593 3945 1744 4026 strictius,
1763 3955 1795 4012 et
1804 3951 1904 4031 justius

282 4039 314 4097 et
327 4034 509 4096 incredibile
524 4034 564 4097 sit
577 4033 609 4094 iu
624 4035 718 4096 rebus
732 4035 882 4097 momenti
894 4037 971 4098 tanti
987 4055 1073 4099 erra·
1128 4027 1329 4107 dispensandi
1357 4029 1398 4090 od
1421 4030 1571 4093 trutinam
1597 4033 1792 4113 justificetur
1813 4057 1902 4100 eausa.

281 4123 374 4199 visse,
392 4125 422 4183 nt
436 4125 589 4201 potestate
603 4122 731 4201 propria
755 4140 826 4184 enm
842 4141 970 4184 excessu
995 4124 1074 4185 abn-
1128 4117 1229 4188 Quare
1244 4116 1413 4180 advertunt
1427 4120 1596 4198 Doctores,
1618 4125 1790 4186 convenire
1806 4126 1905 4206 imponi

282 4229 344 4275 sos.
371 4211 527 4274 Probatur
549 4212 642 4290 ultra,
668 4213 742 4292 quia
761 4212 913 4293 quidquid
936 4212 968 4273 in
984 4214 1074 4275 Bulla
1128 4203 1255 4284 aliquod
1269 4221 1348 4264 onus
1363 4204 1650 4284 dispensationibus
1663 4209 1695 4271 in
1711 4213 1849 4276 savorem
1864 4213 1904 4274 ali-

281 4299 468 4376 continetur,
495 4299 535 4360 ad
554 4299 772 4361 concedendas
794 4300 1014 4379 indulgentias,
1031 4303 1071 4363 ad
1127 4292 1216 4372 cujus
1230 4310 1333 4354 ooooae
1347 4293 1417 4373 piro,
1435 4299 1501 4356 tom
1522 4317 1560 4358 oo
1575 4299 1715 4362 invalida
1729 4303 1786 4366 frat
1800 4304 1905 4383 dispeu-

281 4389 462 4450 iacultatem
476 4387 653 4466 delegandi,
667 4387 707 4448 ad
717 4388 898 4450 facultatem
908 4389 1073 4452 absolveu-
1127 4381 1205 4442 solit)
1229 4381 1411 4444 sufficientis
1435 4384 1558 4446 dofooio
1582 4403 1698 4464 oaosae,
1723 4395 1792 4451 tum
1815 4410 1849 4452 ne
1869 4391 1903 4452 iu

282 4474 314 4536 di
336 4491 357 4534 a
379 4472 478 4552 culpis
502 4475 533 4534 et
560 4473 724 4548 censuris,
750 4473 963 4536 commutandi
986 4481 1070 4554 vota,
1126 4468 1216 4530 facile
1230 4468 1262 4528 in
1278 4469 1449 4549 disciplina
1459 4472 1684 4536 relaxationem
1695 4478 1902 4540 Ecclesiasticus

281 4559 481 4642 dispensandi
497 4559 529 4619 in
543 4563 701 4638 praecepto
712 4557 824 4639 jejunii
839 4561 1069 4639 Ecclesiastico,
1126 4561 1282 4637 petantur.
1318 4561 1425 4639 Neque
1465 4560 1668 4641 indulgentiae
1705 4568 1902 4628 conceduntur

281 4653 313 4711 et
334 4647 383 4710 his
406 4647 533 4724 similia,
558 4651 589 4709 et
608 4647 713 4708 adhuc
734 4647 857 4710 minora
885 4649 1069 4729 reducitur,
1127 4645 1193 4725 ejus
1207 4644 1310 4724 pretii,
1327 4653 1358 4707 et
1381 4647 1588 4727 eleemosynae
1608 4649 1745 4728 intuitu;
1771 4656 1824 4718 sed
1843 4675 1901 4737 pro-

281 4755 415 4818 quorum
430 4736 554 4816 singula
567 4736 747 4815 singillatim
762 4738 903 4799 Pontifici
918 4739 1073 4801 licetcon-
1126 4739 1286 4813 ponuntur
1312 4735 1469 4814 fidelibus
1494 4741 1530 4800 ut
1552 4737 1675 4800 illarum
1700 4760 1774 4821 spes
1795 4745 1901 4804 lucran-

281 4825 405 4888 cedere.
431 4828 493 4888 Cur
519 4843 594 4904 ergo
619 4824 730 4904 juncta
753 4825 845 4886 simul
871 4845 934 4887 non
957 4828 1072 4906 poterit
1126 4822 1238 4882 darum
1261 4840 1314 4883 eos
1329 4824 1444 4886 alliciat
1458 4825 1498 4886 ad
1513 4825 1565 4905 pio
1585 4825 1627 4887 illi
1643 4831 1734 4908 operi
1751 4831 1899 4908 eleemesy-

281 4912 431 4994 elargiri?
453 4914 559 4992 Neque
582 4912 686 4973 obstat
709 4911 734 4972 si
757 4913 882 4988 dixeris
900 4915 984 4992 quod
999 4934 1072 4994 gra·
1126 4910 1173 4970 nis
1193 4910 1461 4990 subveniendum,
1486 4912 1535 4973 vel
1561 4931 1665 4976 oausae
1689 4919 1838 4996 publioae,
1861 4918 1898 4977 rel

280 5001 342 5080 tiae,
366 5017 436 5082 quae
460 4999 491 5060 in
506 4999 596 5060 Bulla
617 4999 842 5076 conceduntur,
860 5001 921 5064 sint
934 5021 1068 5083 magum,
1125 4998 1326 5078 indulgentiae
1351 4999 1567 5062 conceduntur
1588 5001 1629 5063 ob
1649 5006 1797 5068 allectum
1817 5007 1896 5086 pium,

280 5088 320 5154 ad
344 5105 477 5170 quarum
503 5086 734 5148 concessionem
757 5087 852 5149 debet
879 5107 946 5150 esse
975 5109 1071 5153 causa
1126 5091 1157 5148 et
1171 5087 1382 5149 contributam
1397 5089 1662 5151 remunerandam
1673 5094 1895 5174 eleemosynam.

279 5177 447 5252 sufficiens,
464 5179 497 5236 et
510 5193 571 5235 non
587 5175 711 5237 videtur
733 5177 876 5238 sufficere
898 5179 1071 5258 eleemosy-
1125 5176 1276 5238 Videatur
1289 5176 1393 5236 blond.
1410 5195 1440 5236 u.
1458 5179 1496 5238 29
1510 5185 1538 5237 et
1552 5179 1599 5241 ΕΟ.

280 5281 354 5326 uam
375 5263 510 5324 duarum
534 5263 767 5340 drachmamm,
789 5283 867 5344 quas
880 5269 966 5327 taxat
980 5268 1070 5330 Com-
1165 5263 1299 5324 lulertur
1316 5262 1443 5338 ultime,
1462 5264 1546 5342 quod
1560 5269 1591 5326 et
1606 5265 1757 5330 Summus
1778 5267 1895 5330 Pout-ilar

279 5350 450 5428 misseriae,
467 5349 556 5431 eujus
579 5351 708 5413 arbitrio
723 5352 865 5413 Pontifex
879 5353 1070 5416 taxationem
1125 5357 1157 5415 et
1175 5352 1291 5427 caeteri,
1314 5351 1366 5432 qui
1386 5353 1492 5413 Bullas
1505 5359 1636 5431 possunt
1650 5356 1788 5438 elargiri,
1805 5375 1895 5434 accep

279 5437 415 5524 reliquit.
442 5441 509 5504 Non
529 5439 642 5516 obstat,
665 5438 806 5519 iuquam,
832 5441 900 5504 baec
921 5441 1067 5524 objectio,
1125 5446 1173 5504 tas
1194 5458 1251 5520 pro
1275 5439 1335 5500 illis
1359 5441 1587 5520 eleemosynas,
1611 5443 1734 5507 alendis
1754 5445 1809 5508 sibi
1825 5443 1892 5524 ipsis,

309 1517 387 1593 (leid
411 1517 449 1578 sit
472 1515 584 1592 Bulla,
614 1522 640 1575 et
668 1513 800 1595 quonum
823 1531 886 1573 earn
911 1509 1062 1571 concedere
