3974 6348
732 549 783 612 DE
804 549 1066 616 Meretricum.
1661 561 1719 621 iii

83 729 135 792 lios
155 733 188 791 nt
207 729 365 812 legitimos
388 732 590 812 agnoverint,
614 751 729 816 eosque
753 735 868 814 pietate
922 737 965 798 nii
988 738 1107 800 loedere
1130 746 1305 818 procreata.
1331 742 1405 813 Qua
1429 759 1504 804 sane
1526 744 1631 807 omnia
1645 763 1717 808 cum

82 817 222 898 bonisque
237 819 379 882 moribus
393 820 573 898 imbuerint,
586 825 617 884 θῖ
631 823 692 886 lrui
706 824 867 901 patiantur
922 827 1016 888 Vobis
1031 827 1232 903 innotuerint,
1259 848 1298 890 ne
1318 829 1442 891 illorum
1459 831 1583 895 excidat
1596 852 1717 896 memo·

5 981 6 990 ἶ
81 905 162 968 bonis
179 908 415 987 temporalibus,
435 927 456 970 a
477 909 648 990 Majoribus
667 911 697 972 in
713 912 867 992 supremis
921 913 978 991 ria,
994 913 1025 974 in
1040 914 1133 977 Libro
1154 915 1287 977 fideliter
1309 917 1526 980 describentur
1543 921 1584 982 ab
1603 939 1640 982 eo
1665 921 1714 983 cui

81 994 184 1056 tabuiis
197 995 326 1073 relictis,
343 997 393 1060 vel
407 997 539 1076 provida
559 999 665 1080 legum
680 999 866 1066 auctoritate
920 1003 1004 1064 iacta
1018 1022 1036 1064 a
1051 1003 1147 1066 Vobis
1162 1008 1208 1066 θεῖ
1222 1009 1359 1083 potestas
1369 1007 1539 1069 adnotandi
1554 1009 1716 1072 Matrimo-

5 1103 6 1148 i
81 1082 191 1146 ddabs.
919 1090 972 1151 nia
995 1091 1115 1154 occulta
1134 1092 1301 1155 celebrata.
1323 1095 1426 1172 Liber,
1442 1095 1475 1155 in
1498 1114 1593 1176 quem
1607 1097 1715 1176 Bapti-

5 1199 7 1254 5
113 1172 306 1236 »Celebrate
331 1177 435 1236 autem
460 1173 670 1252 Matrimonio,
696 1177 866 1244 indilatea
919 1182 1070 1242 satorum.
1088 1199 1124 1242 ac
1139 1181 1300 1260 utriusque
1324 1183 1465 1244 Parentis
1486 1183 1614 1245 nomina
1632 1185 1715 1246 reie-
1751 1211 1753 1216 ·

5 1259 6 1272 ³
80 1261 221 1338 Parooho,
237 1261 289 1322 vel
312 1261 374 1324 alio
398 1264 579 1341 Sacerdote,
596 1282 703 1326 coram
724 1286 786 1347 quo
805 1269 865 1331 ini·
918 1273 1027 1329 rentur
1056 1267 1199 1348 quamvis
1230 1269 1377 1350 distingui
1405 1270 1518 1332 debeat
1545 1270 1585 1332 ab
1613 1271 1712 1335 altero

78 1352 137 1412 tum
153 1352 217 1426 est,
234 1351 420 1414 exhibeatur
432 1351 586 1432 Episcopo
609 1353 690 1415 illius
714 1355 863 1435 scriptum
918 1355 1205 1428 Matrimouiornm;
1222 1357 1333 1418 eadem
1348 1360 1454 1418 tamen
1468 1357 1641 1438 diligentia,
1658 1359 1712 1422 iis-

5 1505 6 1510 ,
78 1435 307 1514 documentum,
344 1456 416 1500 cum
444 1444 516 1502 nota
544 1441 603 1503 loci
632 1446 664 1504 et
686 1445 861 1523 temporis,
918 1442 1051 1524 demque
1079 1444 1208 1506 cautelis
1242 1444 1273 1505 in
1308 1446 1500 1507 cancellaria
1534 1446 1710 1526 Episcopali

5 1523 7 1582 i
77 1523 294 1606 ratumque,
324 1526 377 1606 qui
405 1526 606 1589 celebrationi
641 1529 860 1596 interfuerunt.
917 1530 1051 1607 clausus,
1068 1531 1220 1610 etsigiilis
1240 1532 1433 1612 obsignatus,
1458 1535 1517 1595 erit
1534 1536 1709 1597 custodien-

5 1599 7 1666 ἶ
76 1613 212 1674 Vestrum
241 1611 302 1674 erit
328 1617 437 1692 postea
464 1614 631 1693 dilgenter
656 1617 859 1697 incumbere,
916 1617 985 1694 dus,
1001 1620 1237 1699 proutbibrum
1251 1621 1624 1686 Matrimoniorumoaute
1639 1641 1706 1686 cus·

5 1753 7 1784 ,
76 1698 151 1780 quod
164 1699 205 1762 ad
219 1719 393 1780 perennem
405 1709 502 1783 gesta
523 1704 568 1765 rci
582 1706 766 1774 memoriam
780 1726 862 1787 prae-
914 1708 1006 1769 todiri
1021 1726 1117 1787 supra
1129 1707 1359 1770 mandavimus.

5 1797 7 1868 5
75 1789 164 1850 tatum
177 1788 404 1851 documentum
423 1791 558 1862 fideliter
580 1794 805 1857 transcribatur
828 1797 858 1858 iu
954 1817 968 1852 u
988 1796 1065 1868 Quia
1088 1812 1162 1856 vcro
1186 1797 1326 1859 nonnulli
1350 1798 1459 1859 deesse
1478 1815 1540 1860 non
1564 1804 1706 1878 possunt,

75 1875 157 1938 libro
171 1895 302 1956 prorsus
316 1877 461 1942 distincto
483 1881 523 1942 ab
546 1882 655 1960 altero,
671 1883 705 1942 iu
720 1901 781 1962 quo
795 1886 860 1947 Ma·
914 1882 1125 1962 quiprcpriae
1149 1882 1346 1946 conscientiae
1376 1885 1505 1946 vocibus
1540 1885 1709 1950 obsurdes-

5 1953 7 1986 ²
74 1963 210 2027 triurcnia
224 1962 351 2043 publice
366 1971 527 2030 contracta
548 1970 586 2030 de
607 1987 694 2032 more
708 1971 858 2033 adnotau-
913 1974 995 2046 cani,
1021 1975 1052 2032 et
1075 1970 1188 2032 nostris
1211 1970 1296 2032 hisce
1315 1972 1470 2034 mendatis
1484 1991 1595 2052 parere
1610 1975 1707 2054 negli-

74 2055 127 2115 tnr.
142 2051 330 2133 Hujusmodi
343 2053 437 2116 Liber
445 2073 503 2135 pro
517 2057 721 2119 Matrimoniis
731 2061 858 2122 secretis
912 2060 1004 2136 gant;
1021 2056 1127 2118 debita
1141 2075 1307 2135 poenarum
1328 2059 1519 2122 districtione
1538 2079 1594 2140 pro
1610 2062 1703 2124 modo

5 2147 8 2238 5
73 2139 203 2219 apposite
227 2145 422 2221 compactus,
438 2144 572 2222 clausus,
596 2150 626 2209 et
647 2147 755 2226 sigillis
775 2149 858 2210 obsi·
912 2145 1011 2223 culpae
1039 2163 1065 2223 ‚a
1092 2146 1188 2207 Vobis
1221 2147 1400 2226 puniantur.
1432 2148 1599 2225 Quinimo,
1633 2167 1706 2211 cum

5 2241 7 2314 5
73 2233 186 2308 gnatus,
202 2229 236 2292 in
251 2231 546 2313 vestraEpiscopali
561 2236 856 2299 Cancellariacaute
912 2233 986 2294 satis
1013 2233 1107 2295 Nobis
1135 2235 1326 2314 experientia
1353 2241 1548 2316 compertum
1576 2238 1641 2314 sit,
1671 2238 1704 2298 in

5 2319 8 2396 5
73 2316 124 2378 erit
143 2319 368 2382 custodiendus
393 2340 401 2384 ε
427 2328 459 2383 θῖ
481 2340 518 2385 eo
542 2327 665 2386 tantum
687 2343 762 2387 casu
780 2325 858 2386 resi·
912 2319 1092 2399 hujusmodi
1105 2322 1221 2401 negotii
1241 2323 1394 2400 homines,
1420 2323 1452 2386 iu
1467 2327 1583 2385 terram
1598 2325 1704 2388 oculos

5 2399 8 2474 5
72 2406 151 2484 guen·
166 2412 198 2471 et
210 2409 328 2487 aperiri
351 2413 455 2472 vestra
468 2413 639 2474 ascedente
653 2413 778 2475 licentia
800 2432 857 2493 pa·
911 2407 1112 2485 declinantes,
1141 2409 1181 2470 ob
1200 2409 1354 2470 humanos
1378 2415 1536 2489 respectus
1550 2413 1705 2474 tardiores

5 2477 8 2566 t
72 2493 191 2571 tiemiui,
207 2513 272 2576 quo
287 2495 350 2558 alia
362 2496 395 2558 id
409 2517 509 2578 genus
527 2500 725 2564 Matrimonia
739 2501 856 2563 deseri·
910 2495 1002 2572 effici,
1034 2498 1065 2556 et
1092 2513 1111 2556 a
1137 2499 1222 2558 recte
1250 2496 1364 2576 agendi
1393 2498 1504 2558 semita
1525 2500 1700 2562 revocari:

5 2571 9 2672 5
71 2580 98 2642 bi
110 2587 263 2662 oporteat,
280 2585 331 2646 vel
345 2585 376 2646 id
391 2586 449 2647 sibi
464 2587 602 2650 vindicet
611 2589 740 2669 justitiae
755 2590 855 2651 admi·
908 2583 1094 2646 Mandamus
1113 2585 1241 2661 idcirco,
1258 2585 1457 2647 Matrimonia
1471 2587 1593 2648 occulta
1607 2606 1627 2650 a
1640 2590 1704 2651 Vo-

5 2673 10 2750 5
71 2668 231 2734 nistrandse
267 2673 447 2752 necessitas,
477 2676 527 2737 vel
564 2675 691 2738 demum
727 2678 854 2758 aliquod
907 2671 955 2734 bis
972 2672 1123 2751 evulgari,
1140 2677 1171 2734 et
1195 2678 1268 2734 nota
1281 2675 1360 2750 fieri,
1377 2675 1402 2734 si
1417 2679 1502 2736 certo
1518 2675 1614 2737 Vobis
1627 2693 1703 2738 cou-

5 2753 8 2830 t
70 2757 340 2824 documentumah
355 2781 392 2824 eo
408 2767 852 2842 exposcantvemminteresse
907 2760 1019 2822 stiterit
1044 2779 1082 2822 ex
1109 2761 1214 2841 aliquo
1244 2762 1443 2824 Matrimonio
1477 2763 1599 2826 occulto
1628 2783 1702 2843 pro-

5 2835 9 2884 i
70 2845 221 2926 babentes,
242 2849 356 2929 quibus
370 2852 591 2930 probationum
605 2854 730 2916 aliunde
745 2859 853 2934 peteu-
907 2852 1043 2910 creatam
1072 2848 1167 2910 fuisse
1196 2849 1344 2912 Sobolem
1359 2853 1390 2910 et
1407 2849 1610 2930 baptizatam,
1627 2849 1737 2931 sup·'

69 2935 169 2998 darum
195 2954 261 2998 non
288 2939 426 3016 suppetit
453 2940 571 3018 copia:
610 2941 718 3004 sedulo
746 2945 850 3002 tamen
905 2935 1020 3014 pressis
1043 2938 1211 2997 Parentum
1239 2935 1427 3014 nominibus,
1458 2939 1543 3000 nulla
1570 2939 1701 3018 prestita

68 3023 353 3104 animadvertentes,
384 3027 479 3106 quod,
504 3047 538 3088 re
566 3028 721 3106 absoluta,
747 3029 849 3091 denuo
905 3023 1000 3084 Vobis
1024 3023 1144 3101 notitia,
1171 3027 1205 3086 ut
1227 3042 1286 3104 par
1308 3027 1386 3102 erat,
1410 3024 1699 3089 abilliusParenti·

68 3112 231 3190 claudatur,
262 3117 294 3176 et
315 3115 435 3195 sigillis,
461 3120 496 3178 ut
523 3121 625 3194 antea,
655 3118 846 3197 obsignatur.
903 3110 963 3172 bue
978 3112 1061 3175 intra
1079 3112 1207 3192 triginta
1230 3112 1296 3174 dies
1311 3132 1330 3174 a
1343 3113 1510 3176 Nativitate
1529 3133 1699 3176 numeran-

68 3199 157 3277 Frdes,
172 3219 230 3262 seu
245 3202 466 3264 attestationes
485 3203 565 3264 clam
580 3204 727 3266 celebrati
742 3204 850 3266 Matri·
904 3199 970 3261 des.

67 3287 150 3348 monii
164 3288 351 3366 apameno,
368 3290 418 3350 vei
442 3290 611 3352 Sacerdote
626 3291 679 3372 qui
693 3292 777 3353 vices
791 3295 848 3354 Pa·
942 3310 962 3353 o.
976 3291 1021 3348 Ne
1045 3293 1151 3350 autem
1174 3291 1390 3368 contumaees,
1420 3295 1452 3351 et
1479 3289 1697 3354 inobedientes

67 3375 142 3438 rocbi
158 3377 267 3456 gessit,
284 3379 461 3456 exerendae,
477 3379 635 3459 Vobisque
650 3380 844 3458 exbibenda,
902 3376 1025 3438 violata
1053 3377 1150 3456 fidei,
1180 3379 1360 3460 proditique
1399 3379 1516 3441 Secreti
1552 3381 1697 3442 Pastores

67 3465 304 3528 transcribantur
317 3465 350 3526 iu
364 3466 447 3528 dicto
461 3465 565 3543 Libro,
581 3468 793 3549 proutjacent
806 3469 845 3531 de
901 3482 974 3526 suos
997 3464 1187 3542 insimulent,
1212 3466 1320 3528 sedulo
1349 3485 1369 3528 a
1395 3466 1492 3529 Vobis
1519 3467 1696 3529 curandum

66 3553 149 3614 rerbo
163 3554 204 3615 ad
218 3553 351 3616 verbum
365 3573 385 3616 a
401 3557 539 3617 Persona
551 3574 571 3615 a
584 3556 680 3619 Vobis
694 3556 845 3636 deputau-
901 3556 948 3614 ast
963 3555 996 3614 ut
1010 3571 1029 3613 a
1042 3554 1194 3631 Parooho,
1217 3555 1267 3616 rei
1288 3554 1348 3615 alio
1369 3555 1550 3630 Sacerdote,
1566 3573 1624 3635 pro
1646 3574 1696 3618 se-

5 3609 11 3722 l
67 3638 109 3713 de,
123 3659 190 3720 quea
204 3640 290 3722 apud
313 3658 422 3703 omues
444 3641 644 3722 integritatis,
659 3644 844 3725 probatique
900 3644 985 3703 creta
1008 3642 1217 3704 celebratione
1240 3643 1429 3706 Matrimonii
1454 3643 1583 3712 aVohis
1598 3644 1694 3725 depu-
1790 3673 1796 3682 ·

67 3728 186 3792 nominis
205 3729 399 3792 luculentum
418 3729 533 3792 habeat
552 3731 776 3793 testimonium.
794 3733 844 3794 Fi·
898 3728 1011 3806 tando,
1037 3729 1192 3810 conjuges
1214 3731 1297 3792 clare
1318 3736 1349 3792 et
1363 3733 1471 3810 aperte
1492 3735 1692 3810 moneantur,

66 3813 112 3878 des
131 3835 216 3896 vero,
241 3823 273 3880 et
295 3820 516 3882 attestationes
539 3819 614 3898 ipsae
638 3819 669 3881 iu
684 3820 841 3884 secretiori
898 3833 936 3876 ea
948 3816 1016 3894 lege
1032 3821 1063 3876 et
1089 3821 1180 3895 pacto
1200 3817 1259 3878 iliis
1281 3819 1418 3897 permitti
1441 3817 1562 3880 Socrati
1586 3819 1694 3882 Matri-

65 3899 213 3966 loeosarte
228 3909 371 3985 tectaque
386 3925 405 3967 a
418 3907 515 3970 Vobis
531 3911 708 3970 serventur.
897 3903 995 3966 monii
1017 3904 1270 3981 celebrationem,
1306 3910 1341 3968 ut
1369 3906 1499 3968 Soboles
1526 3904 1599 3967 inde
1622 3924 1692 3985 pror

5 3927 9 4080 l
96 3993 205 4066 attucd
219 3993 245 4056 si
259 4013 298 4055 ex
312 3995 433 4057 occulto
448 3994 628 4076 hujusmodi
642 3996 840 4060 Matrimouio
896 3991 1033 4053 creanda
1046 4009 1109 4053 non
1123 3993 1225 4053 solum
1243 4000 1447 4072 regeneretur
1461 3995 1557 4056 Sacro
1572 3994 1691 4072 Baptis-

65 4077 172 4141 Prolem
187 4081 272 4142 nasci
295 4081 465 4161 contingat,
482 4083 594 4144 eadem
606 4083 842 4146 mundetursa·
898 4083 993 4147 mate,
1024 4078 1079 4140 sed
1106 4085 1177 4158 poet
1204 4082 1365 4160 Baptisme
1388 4081 1590 4143 denuntietur
1616 4082 1691 4161 Epi-

64 4164 142 4228 lutari
154 4171 244 4248 Aqua
266 4169 429 4248 Baptismi,
449 4171 480 4230 in
496 4171 634 4232 Ecclesia
648 4171 680 4232 in
695 4191 757 4252 qua
771 4174 840 4234 aliis
894 4185 989 4247 scopo
1004 4185 1075 4230 cum
1090 4171 1164 4229 nota
1182 4168 1241 4229 loci
1261 4173 1292 4230 et
1305 4169 1458 4248 temporis
1482 4168 1690 4232 administrati

65 4251 217 4318 infantibus
231 4257 292 4319 boc
313 4259 553 4320 Sacramentum
570 4258 748 4322 indistincte
764 4279 840 4322 oon·
895 4255 1102 4331 Sacramenti,
1130 4273 1168 4317 ac
1183 4256 1305 4317 sincera
1319 4255 1507 4317 indicatione
1522 4258 1689 4320 Parentum

64 4339 156 4405 fertur.
180 4345 219 4407 Et
240 4344 315 4425 qnia
338 4345 379 4406 ad
402 4345 607 4424 operiendum
627 4345 707 4408 clam
727 4348 838 4410 initum
894 4343 1041 4421 aquibus
1058 4346 1161 4404 ortum
1175 4341 1294 4420 babuit,
1313 4342 1579 4422 quemadmodum
1593 4361 1689 4423 supra

64 4428 290 4510 Matrimonium,
315 4433 405 4494 facile
430 4437 479 4495 est
498 4434 531 4494 in
554 4435 646 4496 Libro
661 4437 838 4515 Baptizato·
891 4429 1087 4510 premissum
1111 4436 1180 4491 est:
1206 4430 1352 4511 Alioquin
1367 4431 1601 4494 Matrimonium
1615 4433 1689 4495 licet

62 4534 122 4580 mm
141 4521 256 4582 nullam
278 4521 346 4582 lieri
367 4522 559 4583 mentionem
582 4525 775 4602 Parentum,
805 4527 837 4586 et
891 4521 1087 4580 contractum
1102 4518 1176 4580 data
1194 4537 1251 4597 per
1273 4518 1463 4598 Episcopum
1478 4520 1596 4581 Secreti
1611 4521 1685 4599 tide,

62 4619 156 4668 eorum
168 4608 299 4670 Nomina
313 4609 453 4672 consulto
467 4610 591 4671 reticeri
608 4630 615 4671 :
632 4611 783 4674 Volumus
805 4617 837 4674 et
891 4607 922 4668 in
945 4608 1047 4668 iucem
1071 4605 1246 4685 proferetur
1268 4607 1300 4666 in
1321 4607 1456 4686 gratiam
1477 4607 1638 4687 Filiorum,
1656 4617 1688 4672 ei

62 4707 189 4771 expresse
210 4695 407 4772 mandamus,
433 4697 518 4776 quod
541 4700 666 4760 aPatre
680 4699 834 4777 Baptizati
890 4695 931 4757 ad
958 4694 1185 4774 populsandam
1213 4695 1253 4756 ab
1281 4695 1340 4755 illis
1367 4713 1509 4774 gravem,
1536 4697 1685 4777 nulloque

61 4793 147 4860 eoque
160 4781 316 4860 deiuncto,
333 4783 373 4844 ab
387 4782 471 4844 illius
485 4785 584 4846 Matre
603 4789 748 4864 suscepta
762 4788 836 4847 Pro·
889 4787 981 4863 pacto
996 4783 1158 4844 ferendam
1176 4783 1344 4863 jacturam.
1361 4785 1514 4847 Volumus
1535 4784 1683 4865 denique,

61 4863 98 4926 les
115 4867 200 4930 robis
221 4869 440 4943 denuntiatum
467 4871 613 4952 dictaque
634 4873 834 4936 Denuntiatio
889 4890 925 4933 ac
939 4871 1137 4938 mandamus,
1155 4871 1257 4948 Fides,
1271 4889 1325 4932 seu
1340 4872 1563 4934 attestationes
1576 4872 1686 4934 Matri-

61 4943 106 5006 iiat
127 4947 174 5009 vel
191 4947 370 5012 immediate
398 4969 455 5029 per
482 4952 630 5014 Parentes
658 4952 752 5031 ipsos,
782 4954 833 5014 vel
888 4957 984 5020 monii
1002 4959 1083 5020 clam
1097 4957 1175 5034 initi,
1193 4961 1224 5018 et
1245 4957 1367 5018 Soboiis
1388 4976 1427 5018 ex
1446 4976 1482 5019 eo
1497 4961 1681 5036 procreatae,

61 5045 108 5106 per
130 5033 242 5098 litteras
269 5054 379 5098 eorum
406 5037 586 5100 charactere
610 5045 763 5117 exaratas,
784 5043 834 5102 vel
888 5049 1050 5124 excerptas
1074 5064 1113 5104 er
1131 5044 1222 5106 dictis
1244 5045 1356 5121 Libris,
1373 5045 1466 5106 modo
1487 5063 1550 5124 quo
1564 5044 1683 5106 dictum

61 5121 171 5194 perfide
184 5125 311 5204 dignam
324 5128 492 5188 Personam
504 5127 544 5188 ab
558 5128 633 5208 ipsis
648 5129 832 5190 Parentibus
888 5136 935 5195 est
949 5132 1032 5211 apud
1047 5135 1111 5195 Vos
1134 5135 1224 5194 caute
1248 5131 1459 5193 custodiendis
1479 5134 1598 5192 tautam
1612 5147 1683 5208 pro·

61 5203 247 5290 designatam,
271 5216 306 5273 ut
324 5217 409 5275 certo
431 5217 463 5274 et
484 5213 567 5275 olere
583 5214 678 5278 Vobis
699 5219 830 5292 constet,
887 5219 999 5280 mereri
1023 5219 1129 5294 fidem,
1153 5225 1303 5298 quautam
1326 5217 1384 5277 sibi
1407 5215 1458 5276 alii
1483 5216 1567 5278 Libri
1587 5217 1683 5276 Paro-

61 5295 245 5370 quodProles
268 5299 322 5362 tali
344 5300 413 5363 loco
436 5306 467 5362 et
480 5307 632 5381 tempore,
658 5303 707 5364 vel
729 5303 832 5364 retici·
887 5304 1003 5366 cbiales
1026 5306 1224 5384 baptismatis
1248 5310 1280 5367 et
1302 5302 1492 5366 Matrimonii
1520 5303 1680 5364 vindicare

61 5375 102 5455 fis,
120 5383 166 5444 rel
187 5384 261 5447 falso
286 5387 438 5466 expressis
461 5389 640 5450 nominibus
663 5392 831 5452 Parentum
887 5396 1125 5452 consueverunt.

59 5461 209 5548 baptizata,
225 5477 271 5534 est
284 5473 434 5552 legitima,
451 5476 524 5536 licet
543 5477 654 5538 occulti
672 5477 832 5539 Matrimo-
911 5499 939 5536 ‘u
959 5480 1031 5540 liaeo
1046 5497 1065 5539 a
1079 5479 1185 5556 Vobis,
1203 5481 1281 5542 Ven.
1307 5479 1442 5553 Fratres,
1465 5478 1496 5537 in
1520 5477 1578 5539 hac
1603 5480 1678 5539 tem-
