3974 6348
286 511 343 575 156
934 524 1009 586 nlo.
1031 523 1082 585 vl.
1106 521 1208 584 PARS
1230 521 1281 584 lll.

286 698 434 777 concilia,
451 701 646 765 6116616666
660 703 746 782 apud
761 705 871 768 Avers.
888 724 918 787 q.
940 707 988 782 18,
1003 724 1028 768 6.
1044 709 1074 783 1,
1169 706 1187 786 §
1202 709 1229 768 1.
1247 709 1373 768 Certum
1394 713 1441 769 est
1455 707 1495 768 ad
1509 707 1650 770 valorem
1664 708 1851 769 contractus
1864 705 1923 766 Ma-

286 787 389 850 diccrc
404 789 569 854 videantur
587 791 640 854 illa
655 809 722 852 esse
737 791 836 872 irrita,
852 799 959 856 tamen
973 796 1073 872 Rayn.
1129 794 1313 855 trimonialis
1328 795 1443 876 requiri
1459 795 1636 858 libertatem
1651 795 1823 875 physicam
1837 813 1924 874 agen-

286 877 320 936 16
341 876 442 940 Hetcr.
459 886 482 940 t.
503 881 551 948 16,
575 899 599 941 6.
617 883 645 957 1,
656 890 758 961 punct.
785 885 834 961 11,
860 903 891 945 n.
916 885 966 960 13,
992 887 1076 944 recte
1131 881 1161 943 di
1177 885 1209 943 et
1222 901 1284 942 non
1298 883 1429 962 agendi3
1448 883 1520 944 hinc
1535 888 1687 962 perpetuo
1702 886 1850 944 amentes
1869 899 1925 942 nou

286 963 480 1028 demonstrat
500 967 688 1048 oppositum,
706 974 738 1030 61
751 973 837 1048 66161
860 989 898 1032 ex
922 969 958 1032 C.
974 968 1077 1031 Decre-
1130 970 1282 1032 habentes
1297 971 1402 1032 lucida
1417 973 1596 1048 intervalla,
1614 971 1704 1048 ebrii,
1722 971 1926 1044 dormientes⁸

286 1051 339 1130 vit,
354 1052 390 1114 dc
403 1053 547 1118 1666611616
561 1055 594 1116 in
616 1059 646 1133 6,
663 1057 839 1140 probatque
853 1058 959 1137 praxis
972 1059 1077 1120 Eccle-
1131 1065 1291 1139 nequeunt
1312 1060 1546 1122 Matrimonium
1570 1061 1759 1122 contrahere
1778 1079 1785 1119 ε
1811 1059 1837 1118 61
1863 1057 1926 1137 quis

286 1139 350 1202 sia.
368 1142 433 1203 Sub
448 1142 561 1224 quihus
575 1144 791 1224 autempactis
805 1145 876 1207 iniri
891 1145 1000 1226 possit,
1014 1144 1077 1207 dixi
1131 1151 1235 1208 tamen
1260 1147 1372 1208 deliret
1394 1148 1576 1227 partialiter,
1598 1147 1664 1208 sive
1683 1147 1716 1207 in
1737 1145 1926 1228 quibusdam

286 1228 358 1306 11,
383 1248 403 1290 6
425 1249 457 1293 n.
480 1234 530 1293 85.
555 1233 595 1293 111
617 1251 658 1294 an
681 1233 835 1314 ejusmodi
858 1234 1078 1298 contrahentes
1130 1237 1253 1296 tantum
1277 1235 1418 1316 objectis,
1444 1236 1498 1296 scd
1523 1255 1585 1296 non
1610 1236 1641 1294 in
1665 1236 1805 1296 materia
1827 1233 1928 1295 Matri·
1983 1283 1984 1286 ¹

286 1318 407 1396 possint
425 1337 608 1399 comparere
622 1339 729 1384 coram
742 1323 933 1402 predicante
947 1325 997 1386 vel
1011 1324 1078 1386 Ma·
1131 1321 1244 1399 monii,
1261 1324 1363 1384 valide
1380 1324 1549 1401 contrahit,
1567 1327 1662 1404 Vasq.
1680 1323 1803 1386 Sanch.
1822 1325 1925 1384 Avens.
1983 1377 1984 1380 ,

285 1405 418 1486 31616616
432 1408 617 1486 acatholica,
634 1410 737 1473 dicam
751 1430 771 1474 a
784 1431 816 1475 n.
832 1415 902 1475 115.

219 1505 259 1553 616
327 1497 341 1574 Ξ
363 1500 393 1558 1.
419 1496 508 1560 Circa
530 1499 729 1562 Matrimonia
750 1519 893 1580 66666666
916 1499 1077 1563 catholicae

286 1603 358 1647 cum
383 1586 557 1650 acatholica
578 1605 635 1667 666
663 1589 752 1668 praxi
780 1589 978 1652 observanda
1004 1591 1078 1650 sunt

286 1694 373 1755 seqq.
389 1678 419 1737 1.
437 1677 469 1737 81
484 1677 619 1737 necdum
633 1679 673 1738 sit
687 1679 885 1758 promissum,
902 1678 1075 1740 dissuaderi

286 1763 394 1840 debet,
416 1762 490 1844 quia
510 1765 649 1827 Ecclesia
662 1767 739 1828 illud
754 1767 899 1847 prohibet
913 1765 1019 1826 multis
1033 1765 1076 1824 lo-

286 1852 330 1914 cis
344 1853 429 1931 apud
447 1854 601 1923 66666616,
621 1873 734 1934 nempe
754 1857 793 1916 ob
813 1856 986 1936 periculum
1005 1853 1076 1914 suh·

285 1940 436 2002 versionis
450 1941 482 2000 in
498 1960 631 2020 persona
645 1944 816 2022 catholica,
833 1944 908 2006 etin
924 1943 1073 2022 66611166,

286 2028 472 2090 turbationis
482 2031 526 2090 rei
537 2029 715 2093 domestica
731 2037 762 2094 et
776 2031 1002 2094 observationis
1016 2031 1077 2089 fes-

286 2119 407 2194 torum,
421 2117 631 2198 jejuniorum,
648 2125 708 2182 etc.
726 2121 760 2183 Si
774 2121 929 2182 catholica
943 2136 1077 2197 persona

286 2205 331 2266 sic
354 2205 533 2284 admonita,
559 2209 688 2270 consilio
712 2227 774 2269 non
798 2208 996 2288 acquiescat,
1021 2206 1076 2266 sed

286 2292 487 2356 nihilominus
497 2294 528 2354 in
538 2296 598 2358 ista
611 2297 751 2376 pericula
765 2315 798 2358 se
808 2297 883 2358 velit
897 2295 1074 2370 immittere,

286 2382 311 2442 si
326 2383 377 2444 hic
392 2387 423 2444 et
444 2402 526 2445 nunc
548 2389 735 2447 censeantur
753 2404 819 2447 essc
838 2385 981 2464 proxima
996 2383 1077 2463 peri-

286 2471 357 2532 cula
371 2471 500 2532 istorum
516 2475 682 2552 malorum,
696 2475 841 2554 neganda
855 2479 901 2535 est
910 2472 1074 2546 absolutio,

286 2559 431 2638 quianon
443 2561 538 2622 hahet
552 2564 744 2642 propositum
755 2563 874 2624 vitandi
890 2581 981 2624 omne
996 2579 1077 2621 mor·

285 2648 358 2709 talc.
382 2651 411 2708 2.
436 2648 467 2710 81
490 2651 647 2727 sponsalia
664 2651 726 2712 sint
740 2651 831 2728 inita,
847 2650 1075 2724 rescindantur,

285 2735 354 2796 haec
375 2735 459 2795 enhn
479 2741 527 2797 est
546 2755 642 2798 causa
662 2739 835 2816 sufficiens,
858 2738 1008 2800 66666116
1032 2741 1079 2797 est

286 2823 371 2903 quod
384 2824 577 2886 acatholicus
599 2826 752 2905 spondeat
765 2827 941 2888 libertatem
955 2823 1078 2902 religio-

286 2912 345 2988 nis,
366 2911 416 2972 vcl
439 2913 675 2974 conversionem
696 2931 801 2993 suam,
826 2915 899 2995 quia
919 2914 1011 2974 fallax
1033 2915 1080 2972 est

286 2999 371 3080 quod
394 3017 484 3062 arnor
506 3007 680 3082 extorquet,
701 3004 726 3062 si
746 3021 808 3063 non
827 3001 986 3081 pracedat
1004 3017 1079 3061 con-

286 3088 388 3149 versio
408 3091 563 3151 actualis:
584 3097 694 3170 postca
708 3093 792 3154 enim
811 3092 893 3152 dicet
914 3109 947 3151 se
970 3093 1080 3149 contra

285 3177 509 3238 conscientiam
530 3197 623 3258 63666
644 3197 823 3260 66666666,
841 3183 872 3240 61
886 3175 1080 3258 experientia

1130 1432 1160 1493 q.
1185 1413 1219 1490 1,
1243 1433 1266 1472 6.
1294 1417 1321 1474 1.
1348 1417 1521 1489 11666166,
1547 1412 1573 1473 61
1598 1414 1725 1493 quisse
1750 1409 1925 1484 inebriant,

1131 1500 1226 1562 etiam
1241 1521 1278 1561 ex
1293 1501 1463 1576 intentione
1484 1501 1709 1576 contrahendi,
1728 1505 1762 1562 61
1781 1499 1815 1559 16
1832 1497 1928 1560 chric-
1982 1521 1983 1524 ¹

1131 1591 1195 1650 1616
1207 1589 1381 1665 contrahat,
1394 1589 1629 1650 matrimonium
1644 1593 1691 1650 est
1706 1587 1848 1662 irritum,
1861 1584 1927 1664 quic

1131 1677 1218 1739 deest
1233 1679 1363 1740 actualis
1381 1678 1508 1740 libertas
1519 1678 1746 1741 contrahentis.
1760 1676 1827 1738 Nec
1842 1674 1927 1736 616161

1131 1766 1215 1843 quod
1238 1767 1341 1827 valide
1365 1765 1570 1828 contrahatur
1587 1785 1645 1845 666
1666 1769 1925 1845 666666616666,

1131 1854 1273 1931 quamvis
1293 1855 1473 1934 principalis
1492 1860 1566 1916 tunc
1587 1854 1736 1928 dormiat,
1760 1852 1814 1912 vel
1829 1850 1927 1912 ebrius

1131 1940 1186 2014 sit;
1203 1961 1271 2004 nom
1286 1945 1416 2004 actualis
1430 1944 1558 2004 libertas
1573 1942 1759 2021 principalis
1774 1937 1929 2002 transfusa

1131 2031 1231 2091 estin
1255 2031 1410 2091 actualem
1433 2031 1611 2092 libertatem
1634 2029 1858 2110 procuratoris
1880 2041 1927 2086 ne
1980 2097 1984 2126 r

1130 2119 1214 2178 mine
1233 2119 1300 2199 ejus
1315 2119 1538 2196 contrahentis,
1555 2119 1646 2199 cujus
1659 2119 1743 2178 lihcr
1757 2131 1926 2178 consensus

1130 2211 1197 2268 tum
1212 2207 1329 2284 existit,
1351 2225 1423 2267 cum
1440 2207 1476 2268 tit
1493 2206 1754 2282 matrimonium,
1778 2211 1813 2266 61
1831 2221 1925 2264 mora·

1131 2295 1201 2356 liter
1229 2301 1276 2356 est
1303 2313 1473 2356 consensus
1500 2295 1547 2355 sni
1576 2293 1790 2374 principalis,
1821 2295 1924 2353 Avens.

1131 2403 1231 2444 6666.

1164 2403 1238 2549 161.
1265 2470 1344 2542 Quid
1368 2470 1558 2550 intelligatur
1581 2487 1639 2548 per
1659 2470 1726 2531 vim
1748 2474 1782 2531 et
1802 2471 1925 2543 metam,
1947 2465 1984 2512 ⁵⁸¹

1133 2577 1202 2638 qua
1226 2560 1402 2638 impediunt
1428 2560 1605 2620 libertatem
1633 2560 1805 2620 moralem.
1836 2561 1926 2631 1166,

1133 2649 1303 2729 quotuplex
1317 2647 1357 2707 sit
1369 2651 1483 2724 metus,
1500 2646 1564 2706 dixi
1580 2647 1602 2708 1.
1624 2651 1655 2726 3,
1670 2668 1705 2728 p.
1724 2651 1755 2724 Ξ,
1781 2667 1802 2708 6
1816 2667 1847 2708 6.
1862 2647 1925 2707 810.

1133 2742 1180 2800 An
1202 2742 1308 2799 antem
1329 2736 1487 2816 sponsalia
1508 2755 1545 2797 ex
1567 2737 1598 2798 vi
1617 2738 1667 2798 vel
1682 2742 1773 2798 metu
1788 2735 1868 2796 inita
1880 2751 1928 2793 va·

1132 2825 1234 2898 leant,
1257 2822 1321 2882 dixi
1343 2841 1362 2883 a
1382 2843 1413 2882 6.
1435 2825 1504 2884 tol.
1528 2822 1620 2884 Circa
1632 2821 1874 2884 Matrimonium
1887 2821 1928 2898 ip-

1133 2927 1213 2986 sum,
1234 2913 1355 2971 certum
1370 2913 1417 2971 est
1430 2909 1602 2970 Ecclesiam
1617 2911 1698 2970 velle
1717 2915 1756 2972 ut
1770 2911 1815 2971 sit
1827 2928 1847 2969 a
1859 2906 1888 2969 vi
1901 2911 1929 2966 61
1983 2919 1984 2946 ³

1133 3002 1219 3059 metu
1232 2998 1377 3073 liberum,
1394 3015 1469 3057 nam
1482 2989 1568 3058 vrit.
1584 3015 1650 3058 6666.
1667 3001 1717 3074 tl,
1734 3017 1762 3059 6.
1780 3001 1812 3060 9.
1830 3000 1874 3058 lle
1888 3013 1927 3054 re·

1133 3085 1225 3147 form.
1238 3091 1329 3146 matr.
1343 3086 1387 3146 sic
1401 3085 1526 3158 statuit;
1546 3085 1623 3146 Cum
1636 3086 1770 3148 66661666
1784 3083 1927 3163 cesariem

1133 3174 1173 3233 sit
1186 3173 1371 3234 Mutrz'rnonii
1385 3172 1544 3234 libertatem
1559 3172 1689 3241 6161666,
1706 3182 1735 3234 61
1749 3175 1795 3233 cis
1809 3169 1927 3254 injurius

286 3267 373 3326 certa
385 3265 635 3345 frequentissime
650 3269 741 3330 docet
755 3269 799 3330 ita
812 3268 890 3328 fieri.
908 3272 937 3330 3.
956 3265 987 3327 81
1004 3283 1078 3326 con·
1134 3262 1229 3330 66661,
1251 3283 1269 3322 6
1287 3261 1391 3344 quitus
1402 3261 1480 3342 jera
1493 3270 1687 3342 expectantur
1698 3283 1710 3330 ,·
1722 3261 1879 3342 praecipue
1894 3257 1925 3317 S.

285 3357 421 3412 tractum
441 3353 481 3415 sit
494 3356 745 3433 Matrimonium,
762 3357 899 3436 prudens
915 3353 1079 3416 confessa·
1135 3349 1273 3431 Synodcs
1293 3350 1437 3418 66661166,
1462 3349 1668 3431 cujuscumque
1687 3349 1820 3430 predas,
1837 3347 1927 3430 611661-

288 3441 352 3500 6166
374 3459 435 3502 666
455 3442 639 3523 1116666361
663 3445 890 3506 ahsolutionem
908 3442 1024 3503 dolenti
1040 3441 1079 3500 dc
1134 3439 1206 3498 totis
1228 3447 1255 3499 et
1277 3439 1455 3499 conditionis
1477 3437 1626 3504 66161661,
1655 3437 1710 3498 sub
1736 3435 1928 3499 comtemnite

288 3533 435 3607 peceato,
459 3531 543 3610 quod
564 3532 721 3593 commisit
740 3533 784 3594 616
806 3530 1031 3606 contrahendo,
1049 3532 1081 3587 ct
1132 3545 1238 3607 panc,
1263 3545 1350 3608 quum
1377 3526 1439 3606 1666
1460 3524 1541 3605 sacto
1569 3525 1749 3594 6116666661,
1777 3543 1815 3586 ne
1836 3523 1928 3607 queris

289 3624 419 3679 conetur
432 3618 585 3697 imprimis
600 3639 711 3681 cavere
727 3621 789 3682 alia
803 3621 943 3700 pericula
957 3623 1080 3698 666166-
1135 3613 1218 3674 modo
1246 3613 1420 3674 directanei
1447 3613 1586 3673 indirecte
1611 3612 1746 3674 sabditos
1776 3633 1860 3679 66666,
1888 3609 1928 3670 ccl

289 3706 385 3767 sionis
408 3707 439 3766 in
463 3707 517 3768 tali
545 3726 699 3787 persona,
729 3715 760 3770 61
783 3709 941 3788 prolibuS,
968 3707 1080 3768 deinde
1135 3722 1325 3785 parcarumque
1347 3701 1421 3762 61166
1438 3709 1560 3783 coquat,
1578 3702 1736 3783 quominus
1759 3701 1852 3762 litere
1868 3698 1927 3760 Mc-

290 3793 384 3858 atiam
406 3794 572 3874 conjugem
594 3797 728 3857 alterum
747 3797 903 3857 adducere
919 3795 958 3856 ad
973 3811 1081 3856 reram
1135 3791 1274 3852 16166616
1292 3789 1477 3851 contradunt.
1498 3790 1559 3852 Ubi
1573 3793 1662 3852 notat
1676 3790 1814 3852 Gallam.
1831 3789 1926 3850 66116-

289 3881 395 3942 fidem.
406 3885 437 3943 1.
450 3885 569 3944 Doccnt
583 3884 688 3962 plures
702 3901 774 3945 cum
785 3888 893 3946 Avens.
910 3905 940 3966 q.
954 3886 1002 3960 18,
1013 3903 1037 3944 6.
1049 3887 1079 3958 1,
1136 3881 1306 3942 claratione
1326 3883 1417 3958 areg.
1440 3881 1520 3954 lllll,
1539 3878 1598 3939 hac
1613 3880 1800 3958 66661616
1815 3883 1926 3940 666166·

289 3971 466 4031 Parochum
490 3975 522 4033 ct
542 3975 636 4033 testes
657 3988 800 4050 paccare,
821 3973 846 4033 si
868 3971 1014 4032 assistant
1028 3970 1081 4032 tali
1136 3971 1186 4032 tire
1205 3969 1295 4047 113661
1315 3969 1397 4028 solos
1415 3967 1559 4028 dominos
1577 3968 1794 4046 temporales,
1822 3973 1853 4028 61
1871 3967 1927 4027 Ma·

288 4059 498 4137 Matrimonio,
515 4061 643 4141 quando
656 4061 774 4138 illicite,
791 4061 822 4122 id
838 4065 895 4138 est,
912 4061 978 4121 sine
990 4059 1082 4140 justis
1136 4059 1294 4136 gistratus,
1320 4059 1458 4116 attamen
1481 4055 1620 4134 privatos
1643 4055 1794 4117 homines
1818 4057 1862 4116 ita
1883 4070 1926 4114 co-

289 4149 392 4208 causis
416 4148 1082 4229 66616611166,66166661116161666616161
1135 4151 1245 4225 366166
1268 4162 1398 4223 peccare
1421 4143 1612 4218 mortaliter,
1639 4147 1671 4205 ct
1693 4143 1734 4204 ab
1761 4139 1926 4206 Ordinariis

289 4241 384 4297 testes
397 4240 544 4298 tenentur
565 4255 627 4298 non
646 4237 808 4316 cooperari
828 4237 881 4298 tali
896 4236 1010 4298 illicite
1030 4253 1082 4295 ac·
1136 4253 1228 4314 posse
1250 4231 1524 4294 excommunicari.
1550 4231 1649 4292 Addit
1666 4231 1758 4293 Delb.
1783 4234 1829 4294 116
1847 4231 1924 4292 imni.

288 4323 367 4384 tioni
379 4343 386 4384 :
398 4324 449 4384 alii
465 4325 574 4385 dicunt
587 4343 655 4386 esse
669 4325 863 4386 materialem
877 4327 999 4385 tantum
1012 4339 1082 4383 coo·
1136 4321 1255 4382 Eccles.
1275 4341 1301 4381 6.
1323 4325 1352 4397 8,
1374 4320 1444 4382 dab.
1466 4323 1515 4396 19,
1535 4340 1559 4380 6.
1580 4323 1610 4396 a,
1632 4322 1737 4400 116366
1751 4325 1785 4383 61
1799 4323 1927 4398 Impera-

289 4411 501 4490 perationem,
522 4412 612 4474 sicuti
628 4414 653 4474 si
668 4413 832 4476 assistatur
845 4411 968 4473 duobus
984 4411 1097 4471 16666-Ἰ
1135 4414 1219 4469 16666
1243 4408 1339 4469 etiam
1360 4409 1432 4470 ideo
1456 4427 1589 4488 peecare
1611 4409 1811 4486 mortaliter,
1837 4406 1879 4468 uti
1901 4410 1927 4466 et

289 4500 370 4576 ticis,
396 4501 567 4561 seeundum
592 4503 678 4563 dicta
697 4503 718 4562 l.
742 4505 771 4578 1,
795 4521 824 4561 6.
841 4505 890 4576 oo,
914 4499 1081 4560 autetiam
1122 4501 1301 4575 parentes,
1327 4497 1352 4557 si
1376 4497 1480 4577 proles
1503 4501 1640 4576 663661,
1663 4497 1714 4558 vel
1740 4497 1923 4576 impediant,

291 4588 451 4650 catholicis
472 4589 503 4648 in
518 4589 642 4652 mortali
657 4589 914 4651 contrahentibus
932 4607 938 4648 :
955 4592 1083 4667 possent
1137 4590 1274 4647 attamen
1298 4605 1360 4648 non
1380 4587 1542 4647 incurrere
1562 4587 1923 4648 excommunicationem.

290 4676 375 4737 enim
390 4695 422 4737 66
437 4677 649 4740 convertendo
664 4679 766 4739 lacere
777 4679 837 4740 lala
848 4677 1082 4739 Matrimonium
1136 4691 1208 4734 cum
1231 4693 1294 4736 non
1318 4675 1528 4736 nominentur.
1554 4676 1579 4734 11
1603 4679 1714 4736 666166
1738 4679 1845 4737 tamen
1867 4690 1922 4732 nou

292 4765 421 4826 licitum.
1137 4761 1280 4823 obstante
1303 4762 1462 4825 voluntate
1486 4762 1649 4838 Ecclesiae,
1676 4767 1711 4824 ut
1734 4759 1923 4826 Matrimonia

226 4864 266 4908 511
334 4854 441 4929 (16661.
470 4858 519 4916 90.
545 4889 585 4900 -
617 4854 809 4928 Quandoanm
838 4853 962 4914 dirimat
987 4854 1030 4914 616
1056 4865 1083 4914 et
1137 4850 1199 4912 sint
1219 4851 1333 4927 libera,
1359 4851 1384 4912 si
1409 4870 1446 4911 cx
1470 4851 1575 4931 aliquo
1595 4851 1798 4912 Matrimonia
1817 4850 1924 4912 oritura

292 4950 411 5004 anetus?
438 4947 474 5004 R.
504 4943 545 5004 ad
569 4943 628 5004 lroc
648 4943 905 5022 impedimentum
925 4941 1083 5003 reducitur
1137 4942 1241 4999 essent
1258 4939 1443 5017 gravissima
1461 4939 1621 5014 scandala,
1643 4943 1749 5019 potest
1762 4939 1923 5018 Episcopus

293 5031 446 5114 quidquid
460 5029 592 5110 impedit
605 5031 780 5092 libertatem
799 5029 1012 5092 Matrimonii:
1037 5034 1084 5091 est
1137 5026 1212 5086 illud
1241 5026 1407 5104 prohibere
1435 5026 1494 5087 suh
1528 5025 1631 5106 poenis
1659 5027 1919 5106 quibuscamque,

292 5124 398 5183 autem
412 5120 527 5197 duplex
536 5119 663 5180 libertas
678 5119 718 5180 ad
733 5118 992 5193 contrahendum,
1005 5117 1082 5195 phy·
1138 5115 1231 5176 etiam
1259 5115 1482 5176 incarcerando
1517 5115 1730 5192 alterutrum,
1760 5116 1806 5177 uti
1838 5111 1922 5174 habet

293 5207 359 5270 sica
374 5211 404 5266 et
417 5207 555 5268 moralis.
578 5207 744 5286 Physicam
762 5206 938 5267 libertatem
954 5205 1084 5283 impedit
1137 5221 1209 5264 cum
1232 5203 1300 5264 aliis
1324 5203 1446 5282 Pignat.
1472 5213 1511 5262 tr.
1533 5207 1567 5280 1,
1587 5222 1665 5263 cons.
1688 5207 1737 5264 ll.
1759 5206 1809 5264 16
1827 5207 1920 5263 66166

295 5294 463 5354 necessitas
485 5295 598 5372 agendi
620 5296 668 5354 vel
693 5313 755 5355 non
778 5293 903 5374 agendi.
932 5293 1082 5354 Moralem
1138 5291 1255 5371 aliquid
1274 5293 1372 5371 possit
1392 5291 1592 5370 Magistratus
1612 5291 1711 5353 civilis
1731 5291 1816 5354 circa
1828 5285 1919 5352 Matri·

295 5381 481 5459 impeditvis
495 5389 527 5444 et
540 5387 641 5444 metus
658 5401 664 5443 :
682 5383 870 5462 quandoque
885 5381 980 5442 etiam
994 5383 1084 5442 dolus
1138 5381 1244 5440 monia
1258 5381 1405 5456 incunda,
1422 5380 1613 5442 insinuatum
1629 5385 1677 5441 cst
1690 5401 1709 5442 6
1723 5401 1755 5442 6.
1770 5375 1917 5442 1161513.

295 5466 361 5532 sive
376 5469 535 5548 deceptio,
560 5474 590 5531 et
604 5471 643 5530 de
659 5470 706 5538 lris
721 5469 825 5550 aliqua
840 5472 912 5530 sunt
926 5469 1081 5538 addenda,
1179 5469 1197 5545 §
1217 5471 1246 5536 3,
1272 5469 1469 5534 probabilius
1489 5473 1535 5531 est
1555 5469 1639 5554 quod
1658 5473 1764 5532 metus
1782 5468 1855 5531 levis
1868 5479 1919 5525 non
1940 5461 1971 5512 11
