4012 6354
324 529 391 602 ‘ato
647 521 676 592 'l'

364 721 442 773 Veste
462 714 581 784 duplicia
604 715 631 766 et
653 709 843 776 semidupliole
865 707 1004 770 tmnslele,
1027 703 1121 772 preele-

333 791 418 844 rende
431 793 497 842 sunt
510 786 603 840 016616
621 787 648 838 S.
662 783 802 836 Benedicti
823 782 905 833 semel
920 781 949 832 in
968 776 1120 830 hebomada

336 875 472 923 concesso,
494 860 525 911 1).
553 860 608 910 661.
641 856 750 908 Festum
781 854 886 905 bebeus
924 854 1063 910 06666666,
1096 846 1119 897 61

331 932 518 994 transferatur,
535 929 601 995 quid
615 927 673 980 6661
687 928 794 978 debeat.
809 921 869 977 116.
888 924 988 975 Octauo.
1006 921 1034 972 si
1054 918 1120 968 leste

329 1005 423 1056 cadem
434 1003 480 1055 dis
494 1003 646 1062 occurrent,
661 999 728 1062 6616
743 997 800 1048 6661
820 996 926 1046 6616666.
948 993 981 1046 V.
1006 994 1120 1042 comme·

327 1073 480 1124 66666616666
493 1071 520 1122 in
533 1069 609 1122 lieris
624 1071 649 1118 st
658 1069 745 1119 161666.
760 1065 899 1118 'translato
913 1063 991 1124 testo,
1007 1059 1119 1112 ordina·

327 1143 368 1195 rle
382 1155 439 1196 non
453 1140 602 1195 tranfertur
614 1137 793 1202 indulgentia,
809 1136 840 1186 ll.
855 1135 910 1186 696.

433 1289 667 1345 measrosfflo
682 1285 861 1341 1666061111
876 1283 910 1336 lrl
927 1281 1017 1334 FOMd

614 1367 829 1422 SAGRAMENTl.

355 1473 540 1544 receperitis
563 1475 708 1526 verborum
733 1471 764 1521 in
787 1469 872 1521 torma
894 1467 1073 1530 sacramenti,
1094 1468 1117 1518 si

324 1562 434 1604 sensnm
451 1559 507 1598 non
522 1547 617 1609 mutet,
632 1556 687 1596 non
702 1538 962 1593 16661166616666666
976 1535 1076 1603 61661.
1093 1537 1119 1598 6,

324 1634 351 1688 p.
369 1618 397 1683 1,
410 1631 438 1671 6.
455 1619 494 1671 61.

585 1739 850 1795 TREBELleNlGd.

355 1845 643 1904 Per'l'robellianicsm
657 1843 821 1908 intelligitur
840 1843 869 1893 in
892 1838 1006 1892 materia
1032 1839 1115 1888 66666-

323 1923 477 1972 mentorum
488 1921 583 1983 666666
598 1916 814 1982 parabonerum,
830 1925 890 1976 quse
912 1907 1015 1962 haeredi
1039 1907 1118 1958 lidel-

323 1988 508 2042 commissario
522 1986 662 2050 competit,
673 1987 691 2036 l.
702 1987 727 2048 6,
742 1999 767 2050 p.
782 1985 807 2045 t,
823 1985 931 2035 61111.

354 2055 817 2124 ’1611661661666666666666616666
832 2053 863 2108 V.
875 2051 1053 2118 Conferamus
1070 2047 1118 2100 do·

326 2132 403 2184 661616
416 2129 539 2184 taicum

631 2249 807 2308 cerebrosa.

353 2360 468 2412 'l'rlbuta
483 2360 596 2424 6116666
611 2359 796 2424 imponantur,
811 2353 893 2408 debet
913 2367 971 2408 esse
995 2351 1114 2406 6666661-

329 2434 372 2482 666
387 2433 415 2484 66
429 2431 632 2497 proportionare
648 2429 682 2480 ad
697 2429 772 2480 illam
787 2428 869 2492 exigi,
884 2425 902 2478 l.
917 2428 942 2489 6,
951 2441 977 2491 p.
989 2428 1012 2488 1,
1022 2437 1049 2475 n.
1059 2423 1113 2474 166.

323 2501 353 2553 ln
376 2501 472 2563 dnbio,
499 2501 613 2552 ausint
640 2502 723 2565 lusto,
748 2500 770 2549 si
794 2500 899 2550 constet
922 2497 955 2549 66
981 2497 1114 2561 potestate

324 2570 486 2637 imponendi
500 2570 601 2622 tribute
617 2572 645 2621 ct
654 2570 689 2620 sit
702 2570 817 2621 dubium
832 2569 1000 2632 negativum,
1010 2564 1113 2617 censeri

321 2641 424 2692 debent
434 2643 508 2705 lustu
522 2659 532 2693 r
546 2641 569 2691 si
584 2638 699 2692 dubium
717 2641 752 2690 sit
766 2639 926 2703 positivum,
943 2635 1114 2703 probabilius

321 2711 406 2762 etiam
420 2712 523 2764 censeri
549 2711 651 2762 debent
673 2710 746 2773 juste
769 2712 797 2760 et
820 2709 899 2770 solvi,
923 2707 1031 2760 etiamsi
1054 2709 1113 2756 tum

321 2791 429 2846 quoque
442 2779 592 2842 dubitetur,
613 2792 649 2830 en
663 2779 791 2843 Princeps
808 2777 852 2828 rel
867 2779 1039 2842 Magistratus
1065 2774 1113 2825 illa

320 2849 366 2901 bic
381 2853 409 2902 et
423 2863 496 2903 nunc
516 2851 655 2915 imponere
678 2849 802 2913 possita
822 2863 850 2900 n.
874 2849 928 2900 211.
953 2849 988 2900 us
1010 2859 1113 2899 norum

319 2921 454 2972 tributum
469 2921 596 2984 Princeps
609 2919 654 2971 rel
668 2919 840 2983 Magistratus
857 2918 996 2982 imponere
1015 2915 1112 2982 possit,

312 2990 402 3042 ⁴debet
415 2991 456 3041 illi
470 3004 528 3043 esse
542 2990 724 3055 probabilius,
738 2989 811 3054 quod
830 2991 865 3042 sit
878 2991 993 3055 lustum,
1008 3002 1037 3040 n.
1052 2989 1110 3046 119.

320 3061 392 3122 0616
401 3075 450 3126 per
462 3073 523 3113 eam
537 3061 713 3126 intelligetur,
728 3075 744 3112 6
758 3062 859 3126 quibus
875 3063 903 3111 at
926 3060 1037 3124 quando
1060 3057 1111 3110 sol·

319 3131 419 3197 rende,
434 3131 625 3198 quibuersbus
639 3131 815 3197 imponenda,
828 3133 891 3195 666,
902 3129 935 3184 V.
952 3128 1064 3182 666666.

597 3279 831 3332 161966116661.
895 3321 898 3329 .

310 3379 314 3388 ’
349 3381 538 3438 tridentinum
565 3383 637 3436 circa
663 3383 836 3436 Matrimonia
862 3382 1033 3436 clandestine
1054 3397 1110 3436 nou

217 3513 220 3520 ,
319 3456 574 3520 estpnbicatumin
589 3455 717 3506 1111666616
732 3459 760 3506 66
784 3456 874 3508 Sectis
893 3473 900 3507 6
920 3456 984 3508 item
1009 3455 1058 3506 666
1081 3457 1110 3508 16

318 3527 536 3588 succlamante,
552 3527 720 3591 Pomerania,
739 3525 857 3588 Pruesia,
873 3527 991 3578 Saxonis
1015 3527 1112 3579 6616·

317 3596 386 3662 glis,
402 3597 468 3649 item
484 3610 534 3650 666
549 3597 578 3646 16
592 3597 715 3658 Polouca,
732 3597 804 3661 6666
827 3599 918 3648 temen
941 3595 1027 3662 aliqui
1050 3602 1111 3647 ten·

309 3671 376 3726 ,tum
388 3665 422 3718 de
436 3666 603 3731 quibusdem
617 3667 735 3718 Polonice
749 3666 817 3719 locis
830 3668 988 3729 admittunt,
1013 3672 1074 3730 666,
1090 3667 1110 3719 E

318 3739 412 3788 contra
427 3735 622 3799 inllollsndiu,
640 3735 779 3796 zelandia,
801 3737 886 3788 Frisla
910 3741 937 3788 et
956 3737 1019 3788 aliis
1042 3737 1109 3788 locis

318 3806 509 3858 contenderetis
526 3809 566 3858 est
580 3807 791 3872 promulgetume
817 3808 883 3858 item
906 3808 935 3858 in
958 3805 1108 3871 liungerie,

284 3893 287 3900 ·
318 3877 424 3941 silesiae
438 3876 605 3944 probabilius
618 3877 701 3929 etiem
715 3877 881 3940 intraneis,
896 3879 957 3941 666,
976 3878 993 3928 l.
1008 3878 1032 3941 6,
1044 3891 1070 3942 p.
1082 3878 1106 3940 ³,

317 3962 345 4002 6.
355 3951 413 4014 tit,
428 3949 482 4002 161.
497 3949 530 4002 V.
544 3949 689 4002 Decretum.

522 4113 713 4168 malaeus
730 4113 911 4167 rossassm.

347 4209 498 4263 triennalis
511 4213 644 4278 possessio
654 4211 766 4276 pacisce
775 4211 903 4264 Bcuedcii
914 4210 957 4263 rel
967 4211 1106 4263 1666666666

306 4280 392 4334 Δ661116
407 4285 567 4347 potestatem
581 4282 727 4347 superillis
741 4295 922 4347 possessorem
932 4281 1105 4345 rudimundi,

318 4349 524 4417 impetrationes
534 4353 669 4418 quaslibet
682 4355 775 4404 contre
790 4352 868 4403 illum
885 4353 975 4404 irritat
1004 4353 1106 4406 litorei

317 4417 406 4465 metes
419 4416 634 4479 extinguitteto,
650 4420 728 4477 6666,
744 4415 761 4465 l.
776 4417 802 4477 1,
815 4427 832 4466 6
845 4427 872 4466 6.
885 4416 940 4468 669.
953 4391 1027 4468 idem
1041 4415 1106 4466 lacit

318 4486 456 4549 possessio
470 4486 613 4536 triennalis
631 4484 804 4537 commender
829 4490 976 4550 perpetus,
1001 4485 1105 4546 616616·

305 4567 378 4607 ¹rum
393 4554 648 4618 acelesnsticorum,
671 4559 733 4619 666,
746 4570 773 4608 n.
788 4557 843 4608 691.
864 4557 900 4608 116
923 4558 1006 4609 ctiam
1026 4558 1107 4621 Juvat

315 4629 411 4676 contra
429 4625 561 4677 llinorcm
580 4630 607 4678 et
621 4627 800 4691 impuberem
820 4631 915 4678 contre
937 4629 1106 4692 provisums

316 4695 388 4758 Papa
401 4694 435 4745 ds
449 4695 583 4746 66666616
597 4697 681 4747 etiam
699 4702 846 4760 reservato,
870 4698 893 4749 si
915 4699 1036 4763 excipies
1058 4711 1107 4762 per

316 4763 412 4814 obium
429 4765 457 4815 iu
472 4765 561 4819 curie.
579 4770 631 4818 etc.
646 4769 712 4818 item
723 4769 977 4834 Juvatssccularem,
988 4771 1012 4820 si
1023 4770 1105 4821 trien-

315 4834 364 4883 nio
382 4835 530 4900 possederit
546 4837 711 4888 Beneficium
730 4839 853 4902 regulere
872 4843 900 4890 et
917 4840 1058 4904 Regulare,
1082 4840 1105 4890 si

315 4903 452 4964 6666661666,
469 4909 532 4968 666,
547 4919 563 4956 6
578 4920 604 4958 6.
624 4909 678 4959 691.
694 4909 728 4960 lJt
747 4909 809 4973 quis
828 4910 941 4973 juretur
962 4911 1105 4976 privilegio

314 4973 424 5036 lleguloe
435 4974 584 5037 triennali,
598 4976 675 5040 plura
689 4978 876 5040 requiruntur,
888 4993 914 5029 r.
931 4993 957 5043 g.
978 4978 1107 5031 habilitas

314 5055 446 5108 personae,
460 5045 531 5096 bona
539 5045 616 5100 6666.
628 5047 760 5110 possessio
772 5047 893 5111 pacifice,
905 5049 1001 5100 titulus
1010 5049 1107 5100 saltem

318 5113 462 5178 coloratus,
480 5119 509 5166 ut
524 5129 580 5168 non
591 5115 744 5167 habeantur
756 5117 834 5182 plura
847 5121 981 5172 Bencdcie
1001 5121 1105 5172 incom-

316 5183 452 5247 patibilia,
468 5187 531 5248 666,
551 5199 610 5237 en.
629 5185 787 5237 6961161666
806 5189 984 5252 probabiliter
1003 5191 1107 5244 confert

314 5252 463 5306 tilnlnmet
482 5261 572 5309 tutum
593 5255 683 5309 reddit
704 5257 921 5323 inconsclentia,
943 5263 1106 5323 6116061

315 5327 445 5386 praeterea
461 5328 727 5396 saturenturstqui
741 5340 797 5380 uon
820 5332 880 5395 666,
902 5331 934 5387 V.
955 5331 1051 5399 liegelc
1075 5333 1107 5386 ds

314 5392 445 5462 66666.

982 513 1102 586 1661111
1126 503 1298 582 mamm.
1626 505 1654 580 l‘

1500 699 1674 753 ralsrrrtr.

1206 798 1325 851 Tristitia
1340 796 1374 850 de
1394 797 1469 850 bono
1486 797 1607 859 alterius,
1629 799 1658 848 in
1672 797 1810 862 quantum
1824 805 1909 846 exeo
1925 788 1978 844 ali·

1175 869 1237 934 quis
1247 869 1300 920 eibi
1316 867 1436 920 66161116
1452 869 1531 920 timet
1544 869 1685 930 damnum,
1700 881 1756 918 non
1770 869 1811 918 est
1825 879 1874 931 per
1889 878 1923 915 se
1935 862 1977 914 lo-

1175 939 1283 1002 quendo
1305 943 1447 1002 peccatum
1467 939 1521 990 nisi
1540 940 1576 989 sil
1595 939 1763 999 inordinate,
1784 935 1802 987 l.
1822 937 1848 998 6,
1862 949 1894 986 6.
1918 935 1978 984 666.

1174 1011 1213 1061 Ex
1227 1023 1260 1060 eo
1281 1011 1351 1068 orta,
1376 1009 1449 1072 6666
1471 1009 1551 1060 nobie
1573 1009 1645 1060 desit
1664 1009 1780 1068 bonnm,
1804 1006 1879 1071 quod
1906 1004 1980 1055 alter

1173 1079 1257 1130 babet
1267 1080 1289 1130 si
1302 1079 1338 1128 sit
1351 1079 1455 1130 bonum
1470 1078 1627 1141 honestum,
1642 1079 1716 1144 6666
1730 1077 1810 1128 611661
1821 1089 1878 1126 non
1906 1075 1979 1124 invi·

1172 1149 1279 1210 demus,
1294 1152 1336 1198 est
1346 1148 1521 1210 laudabilius,
1537 1150 1560 1199 si
1572 1153 1663 1202 aulem
1679 1148 1796 1199 sitcirce
1807 1145 1978 1210 temporalis

1173 1220 1218 1270 vel
1231 1219 1310 1270 nobis
1322 1219 1575 1284 improportionets,
1589 1220 1725 1271 interdum
1741 1217 1926 1278 6666661616,
1940 1217 1977 1270 ib.

1173 1289 1237 1341 Orte
1251 1303 1285 1340 ex
1301 1290 1374 1340 bono
1385 1289 1508 1350 alterins,
1519 1290 1548 1339 in
1562 1293 1696 1354 quantum
1711 1288 1781 1339 alter
1795 1288 1842 1338 illo
1863 1291 1915 1338 666
1938 1287 1978 1338 in·

1172 1358 1355 1422 dignus,noa
1369 1361 1411 1410 est
1428 1362 1578 1422 peccatum,
1602 1359 1655 1410 erit
1678 1363 1772 1410 6666666
1794 1359 1928 1418 mortale,
1955 1358 1977 1408 61

1172 1427 1216 1480 661
1230 1430 1277 1480 [661
1293 1429 1496 1494 providentiam
1509 1430 1570 1494 quis
1584 1433 1696 1494 arguet,
1713 1429 1755 1480 vel
1766 1431 1789 1480 si
1805 1430 1841 1480 ite
1855 1429 1975 1492 6166161,

1172 1501 1203 1550 66
1216 1498 1341 1551 homines
1352 1500 1436 1551 ducet
1445 1500 1480 1551 ad
1491 1499 1593 1551 malum
1612 1500 1787 1559 imitandum,
1801 1497 1839 1549 ib.
1853 1499 1930 1550 0666
1945 1511 1976 1548 er

1172 1582 1214 1631 eo,
1226 1570 1299 1633 6666
1309 1568 1379 1620 alter
1388 1570 1440 1622 sibi
1455 1569 1571 1634 equalis
1585 1570 1628 1620 661
1642 1582 1699 1620 666
1713 1569 1831 1620 multum
1847 1569 1976 1632 inequa-

1172 1638 1208 1691 lls
1220 1639 1249 1690 in
1263 1640 1424 1692 excellentie
1437 1643 1539 1692 crescet
1554 1643 1581 1692 66
1594 1654 1623 1692 66
1637 1640 1685 1691 666
1702 1641 1829 1704 superior
1838 1643 1869 1691 66
1885 1640 1975 1690 incre·

1172 1714 1295 1762 mentum
1320 1711 1487 1763 excellentia
1507 1712 1696 1776 apprehendat
1724 1715 1757 1762 nt
1777 1709 1829 1761 sibi
1852 1711 1973 1773 malurn,

1172 1783 1213 1831 eat
1227 1781 1332 1832 invidia
1342 1785 1369 1832 66
1384 1783 1580 1846 peccaminosa,
1599 1784 1653 1833 nisi
1669 1783 1806 1833 motivum
1828 1782 1929 1834 dolon'
1951 1787 1975 1836 u

1172 1852 1308 1916 objectum
1333 1851 1513 1918 displicentia
1535 1853 1570 1902 sit
1594 1852 1685 1904 solum
1710 1864 1791 1903 suum
1813 1851 1974 1912 6666166666

1172 1935 1200 1973 n.
1212 1924 1267 1974 966.
1282 1923 1404 1974 tristitia
1426 1924 1584 1974 mercatoris
1598 1929 1657 1974 orta
1675 1935 1709 1974 ex
1724 1936 1766 1984 eo,
1787 1921 1866 1986 quod
1885 1922 1974 1974 bomi-

1172 2007 1220 2045 nes
1234 2007 1290 2045 non
1307 1995 1399 2059 potius
1414 1995 1487 2058 apud
1503 2009 1542 2059 se,
1556 2007 1638 2059 66666
1653 1995 1740 2047 alium
1759 1997 1863 2056 emant,
1882 1997 1929 2045 666
1942 1994 1973 2045 11·

1172 2065 1234 2126 6166,
1249 2065 1304 2116 6161
1319 2065 1412 2117 doleat
1425 2067 1489 2130 qula
1503 2067 1606 2118 bocast
1618 2067 1721 2117 bonum
1737 2065 1921 2129 alteri,t1uod
1937 2069 1973 2116 est

1172 2134 1300 2186 illicitum
1320 2138 1348 2187 et
1364 2137 1594 2200 peccaminosum,
1619 2149 1646 2186 n.
1666 2137 1721 2186 966.
1746 2137 1785 2188 Ex
1803 2135 1927 2186 tristitia
1948 2136 1972 2185 in

1175 2205 1299 2256 adversis
1310 2206 1378 2268 suls,
1394 2205 1488 2258 veleb
1505 2206 1622 2258 eliorum
1632 2206 1851 2271 prosperitatem,
1872 2209 1972 2268 optans

1171 2287 1198 2326 ee
1213 2287 1268 2327 non
1282 2275 1363 2328 tuisse
1380 2280 1486 2339 nalum,
1502 2277 1667 2328 maledicens
1680 2275 1749 2338 diei,
1760 2278 1789 2326 in
1805 2289 1863 2340 666
1877 2281 1968 2338 natus,

1169 2347 1231 2402 etc..
1246 2347 1267 2396 si
1281 2350 1388 2398 tentum
1403 2347 1526 2398 intendet
1540 2347 1702 2398 maledicere
1716 2347 1784 2409 diei,
1800 2351 1867 2408 666,
1890 2347 1969 2397 vide·

1169 2422 1216 2470 tur
1228 2431 1285 2470 esee
1302 2421 1410 2469 tantum
1419 2418 1535 2478 6661616,
1550 2417 1930 2483 aliquandoctiemnnllum.
1944 2417 1970 2468 Si

1169 2494 1261 2541 eutem
1276 2488 1401 2542 intendat
1414 2493 1507 2554 optare
1524 2488 1626 2540 melum
1640 2489 1760 2551 homiui,
1774 2488 1821 2538 rel
1833 2488 1905 2550 sibi,
1930 2485 1969 2537 rel

1168 2561 1258 2622 elteri,
1268 2564 1329 2623 666,
1345 2564 1388 2612 666
1399 2561 1523 2624 mortale,
1539 2573 1566 2610 n.
1578 2560 1633 2610 666.
1646 2559 1770 2612 'l'ristilia
1784 2557 1820 2610 ds
1832 2559 1895 2610 rita
1908 2558 1969 2609 alle

1169 2631 1232 2682 rius.
1248 2631 1279 2683 V.
1295 2633 1372 2684 Mors.

1429 2775 1445 2790 2
1499 2733 1626 2786 11111111.

1198 2813 1296 2880 Turpia
1311 2809 1338 2865 66
1351 2812 1386 2865 66
1406 2811 1549 2864 libidinem
1566 2811 1747 2878 provocantia
1766 2809 1966 2873 describentes,

1167 2887 1392 2949 repraesentantes
1407 2885 1451 2935 rel
1472 2885 1617 2950 pingentes
1634 2887 1750 2950 peccant
1762 2885 1898 2951 grauiter,
1913 2885 1965 2944 ts,

1167 2954 1383 3088 ῃ’1261161166666
1398 3021 1431 3074 V.
1447 3021 1568 3074 6666666.

1196 3092 1292 3144 'tutela
1307 3093 1454 3158 inculpate.
1469 3093 1500 3146 V.
1516 3087 1666 3144 liomicsiis'o.

1419 3237 1424 3252 ⁸
1507 3221 1621 3273 turos.

1196 3313 1282 3367 'lutor
1303 3311 1424 3367 6166666
1447 3313 1585 3376 durature,
1600 3313 1675 3379 qnod
1699 3313 1746 3364 ille
1770 3315 1866 3366 solnm
1887 3313 1962 3366 66166

1166 3385 1362 3452 impuberibus,
1372 3385 1455 3437 etism
1471 3385 1565 3437 invitis
1574 3389 1601 3436 et
1614 3385 1809 3449 principaliter
1819 3385 1906 3437 linter
1918 3386 1960 3434 66·

1165 3459 1210 3507 666
1223 3457 1355 3521 personis,
1369 3458 1401 3505 ut
1420 3459 1497 3506 curet
1515 3469 1609 3506 earum
1629 3456 1825 3506 educationem
1840 3459 1871 3506 et
1887 3453 1959 3505 insti·

1164 3526 1316 3586 tutionem;
1333 3523 1494 3576 secundario
1516 3538 1582 3574 sero
1605 3524 1686 3575 datur
1704 3523 1789 3574 etiem
1805 3525 1889 3575 bonls
1904 3523 1957 3574 ilh-

1164 3609 1234 3648 rnm.
1250 3596 1364 3646 (1666666
1377 3607 1442 3646 vero
1460 3594 1541 3646 detur
1559 3595 1711 3645 Minoribus
1729 3598 1794 3659 post
1811 3607 1904 3646 annos
1915 3606 1955 3643 66·

1163 3665 1249 3731 pictos
1263 3665 1418 3731 pubertatis
1432 3677 1517 3730 66666
1531 3665 1566 3716 66
1583 3667 1613 3715 st
1630 3663 1816 3730 «completum,
1833 3663 1954 3726 666,11,
2001 3665 2002 3670 ’

1163 3751 1189 3802 p.
1204 3740 1229 3798 6,
1243 3750 1270 3788 u.
1287 3739 1358 3788 1111.
1375 3739 1489 3789 Tutores
1502 3737 1559 3786 sive
1574 3737 1629 3786 sint
1642 3735 1858 3797 testamentarii,
1870 3736 1899 3786 id
1910 3737 1953 3792 661,
1999 3737 2001 3800 l

1163 3807 1250 3859 relicti
1265 3821 1298 3858 er
1312 3809 1477 3857 testamento
1492 3809 1540 3856 eut
1559 3804 1686 3857 codicillo
1705 3806 1794 3869 patris
1809 3824 1816 3857 r
1831 3807 1892 3856 sire
1907 3805 1955 3854 sim
1998 3807 2000 3892 l

1162 3878 1258 3939 dativi,
1281 3878 1310 3929 id
1334 3881 1385 3936 est,
1407 3877 1584 3928 constitutia
1605 3876 1702 3927 iudice
1724 3875 1769 3926 rel
1786 3876 1954 3940 llagistretnc

1162 3949 1220 3999 6166
1234 3949 1289 3999 6166
1303 3946 1430 4012 legitimi,
1447 3945 1473 3996 id
1487 3949 1563 4008 est,a
1578 3948 1636 4010 lege
1653 3947 1815 4010 prescripti,
1830 3951 1955 3997 teneatur

1162 4017 1235 4068 idem
1256 4018 1357 4082 iurare,
1380 4016 1453 4082 quod
1477 4015 1628 4079 Curatores,
1645 4017 1681 4066 ib.
1702 4017 1731 4068 Si
1749 4015 1872 4067 ddeliter
1888 4017 1954 4068 boue

1161 4087 1412 4140 administraverint
1424 4087 1541 4139 debetur
1558 4089 1599 4138 eis
1617 4089 1771 4153 premium,
1788 4087 1825 4139 ib.
1843 4089 1874 4140 Si
1888 4087 1953 4138 oni·

1162 4159 1247 4210 serint
1260 4157 1404 4222 negotiari,
1419 4170 1481 4207 cum
1495 4160 1663 4220 tenerentur,
1679 4162 1795 4222 possum
1808 4157 1909 4222 pupilli
1921 4155 1953 4207 61

1161 4231 1201 4280 616
1215 4230 1338 4293 accipere
1351 4229 1365 4279 6
1380 4241 1428 4292 pro
1442 4229 1496 4290 166,
1512 4227 1550 4279 ib.
1565 4229 1597 4282 V.
1613 4227 1727 4288 0666666,
1741 4227 1865 4280 eustoc.

1190 4298 1257 4350 'luta
1271 4298 1314 4349 vel
1328 4297 1414 4350 tutior
1427 4298 1530 4362 opinio.
1545 4297 1578 4352 V.
1595 4298 1694 4363 Optato.

1190 4368 1393 4436 typographus.
1407 4369 1439 4422 V.
1455 4369 1587 4420 dicatorum
1600 4367 1749 4422 6666666616.

1540 4515 1574 4570 V.

1287 4679 1292 4688 .
1350 4636 1759 4692 66666606666666666661.

1190 4739 1301 4792 Vscstio
1323 4741 1529 4794 Beneficiorum.
1549 4743 1580 4795 V.
1596 4743 1756 4808 6666161666.
1776 4739 1882 4797 Verane
1902 4741 1949 4796 16·

1160 4825 1210 4876 pse,
1227 4813 1251 4862 si
1267 4814 1337 4863 intra
1351 4813 1487 4864 trimestre
1501 4827 1517 4866 a
1531 4814 1575 4864 die
1590 4817 1662 4864 6666
1677 4816 1831 4868 vacationis
1853 4817 1879 4866 in
1893 4815 1949 4866 1666

1150 4881 1287 4932 ’66666611
1302 4896 1358 4933 666
1372 4884 1526 4934 6661666666
1538 4887 1587 4935 666
1599 4885 1748 4949 apostolice
1763 4887 1887 4950 provisus
1899 4897 1948 4950 pe·

1159 4951 1287 5015 blicetur,
1302 4955 1464 5006 ordinarius
1479 4953 1547 5006 illud
1561 4955 1684 5007 conterre
1706 4960 1803 5020 potest,
1818 4953 1911 5019 6661.
1925 4953 1947 5016 1.

1159 5035 1187 5074 6.
1202 5024 1257 5076 tlt.

1190 5195 1282 5262 Vagus
1295 5196 1407 5261 dicitur,
1427 5200 1474 5263 661
1491 5204 1591 5252 certam
1615 5201 1644 5251 66
1666 5203 1839 5252 constantem
1860 5195 1946 5252 nen

1159 5263 1339 5318 habitationis
1353 5267 1451 5320 nullibi
1471 5268 1567 5330 babet;
1585 5269 1662 5329 item,
1677 5271 1725 5335 661
1745 5274 1805 5335 poet
1827 5267 1944 5321 66116661

1160 5349 1271 5401 corpore
1293 5341 1323 5390 et
1342 5340 1435 5390 animo
1455 5340 1602 5404 pristinum
1621 5339 1793 5394 domicilium
1810 5343 1861 5393 iter
1872 5339 1943 5400 hd.

1160 5409 1357 5472 6666666661
1373 5409 1544 5464 domicilium
1560 5410 1638 5476 agel,
1654 5425 1713 5466 nou
1734 5417 1825 5466 166666
1837 5411 1881 5464 ille
1898 5407 1941 5476 61·
