3974 6348
662 513 996 610 uunsrnmorro.
1617 555 1656 614 m

57 739 159 802 dubitari
179 757 233 802 non
257 739 370 812 debet;
396 737 552 800 secundus
567 739 746 798 contractus
761 739 808 798 est
863 735 946 796 dicia
954 735 1335 817 sufficientiababeantur,
1344 741 1510 802 excusatur
1521 739 1653 816 nubens,

56 829 173 908 depretia
185 829 264 892 mille
280 827 500 908 imperialium,
523 827 575 906 qui
590 845 647 905 per
660 824 807 886 accidens
862 844 963 904 neque
974 845 1011 887 err
1027 827 1122 889 dubio
1137 828 1377 907 superveniente
1395 848 1435 889 an
1457 829 1543 908 prior
1556 829 1652 906 vivat,

55 917 224 999 estadjeetus,
249 918 290 979 de
313 918 374 979 boc
394 917 460 978 solo
475 919 523 977 est
545 913 687 994 quaestio,
704 931 806 993 neque
861 913 976 975 debent
1003 917 1156 994 separari,
1184 936 1259 998 cum
1278 918 1358 980 forte
1385 917 1482 994 vivat,
1512 918 1654 997 adeoque

54 1003 82 1064 dc
96 1003 226 1084 ejusmodi
248 1008 413 1068 contractu
443 1003 537 1064 debet
562 1001 697 1082 judicari
722 1001 806 1062 idem
861 1003 1092 1064 Matrimonium
1107 1005 1308 1068 sitralidum.

53 1092 116 1170 qued
133 1093 166 1152 de
185 1094 392 1170 Matrimonia,
416 1092 460 1154 uti
475 1109 584 1152 omnes
601 1093 712 1152 notant
733 1108 805 1150 cum
901 1113 915 1148 u
942 1092 979 1152 ll.
997 1091 1028 1154 Si
1044 1112 1082 1153 cx
1100 1093 1285 1174 conjugibus
1301 1094 1478 1155 infidelibus
1499 1095 1597 1156 altero
1613 1095 1653 1156 ad

53 1179 139 1242 Sanch.
152 1180 197 1242 111.
211 1187 239 1259 c,
256 1183 287 1245 d.
306 1186 354 1259 18,
370 1202 450 1244 num.
468 1184 523 1254 183
540 1182 624 1241 Less.
651 1178 686 1240 de
701 1178 803 1260 justit.
859 1179 955 1239 fidem
969 1198 1131 1258 convorso,
1148 1183 1227 1244 alter
1241 1188 1367 1244 maneat
1382 1183 1515 1244 infidelis
1531 1182 1654 1262 (saltem

52 1268 89 1330 111.
101 1276 125 1345 2,
137 1289 194 1352 cop.
210 1275 256 1348 ll,
274 1293 356 1334 nam.
373 1274 422 1334 29.
438 1273 547 1351 ltaque
561 1268 715 1348 imprimis
729 1269 804 1345 puto
859 1267 917 1328 nisi
933 1267 1061 1347 pacifice
1080 1270 1260 1332 cohabitare
1281 1272 1355 1332 uelit
1376 1271 1442 1332 siue
1464 1270 1654 1332 contumelia

51 1356 176 1420 drudam
184 1359 207 1421 si
221 1360 413 1440 praesciverit
425 1357 653 1420 inhabilitatem
663 1373 753 1417 suam
764 1356 804 1416 ad
859 1355 1012 1416 Creatoris
1025 1356 1046 1435 ;)
1069 1357 1163 1438 idque
1179 1378 1216 1418 ex
1231 1359 1464 1438 dispensatione
1486 1359 1604 1437 divina,
1621 1360 1652 1420 in

52 1446 206 1525 laqueatam
228 1451 387 1530 copulam,
411 1447 603 1510 commisisse
627 1444 745 1521 dolum,
763 1445 804 1507 ob
859 1440 999 1503 faverem
1020 1444 1106 1522 fidei,
1124 1451 1158 1508 ut
1179 1450 1265 1525 patet
1286 1465 1324 1506 ex
1349 1450 1377 1506 1.
1401 1448 1471 1507 Cor.
1488 1451 1518 1524 7,
1544 1466 1574 1508 v.
1601 1450 1649 1524 15,

51 1543 292 1613 quemcontractus
299 1535 621 1600 manetrescindibilis
631 1534 805 1595 seeundum
859 1531 953 1590 Pcrez
967 1530 997 1592 d.
1014 1535 1064 1609 26,
1080 1542 1146 1596 sect.
1162 1540 1192 1612 4,
1209 1545 1263 1596 etc.
1280 1535 1481 1596 communiter.

51 1623 177 1686 arbitrium
189 1627 261 1704 Gaii,
275 1633 330 1689 aut
339 1626 450 1688 saltem
460 1623 638 1686 reduoibilis
649 1622 690 1684 ad
699 1641 803 1703 aequa-
897 1641 911 1677 u
938 1622 990 1682 lll.
1007 1622 1038 1682 Si
1054 1627 1126 1684 ante
1141 1624 1331 1686 llatrImonii
1349 1625 1652 1686 consummationem

50 1709 147 1790 taen,
160 1719 191 1774 ut
204 1714 321 1778 babent
334 1717 486 1777 ductores
496 1729 605 1774 omncs
615 1709 802 1773 communis·
858 1707 910 1788 (ad
935 1727 1030 1788 quam
1052 1711 1135 1772 intra
1158 1713 1296 1791 primum
1318 1712 1478 1791 bimestre,
1504 1713 1589 1795 quod
1610 1714 1651 1775 ad

49 1797 113 1860 rime.
126 1801 232 1862 Deinde
245 1803 369 1865 etiamsi
390 1800 520 1864 Claudia
533 1817 606 1862 cum
620 1817 699 1877 pura
712 1798 803 1877 igno·
857 1797 1116 1860 deliberationem
1138 1801 1241 1877 datur,
1259 1819 1321 1862 nou
1343 1799 1490 1864 tenentur
1504 1820 1561 1863 nec
1581 1801 1650 1882 cogi

50 1885 251 1954 nntaatbona
274 1892 336 1953 tide
354 1888 551 1970 processerit,
568 1891 673 1949 tamen
697 1887 802 1948 adhue
855 1891 987 1963 possunt
1003 1887 1070 1948 sinc
1092 1887 1220 1969 injuria)
1236 1890 1315 1952 alter
1334 1890 1428 1952 intret
1443 1889 1648 1970 Religionem,

49 1976 160 2038 ridentur
171 1997 280 2060 urgere
296 1980 431 2043 rationes
446 1979 547 2040 allatae
561 1994 618 2056 pro
633 1975 717 2052 Gaio,
736 1973 802 2054 qui·
856 1973 887 2032 in
910 1992 1009 2054 eaque
1029 1978 1223 2056 profiteatur,
1242 1981 1336 2040 Perez
1359 1978 1415 2042 loc,
1432 1979 1483 2040 cit.
1501 1987 1553 2040 etc.
1573 1997 1651 2040 cem-

47 2063 89 2126 lrs
98 2065 167 2128 addo
180 2067 279 2142 banc,
297 2088 370 2131 uam
385 2068 436 2130 bie
450 2071 629 2129 contractus
643 2063 701 2124 fuit
715 2081 800 2124 urere
856 2063 993 2125 rnunr'trr.

47 2151 179 2216 lucratirus
198 2164 341 2237 respectu
365 2156 512 2233 Glaudiae,
536 2173 605 2235 quse
620 2153 660 2214 ad
675 2152 753 2214 nihil
767 2170 800 2214 se
894 2172 909 2210 r
935 2154 987 2216 lv.
1006 2152 1037 2214 Si
1056 2156 1142 2234 Papa
1156 2173 1194 2216 cx
1209 2154 1271 2216 alia
1281 2155 1368 2236 justa
1382 2175 1477 2218 causa
1491 2155 1650 2236 dispenset

47 2240 169 2321 reciproce
181 2245 342 2326 obligavit,
365 2247 507 2325 adeoque
526 2264 560 2306 re
575 2245 644 2324 ipsa
656 2241 715 2305 fuit
727 2260 801 2321 gra·
854 2245 927 2301 ante
942 2242 1255 2322 consummationem,
1272 2243 1363 2305 sicuti
1385 2262 1457 2304 eum
1471 2261 1562 2322 posse
1577 2263 1650 2323 pro-

47 2329 102 2390 riu
111 2332 260 2410 promissio
272 2335 322 2395 vel
332 2334 460 2398 donatio
475 2333 557 2395 illius
571 2350 720 2402 summm
740 2332 799 2392 boc
855 2328 989 2391 babilior
1002 2331 1158 2392 sententia
1172 2332 1318 2410 affirmat,
1332 2335 1446 2395 Navar.
1458 2333 1535 2394 Bell.
1553 2335 1648 2396 Peren

45 2419 169 2498 supposito
182 2421 355 2484 communis
372 2427 404 2486 et
419 2441 495 2484 vera
507 2423 661 2484 sententia
671 2424 718 2482 est
728 2437 800 2481 eum
855 2415 883 2476 cl.
904 2421 1034 2494 293331.
1052 2423 1081 2480 7.

45 2506 436 2592 131.1131.133.1)3]’3313.
453 2510 483 2572 d.
496 2515 544 2587 22,
556 2530 638 2572 num.
650 2513 699 2586 89,
717 2509 800 2589 ejuc-
893 2528 907 2564 n
934 2509 1026 2586 Rasp.
1043 2513 1073 2569 2.
1090 2511 1235 2572 llanente
1250 2511 1373 2574 vinculo
1398 2511 1589 2573 Matrimonii
1611 2511 1647 2572 li-

45 2592 338 2674 modipromissionem
350 2601 400 2662 vel
415 2600 615 2662 donationem
629 2599 799 2678 gratuitam
853 2595 913 2656 cite
937 2597 971 2658 91
994 2597 1175 2677 divortium,
1192 2604 1223 2660 et
1237 2601 1393 2680 separatio
1409 2600 1513 2680 quoad
1528 2604 1644 2677 terum,

45 2679 118 2744 ritan'
138 2685 224 2748 etiam
247 2707 287 2749 ex
309 2689 375 2750 solo
397 2707 514 2765 errore,
540 2688 663 2750 etiamsi
682 2687 799 2750 nonsit
854 2687 885 2744 et
912 2685 1143 2748 cohabitionem
1167 2689 1208 2749 ad
1232 2691 1366 2767 tempus,
1397 2690 1447 2751 vel
1474 2689 1506 2750 in
1534 2708 1647 2770 perpe-

44 2768 103 2832 1111
114 2773 318 2854 substantiam,
338 2777 363 2839 si
379 2795 467 2839 error
479 2777 550 2839 talis
564 2777 615 2854 sit,
631 2780 666 2838 ut
679 2776 745 2836 sine
760 2793 797 2837 eo
853 2776 953 2850 tuum,
977 2773 1017 2834 ob
1044 2793 1175 2854 gravem
1197 2781 1228 2838 et
1248 2777 1367 2858 justam
1386 2795 1525 2854 causam,
1547 2778 1647 2858 qualis

44 2875 87 2919 nou
97 2861 172 2926 lieret
186 2864 361 2943 promissio,
377 2866 426 2926 vel
441 2865 580 2941 donatio,
598 2865 671 2946 quia
685 2882 798 2926 conce·
852 2865 909 2924 est.
1405 2876 1409 2884 ’

23 3001 24 3028 ἒ
43 2947 99 3010 teng
110 2969 162 3013 110„
175 2953 262 3016 aliter
275 2954 402 3018 viderur
419 2955 603 3032 confflem,
621 2954 679 3016 nisi
694 2958 796 3015 stante
891 2971 905 3006 r
924 2950 948 3011 1.
965 2949 1101 3012 Alterius
1116 2953 1258 3034 conjugis
1272 2956 1427 3034 culpabile
1443 2955 1643 3019 adulterium:

23 3035 24 3100 ἕ
43 3036 141 3100 reritste
154 3059 261 3120 causa,
284 3061 348 3123 qua
361 3043 446 3122 apud
459 3062 493 3106 se
508 3047 653 3105 movetur
666 3043 705 3104 ad
722 3060 797 3104 con·
852 3036 920 3115 (per
935 3038 1019 3117 quod
1034 3038 1086 3100 hic
1101 3039 1197 3102 etiam
1210 3041 1395 3122 intelligitur
1409 3043 1511 3105 omnis
1524 3045 1645 3123 species

43 3123 190 3206 cedendum,
214 3131 259 3192 uti
283 3131 328 3192 ait
344 3135 431 3212 hugo
445 3149 552 3212 supra,
569 3132 654 3192 idem
667 3132 796 3192 firmans
849 3123 992 3200 luxuriae,
1008 3126 1040 3187 in
1056 3146 1118 3207 qua
1132 3145 1204 3189 caro
1220 3147 1292 3190 cum
1312 3130 1377 3192 alia'
1392 3131 1553 3210 dividitur,
1571 3150 1645 3213 qua-

43 3209 127 3275 iualiis
139 3219 292 3299 exemplis.
318 3221 397 3282 llino
416 3221 543 3282 demum
558 3224 633 3300 puto
649 3220 796 3282 standum
848 3213 887 3274 lis
906 3218 953 3275 est
976 3214 1158 3284 bestialitas,
1174 3218 1327 3296 sodomia,
1345 3219 1439 3281 etiam
1454 3219 1537 3282 intra
1560 3238 1645 3280 eum-

43 3316 82 3376 pro
98 3303 179 3378 Gaio;
208 3307 284 3386 quia
305 3313 411 3369 tamen
432 3309 523 3371 Caius
547 3328 609 3371 uon
630 3309 745 3387 poterit
763 3307 794 3368 in
850 3299 921 3362 dem
937 3320 1056 3365 sexum.
1074 3305 1190 3366 Bonae.
1209 3315 1313 3386 qaoest.
1329 3312 1360 3384 1,
1375 3326 1406 3389 p.
1426 3311 1457 3385 5,
1473 3327 1505 3370 n.
1522 3311 1551 3386 2,
1569 3327 1645 3370 oon-

42 3387 89 3452 loro
100 3399 211 3458 externo
225 3397 359 3476 probare
370 3397 447 3460 illud
456 3398 551 3460 fuisse
562 3399 688 3460 unicum
703 3417 794 3459 suum
849 3394 898 3452 tra
921 3390 989 3452 Fill.
1014 3392 1129 3454 Sanch.
1154 3395 1249 3454 Perez
1263 3393 1293 3456 d.
1310 3397 1360 3473 56,
1377 3397 1477 3458 secti
1501 3405 1529 3457 et
1551 3401 1581 3475 2,
1605 3416 1643 3458 ex

42 3478 158 3542 uotiuum
170 3482 263 3545 dandi
276 3483 354 3545 illud
371 3485 519 3564 pretium,
538 3484 735 3548 suadendum
748 3491 795 3549 est
848 3478 956 3540 Mattb.
976 3484 1007 3542 et
1023 3479 1095 3562 cap.
1116 3480 1280 3545 tardemus
1293 3503 1359 3566 cap.
1375 3483 1430 3546 Ec
1444 3484 1562 3562 litteris,
1579 3503 1643 3547 non

41 3569 156 3645 utpob'us
168 3577 333 3653 componat
347 3591 419 3636 cum
434 3574 574 3637 Claudia.
596 3577 643 3638 lta
653 3574 793 3655 judicavi
848 3571 954 3630 tamen
977 3568 1133 3648 mollities,
1159 3570 1209 3632 vel
1232 3571 1374 3651 pollutio,
1399 3574 1516 3650 oscula,
1541 3577 1643 3636 tactus

41 3658 152 3720 canutio
165 3662 294 3724 Doctore
311 3681 385 3724 ann,
403 3667 490 3726 1709,
848 3658 898 3718 val
919 3658 1080 3736 amplexus
1095 3659 1256 3740 impudici,
1272 3663 1390 3724 Boaac.
1413 3663 1528 3725 Sanch.
1547 3665 1643 3723 Perez

207 3761 209 3764 ·
849 3743 883 3806 ll.
900 3763 941 3806 cc.
964 3745 1038 3807 licet
1057 3753 1186 3825 propter
1208 3748 1322 3810 similia
1343 3750 1384 3811 ad
1407 3754 1531 3830 tempus
1545 3749 1643 3830 possit

848 3833 1016 3913 aliquando
1031 3835 1098 3895 fieri
1118 3837 1286 3915 separatim
1303 3844 1338 3899 ut
1360 3857 1475 3900 nocens
1497 3839 1641 3900 emende-

847 3921 909 4002 tur)
925 3927 999 3984 tunc
1023 3923 1106 3983 enim
1128 3924 1277 3987 innocens
1297 3926 1491 4007 Religionem
1505 3927 1639 4008 ingredi,

242 3983 441 4045 DUBUJM
472 3983 542 4046 1¹¹·
848 4015 902 4074 aut
916 4029 1021 4073 saeros
1036 4012 1131 4074 etiam
1142 4013 1274 4076 Ordines
1288 4015 1446 4095 suscipere
1460 4020 1574 4095 potest,
1588 4034 1641 4078 no-

847 4117 921 4160 ceas
944 4118 1018 4161 vero
1042 4101 1165 4162 nonnisi
1189 4121 1259 4164 cum
1274 4103 1449 4166 innocentis
1472 4122 1637 4168 consensu.

39 4191 223 4279 1131111113
239 4217 276 4261 ee
294 4199 390 4262 corcis
398 4200 493 4281 poscit
510 4199 580 4282 fieri
600 4200 760 4264 divortium
777 4207 793 4264 2
846 4189 1007 4288 &fiditur
1024 4196 1130 4252 tamen
1145 4191 1185 4252 ab
1210 4191 1270 4290 1¹⁰9
1293 4211 1389 4292 99393
1406 4195 1434 4254 ¹·
1446 4193 1640 4294 ,5111991996

846 4296 960 4358 conjux
983 4277 1141 4357 particeps
1168 4279 1208 4340 sit
1231 4279 1384 4359 ejusmodi
1409 4298 1559 4358 orrmrnrs,
1590 4283 1640 4344 vel

845 4367 984 4447 aequalis,
1008 4368 1122 4430 Sanch.
1140 4367 1192 4431 111.
1210 4371 1258 4446 10,
1276 4368 1306 4431 d.
1322 4372 1353 4445 6,
1369 4369 1486 4431 Bonac.
1510 4369 1566 4433 loc.
1583 4370 1636 4440 311.

71 4443 282 4524 clupeum
293 4445 526 4508 Matrimonium
538 4453 797 4520 consummatum¹
844 4459 874 4516 2.
898 4456 961 4516 Nisi
986 4455 1135 4516 innocens
1159 4457 1344 4519 condonarit
1366 4475 1428 4537 quo
1452 4459 1548 4540 aliqui
1564 4479 1638 4520 eum

38 4526 96 4590 inter'
103 4531 276 4596 Christianos
288 4535 370 4596 nullo
390 4553 463 4596 casu
479 4535 556 4598 solvi
574 4536 788 4618 possitquoad
844 4544 953 4605 iecisse
968 4548 1106 4621 censent,
1123 4544 1148 4604 si
1168 4563 1238 4605 eam
1257 4551 1328 4624 post
1341 4546 1532 4608 adulterium
1547 4547 1638 4610 intel·

38 4617 170 4699 naculum,
197 4622 319 4684 vivente
346 4627 480 4704 utroque
508 4625 671 4705 conjuge:
699 4627 789 4706 (Vide
843 4632 958 4693 lectum
987 4650 1093 4691 rursus
1122 4633 1314 4711 cognoverit,
1343 4634 1461 4696 Bonae.
1492 4653 1530 4695 ex
1555 4637 1636 4698 lion.

39 4706 124 4771 Sanch.
137 4717 165 4774 et
181 4715 273 4774 Parez
287 4712 316 4774 d.
332 4717 381 4790 29,
398 4723 465 4775 rect.
491 4717 521 4791 9,
546 4722 574 4776 rt
596 4715 628 4777 d.
651 4718 702 4793 55,
717 4724 786 4780 sect.
842 4722 938 4782 llenr.
956 4720 1024 4782 Fill.
1042 4722 1259 4799 9313133313,
1275 4721 1327 4783 ubi
1342 4720 1415 4783 ride
1430 4722 1535 4802 plures
1546 4742 1638 4786 casus

38 4792 67 4872 1),
89 4797 238 4862 diuortium
264 4803 384 4878 tamen,
414 4821 470 4864 seu
498 4803 602 4882 potius
630 4805 787 4883 separatio
842 4813 999 4888 exceptos.

39 4887 113 4960 quoad
126 4891 218 4952 torum
232 4891 266 4952 ut
280 4891 480 4970 sequentibus
495 4891 619 4953 casibus
636 4912 643 4953 :
881 4919 894 4954 n
921 4899 959 4959 ll.
976 4897 1103 4960 Servitia
1125 4899 1246 4976 mariti,
1257 4899 1306 4960 vel
1322 4900 1426 4963 uxoris
1443 4921 1450 4963 :
1476 4902 1486 4936 ¹
1508 4921 1546 4962 ex
1570 4922 1635 4984 qua

65 4993 75 5028 r
94 4975 114 5036 l.
127 4976 155 5038 Si
176 4977 251 5038 altor
270 4978 381 5058 conjux
396 4979 565 5055 moriatur,
589 4980 628 5040 de
653 4998 715 5058 quo
739 4985 787 5044 est
840 4985 865 5046 si
880 5005 976 5064 grave
991 4985 1165 5065 periculum
1181 4988 1332 5066 comperti
1347 4988 1520 5067 immineat,
1533 4995 1638 5070 polest

39 5067 127 5124 certum
143 5084 259 5128 nusum
273 5066 389 5127 nubere
405 5071 508 5145 potest
524 5088 530 5130 :
555 5069 639 5148 quod
658 5069 683 5128 si
705 5069 785 5131 inte·
840 5075 994 5153 separatio
1010 5076 1074 5154 peti
1088 5095 1108 5135 a
1120 5076 1137 5137 J
1142 5075 1251 5148 udioe;
1268 5076 1331 5137 imo
1347 5078 1372 5137 si
1387 5083 1522 5140 mortem
1536 5079 1637 5140 mine·

39 5145 154 5215 insitor
169 5159 305 5218 mortuus
318 5175 380 5218 nou
395 5157 444 5234 sit,
463 5157 547 5218 lama
567 5163 673 5220 tamen
695 5163 727 5221 31
739 5159 785 5220 in·
838 5166 899 5240 tur,
917 5163 966 5224 vel
980 5181 1137 5226 venenum
1157 5169 1257 5244 paret,
1273 5169 1375 5244 potest
1390 5167 1545 5228 divertere
1561 5171 1634 5229 aute

62 5379 101 5429 ts.
113 5382 135 5433 c.
148 5383 187 5433 die
202 5387 228 5434 to
241 5383 302 5433 Feb.
318 5387 376 5436 1859
390 5385 548 5448 declaravit,
564 5386 686 5450 injurias,
702 5387 784 5436 etiam
839 5383 936 5432 mulier
957 5383 993 5434 sit
1013 5385 1074 5434 oltra
1096 5385 1260 5434 conditionis
1281 5389 1308 5436 et
1327 5385 1478 5436 attentione
1499 5391 1636 5445 mereatur

41 5449 137 5512 tubalea,
148 5467 162 5503 a
175 5456 268 5506 ruarito
283 5469 340 5519 erga
354 5471 467 5508 uxorem
487 5457 664 5507 habitualiter
677 5457 785 5507 habitas
839 5453 991 5504 conditioni
1006 5467 1061 5508 suae
1076 5453 1190 5508 debitas,

41 5509 156 5577 balteum
176 5539 230 5578 esse
248 5528 422 5594 separationis
436 5527 581 5592 motivum,
596 5527 747 5594 presertim
761 5529 784 5584 si
