<?xml version="1.0" encoding="UTF-8"?>
<!DOCTYPE html PUBLIC "-//W3C//DTD XHTML 1.0 Transitional//EN"
    "http://www.w3.org/TR/xhtml1/DTD/xhtml1-transitional.dtd">
<html xmlns="http://www.w3.org/1999/xhtml" xml:lang="en" lang="en">
 <head>
  <title>
</title>
<meta http-equiv="Content-Type" content="text/html;charset=utf-8" />
  <meta name='ocr-system' content='tesseract 3.04.00' />
  <meta name='ocr-capabilities' content='ocr_page ocr_carea ocr_par ocr_line ocrx_word'/>
</head>
<body>
  <div class='ocr_page' id='page_1' title='image "./theologiamorali00diongoog_0410.png"; bbox 0 0 3986 6350; ppageno 0'>
   <div class='ocr_carea' id='block_1_1' title="bbox 1052 539 1479 608">
    <p class='ocr_par' dir='ltr' id='par_1_1' title="bbox 1052 489 1479 641">
     <span class='ocr_line' id='line_1_1' title="bbox 1052 539 1479 608; baseline -0.005 -5"><span class='ocrx_word' id='word_1_1' title='bbox 1052 539 1268 606; x_wconf 80' lang='lat' dir='ltr'>ursanum.</span> <span class='ocrx_word' id='word_1_2' title='bbox 1347 590 1356 608; x_wconf 75' lang='grc'>,.</span> <span class='ocrx_word' id='word_1_3' title='bbox 1397 594 1410 600; x_wconf 87' lang='grc'>-</span> <span class='ocrx_word' id='word_1_4' title='bbox 1477 546 1479 551; x_wconf 95' lang='grc'><strong><em>·</em></strong></span> 
     </span>
    </p>
   </div>
   <div class='ocr_carea' id='block_1_2' title="bbox 333 689 1130 961">
    <p class='ocr_par' dir='ltr' id='par_1_2' title="bbox 333 689 1130 961">
     <span class='ocr_line' id='line_1_2' title="bbox 373 689 1130 806; baseline 0.005 -21"><span class='ocrx_word' id='word_1_5' title='bbox 373 726 404 785; x_wconf 88' lang='lat' dir='ltr'>o.</span> <span class='ocrx_word' id='word_1_6' title='bbox 430 689 538 800; x_wconf 79' lang='lat' dir='ltr'>cusa,</span> <span class='ocrx_word' id='word_1_7' title='bbox 562 722 657 785; x_wconf 75' lang='lat' dir='ltr'>osseis</span> <span class='ocrx_word' id='word_1_8' title='bbox 681 723 791 786; x_wconf 77' lang='lat' dir='ltr'>suenus</span> <span class='ocrx_word' id='word_1_9' title='bbox 814 726 1045 806; x_wconf 70' lang='lat' dir='ltr'>suspensionis,</span> <span class='ocrx_word' id='word_1_10' title='bbox 1071 727 1130 789; x_wconf 75' lang='lat' dir='ltr'>oe-</span> 
     </span>
     <span class='ocr_line' id='line_1_3' title="bbox 333 811 1126 961; baseline 0.008 -90"><span class='ocrx_word' id='word_1_11' title='bbox 333 811 563 961; x_wconf 63' lang='lat' dir='ltr'>qqqqrresurgdt</span> <span class='ocrx_word' id='word_1_12' title='bbox 589 811 811 892; x_wconf 88' lang='lat' dir='ltr'>interdictum,</span> <span class='ocrx_word' id='word_1_13' title='bbox 837 814 913 895; x_wconf 86' lang='lat' dir='ltr'>quin</span> <span class='ocrx_word' id='word_1_14' title='bbox 941 815 1043 877; x_wconf 88' lang='lat' dir='ltr'>denuc</span> <span class='ocrx_word' id='word_1_15' title='bbox 1086 831 1126 894; x_wconf 92' lang='lat' dir='ltr'>po</span> 
     </span>
    </p>
   </div>
   <div class='ocr_carea' id='block_1_3' title="bbox 516 1146 944 1408">
    <p class='ocr_par' dir='ltr' id='par_1_3' title="bbox 516 1146 944 1408">
     <span class='ocr_line' id='line_1_4' title="bbox 609 1146 865 1234; baseline 0 0"><span class='ocrx_word' id='word_1_16' title='bbox 609 1147 631 1234; x_wconf 81' lang='lat' dir='ltr'><strong>G</strong></span> <span class='ocrx_word' id='word_1_17' title='bbox 649 1146 673 1233; x_wconf 89' lang='lat' dir='ltr'>l</span> <span class='ocrx_word' id='word_1_18' title='bbox 687 1147 711 1233; x_wconf 82' lang='grc' dir='ltr'><strong>Ρ</strong></span> <span class='ocrx_word' id='word_1_19' title='bbox 726 1147 748 1234; x_wconf 88' lang='lat' dir='ltr'>ll</span> <span class='ocrx_word' id='word_1_20' title='bbox 762 1147 788 1234; x_wconf 80' lang='lat' dir='ltr'>l</span> <span class='ocrx_word' id='word_1_21' title='bbox 821 1147 865 1234; x_wconf 92' lang='grc' dir='ltr'>ΙΙ</span> 
     </span>
     <span class='ocr_line' id='line_1_5' title="bbox 516 1324 944 1408; baseline 0.002 -21"><span class='ocrx_word' id='word_1_22' title='bbox 516 1325 560 1387; x_wconf 77' lang='lat' dir='ltr'>lte</span> <span class='ocrx_word' id='word_1_23' title='bbox 586 1324 682 1388; x_wconf 83' lang='lat' dir='ltr'>Bello</span> <span class='ocrx_word' id='word_1_24' title='bbox 711 1325 944 1408; x_wconf 79' lang='lat' dir='ltr'>Compositionis.</span> 
     </span>
    </p>
   </div>
   <div class='ocr_carea' id='block_1_4' title="bbox 327 1521 1127 2396">
    <p class='ocr_par' dir='ltr' id='par_1_4' title="bbox 327 1521 1127 2396">
     <span class='ocr_line' id='line_1_6' title="bbox 371 1521 1127 1600; baseline -0.003 -16"><span class='ocrx_word' id='word_1_25' title='bbox 371 1521 609 1584; x_wconf 74' lang='lat' dir='ltr'>commissarius</span> <span class='ocrx_word' id='word_1_26' title='bbox 633 1523 793 1585; x_wconf 79' lang='lat' dir='ltr'>Generalis</span> <span class='ocrx_word' id='word_1_27' title='bbox 816 1521 926 1600; x_wconf 81' lang='lat' dir='ltr'>Bullae,</span> <span class='ocrx_word' id='word_1_28' title='bbox 942 1521 1057 1584; x_wconf 84' lang='lat' dir='ltr'>uirtute</span> <span class='ocrx_word' id='word_1_29' title='bbox 1081 1521 1127 1582; x_wconf 84' lang='lat' dir='ltr'>fa-</span> 
     </span>
     <span class='ocr_line' id='line_1_7' title="bbox 331 1609 1126 1690; baseline -0.001 -20"><span class='ocrx_word' id='word_1_30' title='bbox 331 1611 453 1672; x_wconf 88' lang='lat' dir='ltr'>cultatis</span> <span class='ocrx_word' id='word_1_31' title='bbox 468 1610 554 1672; x_wconf 90' lang='lat' dir='ltr'>sibia</span> <span class='ocrx_word' id='word_1_32' title='bbox 567 1610 716 1672; x_wconf 83' lang='lat' dir='ltr'>Pontidce</span> <span class='ocrx_word' id='word_1_33' title='bbox 726 1629 895 1682; x_wconf 79' lang='lat' dir='ltr'>concessae,</span> <span class='ocrx_word' id='word_1_34' title='bbox 907 1613 1011 1690; x_wconf 89' lang='lat' dir='ltr'>potest</span> <span class='ocrx_word' id='word_1_35' title='bbox 1021 1609 1126 1671; x_wconf 84' lang='lat' dir='ltr'>lacere</span> 
     </span>
     <span class='ocr_line' id='line_1_8' title="bbox 330 1697 1127 1778; baseline 0.003 -20"><span class='ocrx_word' id='word_1_36' title='bbox 330 1698 570 1760; x_wconf 78' lang='lat' dir='ltr'>conventionem</span> <span class='ocrx_word' id='word_1_37' title='bbox 597 1718 693 1778; x_wconf 88' lang='lat' dir='ltr'>super</span> <span class='ocrx_word' id='word_1_38' title='bbox 712 1699 803 1760; x_wconf 91' lang='lat' dir='ltr'>bonis</span> <span class='ocrx_word' id='word_1_39' title='bbox 825 1699 907 1760; x_wconf 91' lang='lat' dir='ltr'>male</span> <span class='ocrx_word' id='word_1_40' title='bbox 930 1697 1055 1776; x_wconf 87' lang='lat' dir='ltr'>habitis,</span> <span class='ocrx_word' id='word_1_41' title='bbox 1072 1703 1127 1760; x_wconf 88' lang='lat' dir='ltr'>aut</span> 
     </span>
     <span class='ocr_line' id='line_1_9' title="bbox 330 1786 1124 1866; baseline -0.001 -19"><span class='ocrx_word' id='word_1_42' title='bbox 330 1787 513 1865; x_wconf 82' lang='lat' dir='ltr'>usurpatis3</span> <span class='ocrx_word' id='word_1_43' title='bbox 544 1786 670 1866; x_wconf 90' lang='lat' dir='ltr'>quando</span> <span class='ocrx_word' id='word_1_44' title='bbox 699 1786 738 1847; x_wconf 91' lang='lat' dir='ltr'>de</span> <span class='ocrx_word' id='word_1_45' title='bbox 767 1786 894 1848; x_wconf 93' lang='lat' dir='ltr'>domino</span> <span class='ocrx_word' id='word_1_46' title='bbox 923 1804 1032 1847; x_wconf 93' lang='lat' dir='ltr'>eorum</span> <span class='ocrx_word' id='word_1_47' title='bbox 1060 1805 1124 1848; x_wconf 91' lang='lat' dir='ltr'>non</span> 
     </span>
     <span class='ocr_line' id='line_1_10' title="bbox 329 1874 1124 1954; baseline 0 -18"><span class='ocrx_word' id='word_1_48' title='bbox 329 1879 473 1948; x_wconf 87' lang='lat' dir='ltr'>constet;</span> <span class='ocrx_word' id='word_1_49' title='bbox 498 1893 594 1954; x_wconf 90' lang='lat' dir='ltr'>qoam</span> <span class='ocrx_word' id='word_1_50' title='bbox 617 1876 798 1937; x_wconf 77' lang='lat' dir='ltr'><strong>facultatem</strong></span> <span class='ocrx_word' id='word_1_51' title='bbox 822 1879 925 1954; x_wconf 89' lang='lat' dir='ltr'>potest</span> <span class='ocrx_word' id='word_1_52' title='bbox 946 1874 1012 1954; x_wconf 90' lang='lat' dir='ltr'>ipse</span> <span class='ocrx_word' id='word_1_53' title='bbox 1034 1877 1124 1936; x_wconf 87' lang='lat' dir='ltr'>Gom-</span> 
     </span>
     <span class='ocr_line' id='line_1_11' title="bbox 329 1961 1124 2042; baseline 0.003 -21"><span class='ocrx_word' id='word_1_54' title='bbox 329 1961 489 2024; x_wconf 90' lang='lat' dir='ltr'>missarius</span> <span class='ocrx_word' id='word_1_55' title='bbox 512 1963 731 2042; x_wconf 84' lang='lat' dir='ltr'>subdelegare,</span> <span class='ocrx_word' id='word_1_56' title='bbox 758 1969 794 2026; x_wconf 90' lang='lat' dir='ltr'>ut</span> <span class='ocrx_word' id='word_1_57' title='bbox 817 1965 855 2024; x_wconf 93' lang='lat' dir='ltr'>de</span> <span class='ocrx_word' id='word_1_58' title='bbox 879 1964 961 2025; x_wconf 85' lang='lat' dir='ltr'>facte</span> <span class='ocrx_word' id='word_1_59' title='bbox 981 1963 1124 2026; x_wconf 90' lang='lat' dir='ltr'>subdele-</span> 
     </span>
     <span class='ocr_line' id='line_1_12' title="bbox 329 2051 1125 2131; baseline 0 -19"><span class='ocrx_word' id='word_1_60' title='bbox 329 2054 406 2130; x_wconf 85' lang='lat' dir='ltr'>gant</span> <span class='ocrx_word' id='word_1_61' title='bbox 432 2052 643 2114; x_wconf 87' lang='lat' dir='ltr'>Commissarii</span> <span class='ocrx_word' id='word_1_62' title='bbox 672 2053 769 2114; x_wconf 79' lang='lat' dir='ltr'>bullae</span> <span class='ocrx_word' id='word_1_63' title='bbox 793 2052 824 2112; x_wconf 90' lang='lat' dir='ltr'>iu</span> <span class='ocrx_word' id='word_1_64' title='bbox 853 2051 972 2125; x_wconf 87' lang='lat' dir='ltr'>lndiis;</span> <span class='ocrx_word' id='word_1_65' title='bbox 996 2055 1028 2112; x_wconf 89' lang='lat' dir='ltr'>et</span> <span class='ocrx_word' id='word_1_66' title='bbox 1050 2051 1125 2131; x_wconf 90' lang='lat' dir='ltr'>quia</span> 
     </span>
     <span class='ocr_line' id='line_1_13' title="bbox 329 2138 1125 2219; baseline -0.003 -19"><span class='ocrx_word' id='word_1_67' title='bbox 329 2138 455 2200; x_wconf 86' lang='lat' dir='ltr'>difficile</span> <span class='ocrx_word' id='word_1_68' title='bbox 474 2143 542 2200; x_wconf 87' lang='lat' dir='ltr'>erat</span> <span class='ocrx_word' id='word_1_69' title='bbox 562 2146 593 2200; x_wconf 91' lang='lat' dir='ltr'>et</span> <span class='ocrx_word' id='word_1_70' title='bbox 613 2140 781 2201; x_wconf 91' lang='lat' dir='ltr'>molestum</span> <span class='ocrx_word' id='word_1_71' title='bbox 796 2157 852 2218; x_wconf 92' lang='lat' dir='ltr'>pro</span> <span class='ocrx_word' id='word_1_72' title='bbox 867 2139 1041 2200; x_wconf 87' lang='lat' dir='ltr'>minoribus</span> <span class='ocrx_word' id='word_1_73' title='bbox 1056 2139 1125 2219; x_wconf 87' lang='lat' dir='ltr'>qui-</span> 
     </span>
     <span class='ocr_line' id='line_1_14' title="bbox 327 2227 1123 2308; baseline -0.001 -18"><span class='ocrx_word' id='word_1_74' title='bbox 327 2227 462 2290; x_wconf 90' lang='lat' dir='ltr'>busdam</span> <span class='ocrx_word' id='word_1_75' title='bbox 485 2229 728 2308; x_wconf 90' lang='lat' dir='ltr'>quantitatibus,</span> <span class='ocrx_word' id='word_1_76' title='bbox 752 2227 792 2288; x_wconf 88' lang='lat' dir='ltr'>ad</span> <span class='ocrx_word' id='word_1_77' title='bbox 807 2227 1062 2290; x_wconf 83' lang='lat' dir='ltr'>commissarium</span> <span class='ocrx_word' id='word_1_78' title='bbox 1076 2247 1123 2289; x_wconf 92' lang='lat' dir='ltr'>re·</span> 
     </span>
     <span class='ocr_line' id='line_1_15' title="bbox 328 2314 1120 2396; baseline -0.001 -17"><span class='ocrx_word' id='word_1_79' title='bbox 328 2335 473 2395; x_wconf 86' lang='lat' dir='ltr'>currere,</span> <span class='ocrx_word' id='word_1_80' title='bbox 496 2316 537 2378; x_wconf 89' lang='lat' dir='ltr'>ad</span> <span class='ocrx_word' id='word_1_81' title='bbox 556 2317 662 2379; x_wconf 89' lang='lat' dir='ltr'>debita</span> <span class='ocrx_word' id='word_1_82' title='bbox 676 2317 736 2380; x_wconf 90' lang='lat' dir='ltr'>ista</span> <span class='ocrx_word' id='word_1_83' title='bbox 750 2314 969 2396; x_wconf 90' lang='lat' dir='ltr'>componenda</span> <span class='ocrx_word' id='word_1_84' title='bbox 984 2317 1120 2396; x_wconf 85' lang='lat' dir='ltr'>expedit.</span> 
     </span>
    </p>
   </div>
   <div class='ocr_carea' id='block_1_5' title="bbox 595 2608 847 2671">
    <p class='ocr_par' dir='ltr' id='par_1_5' title="bbox 595 2608 847 2671">
     <span class='ocr_line' id='line_1_16' title="bbox 595 2608 847 2671; baseline 0 -2"><span class='ocrx_word' id='word_1_85' title='bbox 595 2608 795 2671; x_wconf 87' lang='lat' dir='ltr'>DUBlUM</span> <span class='ocrx_word' id='word_1_86' title='bbox 823 2609 847 2670; x_wconf 93' lang='lat' dir='ltr'>l.</span> 
     </span>
    </p>
   </div>
   <div class='ocr_carea' id='block_1_6' title="bbox 364 2818 1081 2962">
    <p class='ocr_par' dir='ltr' id='par_1_6' title="bbox 364 2818 1081 2962">
     <span class='ocr_line' id='line_1_17' title="bbox 364 2818 1081 2880; baseline 0.001 -17"><span class='ocrx_word' id='word_1_87' title='bbox 364 2819 402 2866; x_wconf 71' lang='lat' dir='ltr'>ol:</span> <span class='ocrx_word' id='word_1_88' title='bbox 415 2818 499 2866; x_wconf 65' lang='lat' dir='ltr'>30le</span> <span class='ocrx_word' id='word_1_89' title='bbox 512 2819 540 2864; x_wconf 80' lang='lat' dir='ltr'>lli</span> <span class='ocrx_word' id='word_1_90' title='bbox 554 2818 696 2880; x_wconf 68' lang='lat' dir='ltr'>contuor,</span> <span class='ocrx_word' id='word_1_91' title='bbox 717 2818 863 2872; x_wconf 69' lang='lat' dir='ltr'>onomatis</span> <span class='ocrx_word' id='word_1_92' title='bbox 877 2818 1081 2865; x_wconf 71' lang='lat' dir='ltr'>tantustantus</span> 
     </span>
     <span class='ocr_line' id='line_1_18' title="bbox 488 2914 958 2962; baseline -0.004 0"><span class='ocrx_word' id='word_1_93' title='bbox 488 2916 590 2962; x_wconf 77' lang='lat' dir='ltr'>POTEST</span> <span class='ocrx_word' id='word_1_94' title='bbox 603 2914 826 2962; x_wconf 77' lang='lat' dir='ltr'>connostntonsot</span> <span class='ocrx_word' id='word_1_95' title='bbox 841 2915 958 2961; x_wconf 73' lang='lat' dir='ltr'><strong>FACERE.</strong></span> 
     </span>
    </p>
   </div>
   <div class='ocr_carea' id='block_1_7' title="bbox 558 3101 883 3164">
    <p class='ocr_par' dir='ltr' id='par_1_7' title="bbox 558 3101 883 3164">
     <span class='ocr_line' id='line_1_19' title="bbox 558 3101 883 3164; baseline 0 -1"><span class='ocrx_word' id='word_1_96' title='bbox 558 3101 836 3164; x_wconf 77' lang='lat' dir='ltr'>Annlootos</span> <span class='ocrx_word' id='word_1_97' title='bbox 859 3101 883 3164; x_wconf 90' lang='lat' dir='ltr'>l.</span> 
     </span>
    </p>
   </div>
   <div class='ocr_carea' id='block_1_8' title="bbox 418 3251 1022 3335">
    <p class='ocr_par' dir='ltr' id='par_1_8' title="bbox 418 3251 1022 3335">
     <span class='ocr_line' id='line_1_20' title="bbox 418 3251 1022 3335; baseline -0.002 -20"><span class='ocrx_word' id='word_1_98' title='bbox 418 3251 558 3328; x_wconf 72' lang='lat' dir='ltr'>Ouoeutm</span> <span class='ocrx_word' id='word_1_99' title='bbox 584 3252 737 3335; x_wconf 78' lang='lat' dir='ltr'>quantitas</span> <span class='ocrx_word' id='word_1_100' title='bbox 763 3252 897 3334; x_wconf 83' lang='lat' dir='ltr'>componi</span> <span class='ocrx_word' id='word_1_101' title='bbox 919 3251 1022 3332; x_wconf 79' lang='lat' dir='ltr'>possit.</span> 
     </span>
    </p>
   </div>
   <div class='ocr_carea' id='block_1_9' title="bbox 315 3445 1116 5538">
    <p class='ocr_par' dir='ltr' id='par_1_9' title="bbox 318 3445 1116 4321">
     <span class='ocr_line' id='line_1_21' title="bbox 364 3445 1116 3528; baseline -0.004 -19"><span class='ocrx_word' id='word_1_102' title='bbox 364 3448 581 3527; x_wconf 86' lang='lat' dir='ltr'>Respondetur</span> <span class='ocrx_word' id='word_1_103' title='bbox 603 3452 632 3510; x_wconf 85' lang='lat' dir='ltr'>l.</span> <span class='ocrx_word' id='word_1_104' title='bbox 660 3447 797 3528; x_wconf 80' lang='lat' dir='ltr'>Singulis</span> <span class='ocrx_word' id='word_1_105' title='bbox 826 3447 1002 3528; x_wconf 80' lang='lat' dir='ltr'>quibusque</span> <span class='ocrx_word' id='word_1_106' title='bbox 1026 3445 1116 3508; x_wconf 89' lang='lat' dir='ltr'>annis</span> 
     </span>
     <span class='ocr_line' id='line_1_22' title="bbox 321 3534 1115 3617; baseline -0.003 -19"><span class='ocrx_word' id='word_1_107' title='bbox 321 3535 466 3617; x_wconf 91' lang='lat' dir='ltr'>componi</span> <span class='ocrx_word' id='word_1_108' title='bbox 481 3553 572 3615; x_wconf 90' lang='lat' dir='ltr'>posse</span> <span class='ocrx_word' id='word_1_109' title='bbox 594 3536 801 3616; x_wconf 75' lang='lat' dir='ltr'>quantitatem</span> <span class='ocrx_word' id='word_1_110' title='bbox 821 3535 957 3597; x_wconf 89' lang='lat' dir='ltr'>duorum</span> <span class='ocrx_word' id='word_1_111' title='bbox 979 3534 1115 3596; x_wconf 93' lang='lat' dir='ltr'>millium</span> 
     </span>
     <span class='ocr_line' id='line_1_23' title="bbox 321 3622 1115 3703; baseline -0.005 -17"><span class='ocrx_word' id='word_1_112' title='bbox 321 3629 554 3703; x_wconf 82' lang='lat' dir='ltr'>nongentorum</span> <span class='ocrx_word' id='word_1_113' title='bbox 582 3623 801 3703; x_wconf 83' lang='lat' dir='ltr'>quadraginta,</span> <span class='ocrx_word' id='word_1_114' title='bbox 825 3628 856 3683; x_wconf 88' lang='lat' dir='ltr'>et</span> <span class='ocrx_word' id='word_1_115' title='bbox 885 3622 977 3684; x_wconf 89' lang='lat' dir='ltr'>nnius</span> <span class='ocrx_word' id='word_1_116' title='bbox 1001 3641 1115 3703; x_wconf 79' lang='lat' dir='ltr'>argen-</span> 
     </span>
     <span class='ocr_line' id='line_1_24' title="bbox 320 3709 1115 3792; baseline -0.004 -17"><span class='ocrx_word' id='word_1_117' title='bbox 320 3717 445 3775; x_wconf 90' lang='lat' dir='ltr'>teorum</span> <span class='ocrx_word' id='word_1_118' title='bbox 459 3715 491 3773; x_wconf 91' lang='lat' dir='ltr'>et</span> <span class='ocrx_word' id='word_1_119' title='bbox 504 3729 559 3772; x_wconf 89' lang='lat' dir='ltr'>sex</span> <span class='ocrx_word' id='word_1_120' title='bbox 572 3709 853 3782; x_wconf 84' lang='lat' dir='ltr'>maranedisicrum</span> <span class='ocrx_word' id='word_1_121' title='bbox 868 3728 940 3772; x_wconf 91' lang='lat' dir='ltr'>cum</span> <span class='ocrx_word' id='word_1_122' title='bbox 956 3711 1115 3792; x_wconf 92' lang='lat' dir='ltr'>quinqua-</span> 
     </span>
     <span class='ocr_line' id='line_1_25' title="bbox 319 3798 1114 3882; baseline -0.003 -20"><span class='ocrx_word' id='word_1_123' title='bbox 319 3801 417 3882; x_wconf 83' lang='lat' dir='ltr'>ginta.</span> <span class='ocrx_word' id='word_1_124' title='bbox 434 3799 531 3861; x_wconf 89' lang='lat' dir='ltr'>Bullis</span> <span class='ocrx_word' id='word_1_125' title='bbox 554 3798 787 3878; x_wconf 80' lang='lat' dir='ltr'>compositionis</span> <span class='ocrx_word' id='word_1_126' title='bbox 802 3798 949 3877; x_wconf 89' lang='lat' dir='ltr'>acceptis,</span> <span class='ocrx_word' id='word_1_127' title='bbox 960 3817 1030 3879; x_wconf 82' lang='lat' dir='ltr'>quea</span> <span class='ocrx_word' id='word_1_128' title='bbox 1050 3799 1114 3860; x_wconf 91' lang='lat' dir='ltr'>sin-</span> 
     </span>
     <span class='ocr_line' id='line_1_26' title="bbox 319 3886 1113 3972; baseline -0.003 -21"><span class='ocrx_word' id='word_1_129' title='bbox 319 3890 401 3972; x_wconf 79' lang='lat' dir='ltr'>gulis</span> <span class='ocrx_word' id='word_1_130' title='bbox 425 3888 516 3950; x_wconf 88' lang='lat' dir='ltr'>annis</span> <span class='ocrx_word' id='word_1_131' title='bbox 540 3887 641 3966; x_wconf 89' lang='lat' dir='ltr'>accipi</span> <span class='ocrx_word' id='word_1_132' title='bbox 664 3890 810 3966; x_wconf 90' lang='lat' dir='ltr'>possunt;</span> <span class='ocrx_word' id='word_1_133' title='bbox 828 3886 902 3966; x_wconf 87' lang='lat' dir='ltr'>quia</span> <span class='ocrx_word' id='word_1_134' title='bbox 924 3905 982 3966; x_wconf 91' lang='lat' dir='ltr'>per</span> <span class='ocrx_word' id='word_1_135' title='bbox 1004 3905 1113 3949; x_wconf 91' lang='lat' dir='ltr'>unam-</span> 
     </span>
     <span class='ocr_line' id='line_1_27' title="bbox 319 3975 1114 4060; baseline -0.004 -20"><span class='ocrx_word' id='word_1_136' title='bbox 319 3997 478 4060; x_wconf 80' lang='lat' dir='ltr'>quamque</span> <span class='ocrx_word' id='word_1_137' title='bbox 508 3975 748 4057; x_wconf 80' lang='lat' dir='ltr'>compositionis</span> <span class='ocrx_word' id='word_1_138' title='bbox 773 3975 895 4037; x_wconf 90' lang='lat' dir='ltr'>Bullam</span> <span class='ocrx_word' id='word_1_139' title='bbox 919 3993 1114 4054; x_wconf 91' lang='lat' dir='ltr'>componun·</span> 
     </span>
     <span class='ocr_line' id='line_1_28' title="bbox 318 4062 1111 4146; baseline -0.005 -16"><span class='ocrx_word' id='word_1_140' title='bbox 318 4073 370 4130; x_wconf 90' lang='lat' dir='ltr'>tur</span> <span class='ocrx_word' id='word_1_141' title='bbox 393 4064 621 4146; x_wconf 74' lang='lat' dir='ltr'>quinquaginta</span> <span class='ocrx_word' id='word_1_142' title='bbox 642 4063 782 4144; x_wconf 79' lang='lat' dir='ltr'>argentei</span> <span class='ocrx_word' id='word_1_143' title='bbox 806 4067 839 4126; x_wconf 88' lang='lat' dir='ltr'>et</span> <span class='ocrx_word' id='word_1_144' title='bbox 856 4062 966 4144; x_wconf 85' lang='lat' dir='ltr'>viginti</span> <span class='ocrx_word' id='word_1_145' title='bbox 990 4067 1022 4125; x_wconf 90' lang='lat' dir='ltr'>et</span> <span class='ocrx_word' id='word_1_146' title='bbox 1041 4068 1111 4126; x_wconf 90' lang='lat' dir='ltr'>octo</span> 
     </span>
     <span class='ocr_line' id='line_1_29' title="bbox 318 4150 1111 4233; baseline -0.001 -18"><span class='ocrx_word' id='word_1_147' title='bbox 318 4152 536 4230; x_wconf 84' lang='lat' dir='ltr'>maravedesii,</span> <span class='ocrx_word' id='word_1_148' title='bbox 559 4155 590 4214; x_wconf 90' lang='lat' dir='ltr'>et</span> <span class='ocrx_word' id='word_1_149' title='bbox 610 4151 654 4213; x_wconf 88' lang='lat' dir='ltr'>ita</span> <span class='ocrx_word' id='word_1_150' title='bbox 677 4169 748 4213; x_wconf 90' lang='lat' dir='ltr'>cum</span> <span class='ocrx_word' id='word_1_151' title='bbox 763 4150 991 4233; x_wconf 86' lang='lat' dir='ltr'>quinquaginta</span> <span class='ocrx_word' id='word_1_152' title='bbox 1014 4153 1111 4215; x_wconf 88' lang='lat' dir='ltr'>Bullis</span> 
     </span>
     <span class='ocr_line' id='line_1_30' title="bbox 318 4238 1113 4321; baseline -0.004 -18"><span class='ocrx_word' id='word_1_153' title='bbox 318 4239 552 4321; x_wconf 78' lang='lat' dir='ltr'>compositionis</span> <span class='ocrx_word' id='word_1_154' title='bbox 573 4239 720 4320; x_wconf 89' lang='lat' dir='ltr'>acceptis,</span> <span class='ocrx_word' id='word_1_155' title='bbox 742 4238 827 4301; x_wconf 89' lang='lat' dir='ltr'>dicta</span> <span class='ocrx_word' id='word_1_156' title='bbox 848 4239 1007 4321; x_wconf 86' lang='lat' dir='ltr'>quantitas</span> <span class='ocrx_word' id='word_1_157' title='bbox 1026 4246 1113 4302; x_wconf 83' lang='lat' dir='ltr'>com-</span> 
     </span>
    </p>

    <p class='ocr_par' dir='ltr' id='par_1_10' title="bbox 315 4329 1111 5185">
     <span class='ocr_line' id='line_1_31' title="bbox 341 4329 1098 4392; baseline -0.008 0"><span class='ocrx_word' id='word_1_158' title='bbox 341 4329 455 4392; x_wconf 87' lang='lat' dir='ltr'>onitur.</span> <span class='ocrx_word' id='word_1_159' title='bbox 1096 4329 1098 4335; x_wconf 85' lang='lat'>&#39;</span> 
     </span>
     <span class='ocr_line' id='line_1_32' title="bbox 318 4348 1111 4500; baseline -0.003 -22"><span class='ocrx_word' id='word_1_160' title='bbox 318 4348 575 4496; x_wconf 81' lang='lat' dir='ltr'>pltespondetur</span> <span class='ocrx_word' id='word_1_161' title='bbox 597 4420 627 4476; x_wconf 76' lang='lat'>2.</span> <span class='ocrx_word' id='word_1_162' title='bbox 653 4415 743 4487; x_wconf 82' lang='lat' dir='ltr'>Quod</span> <span class='ocrx_word' id='word_1_163' title='bbox 767 4414 1111 4500; x_wconf 23' lang='lat' dir='ltr'>sitinveniatur&#39;major</span> 
     </span>
     <span class='ocr_line' id='line_1_33' title="bbox 318 4505 1110 4586; baseline -0.004 -19"><span class='ocrx_word' id='word_1_164' title='bbox 318 4506 475 4586; x_wconf 87' lang='lat' dir='ltr'>quantitas</span> <span class='ocrx_word' id='word_1_165' title='bbox 498 4505 716 4582; x_wconf 88' lang='lat' dir='ltr'>componenda</span> <span class='ocrx_word' id='word_1_166' title='bbox 746 4523 840 4585; x_wconf 87' lang='lat' dir='ltr'>quom</span> <span class='ocrx_word' id='word_1_167' title='bbox 864 4523 913 4582; x_wconf 88' lang='lat' dir='ltr'>ea,</span> <span class='ocrx_word' id='word_1_168' title='bbox 939 4522 1009 4584; x_wconf 73' lang='lat' dir='ltr'>quae</span> <span class='ocrx_word' id='word_1_169' title='bbox 1038 4522 1110 4565; x_wconf 90' lang='lat' dir='ltr'>cum</span> 
     </span>
     <span class='ocr_line' id='line_1_34' title="bbox 317 4592 1108 4676; baseline -0.001 -21"><span class='ocrx_word' id='word_1_170' title='bbox 317 4593 546 4676; x_wconf 85' lang='lat' dir='ltr'>quinquaginta</span> <span class='ocrx_word' id='word_1_171' title='bbox 568 4592 665 4654; x_wconf 86' lang='lat' dir='ltr'>Bnllis</span> <span class='ocrx_word' id='word_1_172' title='bbox 691 4593 834 4673; x_wconf 89' lang='lat' dir='ltr'>componi</span> <span class='ocrx_word' id='word_1_173' title='bbox 858 4598 970 4671; x_wconf 88' lang='lat' dir='ltr'>potest,</span> <span class='ocrx_word' id='word_1_174' title='bbox 987 4592 1108 4654; x_wconf 84' lang='lat' dir='ltr'>recurri</span> 
     </span>
     <span class='ocr_line' id='line_1_35' title="bbox 317 4680 1108 4762; baseline -0.005 -18"><span class='ocrx_word' id='word_1_175' title='bbox 317 4683 431 4744; x_wconf 91' lang='lat' dir='ltr'>debeat</span> <span class='ocrx_word' id='word_1_176' title='bbox 451 4681 491 4743; x_wconf 91' lang='lat' dir='ltr'>ad</span> <span class='ocrx_word' id='word_1_177' title='bbox 511 4681 775 4758; x_wconf 87' lang='lat' dir='ltr'>Commissarium,</span> <span class='ocrx_word' id='word_1_178' title='bbox 801 4680 855 4762; x_wconf 89' lang='lat' dir='ltr'>qui</span> <span class='ocrx_word' id='word_1_179' title='bbox 883 4681 963 4743; x_wconf 87' lang='lat' dir='ltr'>solet</span> <span class='ocrx_word' id='word_1_180' title='bbox 984 4680 1108 4760; x_wconf 82' lang='lat' dir='ltr'>exigere</span> 
     </span>
     <span class='ocr_line' id='line_1_36' title="bbox 316 4768 1109 4850; baseline -0.005 -18"><span class='ocrx_word' id='word_1_181' title='bbox 316 4789 374 4850; x_wconf 91' lang='lat' dir='ltr'>pro</span> <span class='ocrx_word' id='word_1_182' title='bbox 389 4769 614 4850; x_wconf 84' lang='lat' dir='ltr'>compositione</span> <span class='ocrx_word' id='word_1_183' title='bbox 629 4769 783 4832; x_wconf 89' lang='lat' dir='ltr'>decimam</span> <span class='ocrx_word' id='word_1_184' title='bbox 794 4775 915 4850; x_wconf 86' lang='lat' dir='ltr'>partem</span> <span class='ocrx_word' id='word_1_185' title='bbox 930 4768 997 4850; x_wconf 88' lang='lat' dir='ltr'>ejus</span> <span class='ocrx_word' id='word_1_186' title='bbox 1013 4787 1109 4849; x_wconf 90' lang='lat' dir='ltr'>quan-</span> 
     </span>
     <span class='ocr_line' id='line_1_37' title="bbox 315 4857 1109 4939; baseline -0.003 -19"><span class='ocrx_word' id='word_1_187' title='bbox 315 4858 424 4936; x_wconf 90' lang='lat' dir='ltr'>titatis,</span> <span class='ocrx_word' id='word_1_188' title='bbox 439 4877 511 4939; x_wconf 77' lang='lat' dir='ltr'>quae</span> <span class='ocrx_word' id='word_1_189' title='bbox 525 4857 743 4937; x_wconf 87' lang='lat' dir='ltr'>componenda</span> <span class='ocrx_word' id='word_1_190' title='bbox 758 4864 815 4936; x_wconf 91' lang='lat' dir='ltr'>est,</span> <span class='ocrx_word' id='word_1_191' title='bbox 832 4862 864 4920; x_wconf 92' lang='lat' dir='ltr'>et</span> <span class='ocrx_word' id='word_1_192' title='bbox 877 4858 959 4920; x_wconf 88' lang='lat' dir='ltr'>hanc</span> <span class='ocrx_word' id='word_1_193' title='bbox 980 4858 1012 4919; x_wconf 92' lang='lat' dir='ltr'>in</span> <span class='ocrx_word' id='word_1_194' title='bbox 1036 4858 1109 4919; x_wconf 90' lang='lat' dir='ltr'>sub-</span> 
     </span>
     <span class='ocr_line' id='line_1_38' title="bbox 316 4944 1109 5024; baseline -0.001 -18"><span class='ocrx_word' id='word_1_195' title='bbox 316 4944 432 5008; x_wconf 89' lang='lat' dir='ltr'>sidium</span> <span class='ocrx_word' id='word_1_196' title='bbox 459 4945 628 5018; x_wconf 78' lang='lat' dir='ltr'>Crucietae3</span> <span class='ocrx_word' id='word_1_197' title='bbox 659 4945 743 5024; x_wconf 90' lang='lat' dir='ltr'>quod</span> <span class='ocrx_word' id='word_1_198' title='bbox 771 4945 865 5007; x_wconf 91' lang='lat' dir='ltr'>etiam</span> <span class='ocrx_word' id='word_1_199' title='bbox 892 4945 1017 5008; x_wconf 89' lang='lat' dir='ltr'>ordinat</span> <span class='ocrx_word' id='word_1_200' title='bbox 1045 4945 1109 5006; x_wconf 84' lang='lat' dir='ltr'>exi-</span> 
     </span>
     <span class='ocr_line' id='line_1_39' title="bbox 315 5032 1104 5115; baseline 0.005 -21"><span class='ocrx_word' id='word_1_201' title='bbox 315 5033 456 5113; x_wconf 76' lang='lat' dir='ltr'>gendum</span> <span class='ocrx_word' id='word_1_202' title='bbox 473 5033 702 5097; x_wconf 74' lang='lat' dir='ltr'>commissariis</span> <span class='ocrx_word' id='word_1_203' title='bbox 716 5032 748 5094; x_wconf 91' lang='lat' dir='ltr'>in</span> <span class='ocrx_word' id='word_1_204' title='bbox 767 5033 862 5095; x_wconf 92' lang='lat' dir='ltr'>lndiis</span> <span class='ocrx_word' id='word_1_205' title='bbox 883 5033 1104 5115; x_wconf 78' lang='lat' dir='ltr'>subdelegatis.</span> 
     </span>
     <span class='ocr_line' id='line_1_40' title="bbox 316 5121 598 5185; baseline 0.004 -1"><span class='ocrx_word' id='word_1_206' title='bbox 316 5121 395 5184; x_wconf 89' lang='lat' dir='ltr'>Hinc</span> <span class='ocrx_word' id='word_1_207' title='bbox 409 5121 575 5184; x_wconf 85' lang='lat' dir='ltr'>resolvitur</span> <span class='ocrx_word' id='word_1_208' title='bbox 592 5143 598 5185; x_wconf 94' lang='lat'><strong>:</strong></span> 
     </span>
    </p>

    <p class='ocr_par' dir='ltr' id='par_1_11' title="bbox 317 5211 1107 5538">
     <span class='ocr_line' id='line_1_41' title="bbox 357 5211 1107 5292; baseline 0.005 -22"><span class='ocrx_word' id='word_1_209' title='bbox 357 5213 386 5270; x_wconf 84' lang='lat' dir='ltr'>t.</span> <span class='ocrx_word' id='word_1_210' title='bbox 416 5212 451 5272; x_wconf 94' lang='lat' dir='ltr'>ln</span> <span class='ocrx_word' id='word_1_211' title='bbox 479 5227 540 5272; x_wconf 90' lang='lat' dir='ltr'>uno</span> <span class='ocrx_word' id='word_1_212' title='bbox 569 5229 652 5275; x_wconf 89' lang='lat' dir='ltr'>anno</span> <span class='ocrx_word' id='word_1_213' title='bbox 679 5228 742 5274; x_wconf 89' lang='lat' dir='ltr'>non</span> <span class='ocrx_word' id='word_1_214' title='bbox 770 5229 862 5292; x_wconf 88' lang='lat' dir='ltr'>posse</span> <span class='ocrx_word' id='word_1_215' title='bbox 881 5211 981 5292; x_wconf 89' lang='lat' dir='ltr'>accipi</span> <span class='ocrx_word' id='word_1_216' title='bbox 1001 5212 1107 5292; x_wconf 87' lang='lat' dir='ltr'>plures</span> 
     </span>
     <span class='ocr_line' id='line_1_42' title="bbox 317 5297 1107 5380; baseline 0.005 -22"><span class='ocrx_word' id='word_1_217' title='bbox 317 5315 413 5376; x_wconf 87' lang='lat' dir='ltr'>quam</span> <span class='ocrx_word' id='word_1_218' title='bbox 427 5297 654 5379; x_wconf 81' lang='lat' dir='ltr'>quinquaginta</span> <span class='ocrx_word' id='word_1_219' title='bbox 667 5302 772 5362; x_wconf 83' lang='lat' dir='ltr'>Hellas</span> <span class='ocrx_word' id='word_1_220' title='bbox 787 5299 1039 5380; x_wconf 81' lang='lat' dir='ltr'>compositionis3</span> <span class='ocrx_word' id='word_1_221' title='bbox 1056 5299 1107 5362; x_wconf 86' lang='lat' dir='ltr'>nel</span> 
     </span>
     <span class='ocr_line' id='line_1_43' title="bbox 318 5387 1106 5468; baseline 0.006 -24"><span class='ocrx_word' id='word_1_222' title='bbox 318 5389 482 5445; x_wconf 88' lang='lat' dir='ltr'>sumantur</span> <span class='ocrx_word' id='word_1_223' title='bbox 507 5387 637 5468; x_wconf 80' lang='lat' dir='ltr'>singulae</span> <span class='ocrx_word' id='word_1_224' title='bbox 665 5389 807 5468; x_wconf 90' lang='lat' dir='ltr'>seorsim,</span> <span class='ocrx_word' id='word_1_225' title='bbox 833 5389 883 5450; x_wconf 91' lang='lat' dir='ltr'>vel</span> <span class='ocrx_word' id='word_1_226' title='bbox 910 5388 1027 5468; x_wconf 85' lang='lat' dir='ltr'>pluras,</span> <span class='ocrx_word' id='word_1_227' title='bbox 1057 5388 1106 5452; x_wconf 83' lang='lat' dir='ltr'>vel</span> 
     </span>
     <span class='ocr_line' id='line_1_44' title="bbox 319 5473 544 5538; baseline 0.022 -6"><span class='ocrx_word' id='word_1_228' title='bbox 319 5489 427 5534; x_wconf 90' lang='lat' dir='ltr'>omnes</span> <span class='ocrx_word' id='word_1_229' title='bbox 441 5473 544 5538; x_wconf 89' lang='lat' dir='ltr'>simul.</span> 
     </span>
    </p>
   </div>
   <div class='ocr_carea' id='block_1_10' title="bbox 1160 726 1970 5560">
    <p class='ocr_par' dir='ltr' id='par_1_12' title="bbox 1181 719 1970 1581">
     <span class='ocr_line' id='line_1_45' title="bbox 1224 726 1940 810; baseline 0.001 -20"><span class='ocrx_word' id='word_1_230' title='bbox 1224 733 1254 790; x_wconf 79' lang='lat'>2.</span> <span class='ocrx_word' id='word_1_231' title='bbox 1271 728 1359 800; x_wconf 86' lang='lat' dir='ltr'>Quod</span> <span class='ocrx_word' id='word_1_232' title='bbox 1375 727 1401 790; x_wconf 91' lang='lat' dir='ltr'>si</span> <span class='ocrx_word' id='word_1_233' title='bbox 1416 727 1544 808; x_wconf 84' lang='lat' dir='ltr'>quidem</span> <span class='ocrx_word' id='word_1_234' title='bbox 1559 728 1655 791; x_wconf 88' lang='lat' dir='ltr'>debet</span> <span class='ocrx_word' id='word_1_235' title='bbox 1671 727 1756 791; x_wconf 90' lang='lat' dir='ltr'>ultra</span> <span class='ocrx_word' id='word_1_236' title='bbox 1768 726 1811 808; x_wconf 90' lang='lat' dir='ltr'>id,</span> <span class='ocrx_word' id='word_1_237' title='bbox 1828 727 1894 810; x_wconf 87' lang='lat' dir='ltr'>quod</span> <span class='ocrx_word' id='word_1_238' title='bbox 1904 749 1940 810; x_wconf 86' lang='lat' dir='ltr'>per</span> 
     </span>
     <span class='ocr_line' id='line_1_46' title="bbox 1185 817 1939 898; baseline 0.003 -20"><span class='ocrx_word' id='word_1_239' title='bbox 1185 817 1413 898; x_wconf 86' lang='lat' dir='ltr'>quinquaginta</span> <span class='ocrx_word' id='word_1_240' title='bbox 1435 819 1541 880; x_wconf 79' lang='lat' dir='ltr'>bullas</span> <span class='ocrx_word' id='word_1_241' title='bbox 1562 836 1752 896; x_wconf 87' lang='lat' dir='ltr'>componere</span> <span class='ocrx_word' id='word_1_242' title='bbox 1780 818 1877 898; x_wconf 89' lang='lat' dir='ltr'>possit,</span> <span class='ocrx_word' id='word_1_243' title='bbox 1899 838 1939 880; x_wconf 91' lang='lat' dir='ltr'>non</span> 
     </span>
     <span class='ocr_line' id='line_1_47' title="bbox 1184 905 1940 984; baseline 0.003 -17"><span class='ocrx_word' id='word_1_244' title='bbox 1184 906 1289 967; x_wconf 87' lang='lat' dir='ltr'>valeat</span> <span class='ocrx_word' id='word_1_245' title='bbox 1304 905 1429 966; x_wconf 79' lang='lat' dir='ltr'>differre</span> <span class='ocrx_word' id='word_1_246' title='bbox 1453 906 1724 984; x_wconf 90' lang='lat' dir='ltr'>compositionem,</span> <span class='ocrx_word' id='word_1_247' title='bbox 1746 911 1802 969; x_wconf 91' lang='lat' dir='ltr'>aut</span> <span class='ocrx_word' id='word_1_248' title='bbox 1816 908 1940 970; x_wconf 86' lang='lat' dir='ltr'>restitutio</span> 
     </span>
     <span class='ocr_line' id='line_1_48' title="bbox 1184 992 1941 1076; baseline 0.005 -23"><span class='ocrx_word' id='word_1_249' title='bbox 1184 1011 1257 1054; x_wconf 91' lang='lat' dir='ltr'>nem</span> <span class='ocrx_word' id='word_1_250' title='bbox 1285 992 1325 1053; x_wconf 90' lang='lat' dir='ltr'>ad</span> <span class='ocrx_word' id='word_1_251' title='bbox 1365 997 1549 1072; x_wconf 84' lang='lat' dir='ltr'>sequentem</span> <span class='ocrx_word' id='word_1_252' title='bbox 1577 1013 1720 1071; x_wconf 90' lang='lat' dir='ltr'>annum,</span> <span class='ocrx_word' id='word_1_253' title='bbox 1753 1001 1789 1057; x_wconf 94' lang='lat' dir='ltr'>ut</span> <span class='ocrx_word' id='word_1_254' title='bbox 1815 1001 1941 1076; x_wconf 87' lang='lat' dir='ltr'>componat</span> 
     </span>
     <span class='ocr_line' id='line_1_49' title="bbox 1184 1080 1970 1208; baseline 0.001 -65"><span class='ocrx_word' id='word_1_255' title='bbox 1184 1080 1392 1162; x_wconf 88' lang='lat' dir='ltr'>quantitatem</span> <span class='ocrx_word' id='word_1_256' title='bbox 1407 1081 1544 1160; x_wconf 85' lang='lat' dir='ltr'>acceptis</span> <span class='ocrx_word' id='word_1_257' title='bbox 1558 1083 1647 1145; x_wconf 85' lang='lat' dir='ltr'>novis</span> <span class='ocrx_word' id='word_1_258' title='bbox 1671 1083 1781 1159; x_wconf 81' lang='lat' dir='ltr'>Bullia,</span> <span class='ocrx_word' id='word_1_259' title='bbox 1797 1083 1849 1144; x_wconf 88' lang='lat' dir='ltr'>sed</span> <span class='ocrx_word' id='word_1_260' title='bbox 1868 1083 1939 1144; x_wconf 82' lang='lat' dir='ltr'>stetin</span> <span class='ocrx_word' id='word_1_261' title='bbox 1967 1085 1970 1208; x_wconf 63' lang='lat' dir='ltr'>q</span> 
     </span>
     <span class='ocr_line' id='line_1_50' title="bbox 1183 1168 1940 1250; baseline 0.005 -21"><span class='ocrx_word' id='word_1_262' title='bbox 1183 1168 1298 1230; x_wconf 88' lang='lat' dir='ltr'>debeat</span> <span class='ocrx_word' id='word_1_263' title='bbox 1310 1168 1485 1247; x_wconf 90' lang='lat' dir='ltr'>restituere,</span> <span class='ocrx_word' id='word_1_264' title='bbox 1503 1173 1558 1231; x_wconf 90' lang='lat' dir='ltr'>aut</span> <span class='ocrx_word' id='word_1_265' title='bbox 1579 1188 1771 1250; x_wconf 88' lang='lat' dir='ltr'>componere</span> <span class='ocrx_word' id='word_1_266' title='bbox 1794 1189 1862 1232; x_wconf 92' lang='lat' dir='ltr'>cum</span> <span class='ocrx_word' id='word_1_267' title='bbox 1881 1173 1940 1233; x_wconf 83' lang='lat' dir='ltr'>dou-</span> 
     </span>
     <span class='ocr_line' id='line_1_51' title="bbox 1182 1254 1939 1336; baseline 0.007 -21"><span class='ocrx_word' id='word_1_268' title='bbox 1182 1254 1324 1316; x_wconf 83' lang='lat' dir='ltr'>missan&#39;o</span> <span class='ocrx_word' id='word_1_269' title='bbox 1347 1259 1517 1318; x_wconf 86' lang='lat' dir='ltr'>restantem</span> <span class='ocrx_word' id='word_1_270' title='bbox 1538 1255 1625 1316; x_wconf 89' lang='lat' dir='ltr'>illam</span> <span class='ocrx_word' id='word_1_271' title='bbox 1647 1257 1805 1318; x_wconf 90' lang='lat' dir='ltr'>bonorum</span> <span class='ocrx_word' id='word_1_272' title='bbox 1821 1261 1939 1336; x_wconf 82' lang='lat' dir='ltr'>quaritu-</span> 
     </span>
     <span class='ocr_line' id='line_1_52' title="bbox 1182 1343 1938 1424; baseline 0.005 -20"><span class='ocrx_word' id='word_1_273' title='bbox 1182 1346 1257 1404; x_wconf 89' lang='lat' dir='ltr'>tem.</span> <span class='ocrx_word' id='word_1_274' title='bbox 1288 1343 1435 1406; x_wconf 88' lang='lat' dir='ltr'>Peccabit</span> <span class='ocrx_word' id='word_1_275' title='bbox 1460 1347 1567 1406; x_wconf 87' lang='lat' dir='ltr'>autem</span> <span class='ocrx_word' id='word_1_276' title='bbox 1598 1345 1739 1423; x_wconf 78' lang='lat' dir='ltr'>graviter</span> <span class='ocrx_word' id='word_1_277' title='bbox 1776 1344 1938 1424; x_wconf 79' lang='lat' dir='ltr'>differendo,</span> 
     </span>
     <span class='ocr_line' id='line_1_53' title="bbox 1181 1430 1939 1514; baseline 0.007 -23"><span class='ocrx_word' id='word_1_278' title='bbox 1181 1430 1242 1491; x_wconf 91' lang='lat' dir='ltr'>nisi</span> <span class='ocrx_word' id='word_1_279' title='bbox 1264 1431 1370 1494; x_wconf 90' lang='lat' dir='ltr'>dilatio</span> <span class='ocrx_word' id='word_1_280' title='bbox 1395 1431 1471 1494; x_wconf 87' lang='lat' dir='ltr'>alias</span> <span class='ocrx_word' id='word_1_281' title='bbox 1496 1431 1661 1511; x_wconf 87' lang='lat' dir='ltr'>prudentis</span> <span class='ocrx_word' id='word_1_282' title='bbox 1673 1431 1795 1512; x_wconf 89' lang='lat' dir='ltr'>judicio</span> <span class='ocrx_word' id='word_1_283' title='bbox 1806 1433 1939 1514; x_wconf 83' lang='lat' dir='ltr'>justificata</span> 
     </span>
     <span class='ocr_line' id='line_1_54' title="bbox 1181 1518 1284 1581; baseline 0.019 -2"><span class='ocrx_word' id='word_1_284' title='bbox 1181 1518 1284 1581; x_wconf 87' lang='lat' dir='ltr'>suerit.</span> 
     </span>
    </p>

    <p class='ocr_par' dir='ltr' id='par_1_13' title="bbox 1175 1606 1970 3090">
     <span class='ocr_line' id='line_1_55' title="bbox 1219 1606 1938 1688; baseline 0.001 -19"><span class='ocrx_word' id='word_1_285' title='bbox 1219 1609 1249 1669; x_wconf 88' lang='lat'>3.</span> <span class='ocrx_word' id='word_1_286' title='bbox 1262 1606 1410 1680; x_wconf 87' lang='lat' dir='ltr'>Quamvis</span> <span class='ocrx_word' id='word_1_287' title='bbox 1424 1607 1602 1686; x_wconf 87' lang='lat' dir='ltr'>peccaverit</span> <span class='ocrx_word' id='word_1_288' title='bbox 1623 1608 1798 1670; x_wconf 81' lang='lat' dir='ltr'>differendo</span> <span class='ocrx_word' id='word_1_289' title='bbox 1815 1609 1938 1688; x_wconf 85' lang='lat' dir='ltr'>culpabili·</span> 
     </span>
     <span class='ocr_line' id='line_1_56' title="bbox 1179 1685 1970 1774; baseline 0.001 -19"><span class='ocrx_word' id='word_1_290' title='bbox 1179 1696 1228 1755; x_wconf 88' lang='lat' dir='ltr'>ter</span> <span class='ocrx_word' id='word_1_291' title='bbox 1252 1693 1480 1755; x_wconf 90' lang='lat' dir='ltr'>restitutionem</span> <span class='ocrx_word' id='word_1_292' title='bbox 1504 1697 1559 1755; x_wconf 87' lang='lat' dir='ltr'>ant</span> <span class='ocrx_word' id='word_1_293' title='bbox 1582 1685 1853 1773; x_wconf 72' lang='lat' dir='ltr'>compositionem,</span> <span class='ocrx_word' id='word_1_294' title='bbox 1873 1713 1936 1774; x_wconf 78' lang='lat' dir='ltr'>pose</span> <span class='ocrx_word' id='word_1_295' title='bbox 1969 1751 1970 1756; x_wconf 73' lang='grc'>,</span> 
     </span>
     <span class='ocr_line' id='line_1_57' title="bbox 1179 1763 1970 1862; baseline 0.001 -19"><span class='ocrx_word' id='word_1_296' title='bbox 1179 1781 1330 1843; x_wconf 85' lang='lat' dir='ltr'>tamenin</span> <span class='ocrx_word' id='word_1_297' title='bbox 1353 1781 1494 1862; x_wconf 86' lang='lat' dir='ltr'>sequenti</span> <span class='ocrx_word' id='word_1_298' title='bbox 1518 1799 1613 1859; x_wconf 90' lang='lat' dir='ltr'>anno,</span> <span class='ocrx_word' id='word_1_299' title='bbox 1638 1783 1777 1862; x_wconf 89' lang='lat' dir='ltr'>acceptis</span> <span class='ocrx_word' id='word_1_300' title='bbox 1797 1783 1937 1860; x_wconf 86' lang='lat' dir='ltr'>Bullis,de-</span> <span class='ocrx_word' id='word_1_301' title='bbox 1968 1763 1970 1792; x_wconf 74' lang='lat'><strong>¹</strong></span> 
     </span>
     <span class='ocr_line' id='line_1_58' title="bbox 1179 1857 1970 1949; baseline 0.003 -19"><span class='ocrx_word' id='word_1_302' title='bbox 1179 1871 1279 1932; x_wconf 93' lang='lat' dir='ltr'>bitum</span> <span class='ocrx_word' id='word_1_303' title='bbox 1298 1887 1498 1948; x_wconf 89' lang='lat' dir='ltr'>componere.</span> <span class='ocrx_word' id='word_1_304' title='bbox 1519 1873 1627 1949; x_wconf 89' lang='lat' dir='ltr'>Neque</span> <span class='ocrx_word' id='word_1_305' title='bbox 1643 1870 1783 1933; x_wconf 88' lang='lat' dir='ltr'>obstabit</span> <span class='ocrx_word' id='word_1_306' title='bbox 1804 1869 1933 1947; x_wconf 85' lang='lat' dir='ltr'>distulisse,</span> <span class='ocrx_word' id='word_1_307' title='bbox 1966 1857 1970 1928; x_wconf 82' lang='lat' dir='ltr'>l</span> 
     </span>
     <span class='ocr_line' id='line_1_59' title="bbox 1180 1955 1970 2040; baseline 0.005 -23"><span class='ocrx_word' id='word_1_308' title='bbox 1180 1957 1293 2020; x_wconf 88' lang='lat' dir='ltr'>intuitu</span> <span class='ocrx_word' id='word_1_309' title='bbox 1308 1977 1364 2037; x_wconf 89' lang='lat' dir='ltr'>per</span> <span class='ocrx_word' id='word_1_310' title='bbox 1379 1958 1483 2018; x_wconf 87' lang='lat' dir='ltr'>Bnllas</span> <span class='ocrx_word' id='word_1_311' title='bbox 1499 1958 1719 2036; x_wconf 86' lang='lat' dir='ltr'>componendi,</span> <span class='ocrx_word' id='word_1_312' title='bbox 1737 1961 1812 2038; x_wconf 89' lang='lat' dir='ltr'>quia</span> <span class='ocrx_word' id='word_1_313' title='bbox 1830 1961 1935 2040; x_wconf 76' lang='lat' dir='ltr'>quamtis</span> <span class='ocrx_word' id='word_1_314' title='bbox 1969 1955 1970 1968; x_wconf 53' lang='lat'>¹</span> 
     </span>
     <span class='ocr_line' id='line_1_60' title="bbox 1179 1971 1970 2124; baseline 0 -18"><span class='ocrx_word' id='word_1_315' title='bbox 1179 2046 1268 2106; x_wconf 84' lang='lat' dir='ltr'>bulla</span> <span class='ocrx_word' id='word_1_316' title='bbox 1281 2063 1343 2106; x_wconf 93' lang='lat' dir='ltr'>non</span> <span class='ocrx_word' id='word_1_317' title='bbox 1363 2046 1462 2123; x_wconf 91' lang='lat' dir='ltr'>prosit</span> <span class='ocrx_word' id='word_1_318' title='bbox 1483 2045 1530 2106; x_wconf 90' lang='lat' dir='ltr'>his</span> <span class='ocrx_word' id='word_1_319' title='bbox 1549 2046 1601 2124; x_wconf 91' lang='lat' dir='ltr'>qui</span> <span class='ocrx_word' id='word_1_320' title='bbox 1616 2045 1648 2105; x_wconf 92' lang='lat' dir='ltr'>in</span> <span class='ocrx_word' id='word_1_321' title='bbox 1663 2047 1727 2106; x_wconf 87' lang='lat' dir='ltr'>fide</span> <span class='ocrx_word' id='word_1_322' title='bbox 1749 2049 1842 2108; x_wconf 83' lang='lat' dir='ltr'>Bulla</span> <span class='ocrx_word' id='word_1_323' title='bbox 1860 2049 1933 2108; x_wconf 88' lang='lat' dir='ltr'>aliena</span> <span class='ocrx_word' id='word_1_324' title='bbox 1967 1971 1970 2124; x_wconf 69' lang='lat' dir='ltr'>i</span> 
     </span>
     <span class='ocr_line' id='line_1_61' title="bbox 1178 2131 1970 2218; baseline 0.003 -26"><span class='ocrx_word' id='word_1_325' title='bbox 1178 2149 1367 2210; x_wconf 86' lang='lat' dir='ltr'>usurpavere</span> <span class='ocrx_word' id='word_1_326' title='bbox 1381 2132 1476 2208; x_wconf 89' lang='lat' dir='ltr'>bona,</span> <span class='ocrx_word' id='word_1_327' title='bbox 1492 2131 1552 2192; x_wconf 91' lang='lat' dir='ltr'>illis</span> <span class='ocrx_word' id='word_1_328' title='bbox 1565 2137 1671 2191; x_wconf 84' lang='lat' dir='ltr'>tamen</span> <span class='ocrx_word' id='word_1_329' title='bbox 1689 2133 1742 2213; x_wconf 87' lang='lat' dir='ltr'>qui</span> <span class='ocrx_word' id='word_1_330' title='bbox 1759 2134 1851 2194; x_wconf 83' lang='lat' dir='ltr'>Bulla</span> <span class='ocrx_word' id='word_1_331' title='bbox 1864 2134 1935 2194; x_wconf 80' lang='lat' dir='ltr'>suden-</span> <span class='ocrx_word' id='word_1_332' title='bbox 1968 2151 1970 2218; x_wconf 56' lang='grc' dir='ltr'>ξ</span> 
     </span>
     <span class='ocr_line' id='line_1_62' title="bbox 1178 2218 1970 2296; baseline -0.006 -14"><span class='ocrx_word' id='word_1_333' title='bbox 1178 2224 1234 2296; x_wconf 85' lang='lat' dir='ltr'>tea,</span> <span class='ocrx_word' id='word_1_334' title='bbox 1251 2219 1478 2280; x_wconf 88' lang='lat' dir='ltr'>restitutionem</span> <span class='ocrx_word' id='word_1_335' title='bbox 1501 2218 1701 2295; x_wconf 88' lang='lat' dir='ltr'>distulerunt,</span> <span class='ocrx_word' id='word_1_336' title='bbox 1718 2219 1935 2281; x_wconf 81' lang='lat' dir='ltr'>uideturnolitn·</span> <span class='ocrx_word' id='word_1_337' title='bbox 1968 2219 1970 2234; x_wconf 93' lang='lat'>&#39;</span> 
     </span>
     <span class='ocr_line' id='line_1_63' title="bbox 1177 2306 1934 2387; baseline -0.004 -18"><span class='ocrx_word' id='word_1_338' title='bbox 1177 2326 1223 2386; x_wconf 92' lang='lat' dir='ltr'>ra,</span> <span class='ocrx_word' id='word_1_339' title='bbox 1240 2308 1315 2387; x_wconf 90' lang='lat' dir='ltr'>quia</span> <span class='ocrx_word' id='word_1_340' title='bbox 1328 2307 1419 2368; x_wconf 88' lang='lat' dir='ltr'>valde</span> <span class='ocrx_word' id='word_1_341' title='bbox 1441 2306 1566 2368; x_wconf 86' lang='lat' dir='ltr'>diversa</span> <span class='ocrx_word' id='word_1_342' title='bbox 1580 2311 1653 2369; x_wconf 90' lang='lat' dir='ltr'>sunt</span> <span class='ocrx_word' id='word_1_343' title='bbox 1671 2307 1740 2370; x_wconf 85' lang='lat' dir='ltr'>haec</span> <span class='ocrx_word' id='word_1_344' title='bbox 1756 2308 1817 2370; x_wconf 93' lang='lat' dir='ltr'>duo</span> <span class='ocrx_word' id='word_1_345' title='bbox 1832 2329 1838 2368; x_wconf 93' lang='lat'>:</span> <span class='ocrx_word' id='word_1_346' title='bbox 1854 2325 1934 2384; x_wconf 85' lang='lat' dir='ltr'>nempe</span> 
     </span>
     <span class='ocr_line' id='line_1_64' title="bbox 1179 2395 1934 2476; baseline -0.004 -18"><span class='ocrx_word' id='word_1_347' title='bbox 1179 2415 1329 2476; x_wconf 85' lang='lat' dir='ltr'>usurpare</span> <span class='ocrx_word' id='word_1_348' title='bbox 1349 2395 1381 2456; x_wconf 90' lang='lat' dir='ltr'>in</span> <span class='ocrx_word' id='word_1_349' title='bbox 1404 2395 1466 2456; x_wconf 79' lang='lat' dir='ltr'>sude</span> <span class='ocrx_word' id='word_1_350' title='bbox 1486 2395 1596 2472; x_wconf 76' lang='lat' dir='ltr'>Bulla,</span> <span class='ocrx_word' id='word_1_351' title='bbox 1613 2400 1645 2456; x_wconf 91' lang='lat' dir='ltr'>et</span> <span class='ocrx_word' id='word_1_352' title='bbox 1658 2395 1787 2458; x_wconf 78' lang='lat' dir='ltr'>differre</span> <span class='ocrx_word' id='word_1_353' title='bbox 1802 2395 1934 2457; x_wconf 86' lang='lat' dir='ltr'>restitutio</span> 
     </span>
     <span class='ocr_line' id='line_1_65' title="bbox 1177 2480 1970 2562; baseline -0.006 -17"><span class='ocrx_word' id='word_1_354' title='bbox 1177 2485 1294 2545; x_wconf 90' lang='lat' dir='ltr'>nemin</span> <span class='ocrx_word' id='word_1_355' title='bbox 1309 2483 1370 2544; x_wconf 84' lang='lat' dir='ltr'>ilde</span> <span class='ocrx_word' id='word_1_356' title='bbox 1390 2481 1551 2562; x_wconf 88' lang='lat' dir='ltr'>ejusdem;</span> <span class='ocrx_word' id='word_1_357' title='bbox 1568 2486 1686 2544; x_wconf 91' lang='lat' dir='ltr'>etcum</span> <span class='ocrx_word' id='word_1_358' title='bbox 1702 2483 1782 2545; x_wconf 87' lang='lat' dir='ltr'>alias</span> <span class='ocrx_word' id='word_1_359' title='bbox 1798 2483 1861 2560; x_wconf 90' lang='lat' dir='ltr'>boc,</span> <span class='ocrx_word' id='word_1_360' title='bbox 1877 2480 1935 2561; x_wconf 87' lang='lat' dir='ltr'>quod</span> <span class='ocrx_word' id='word_1_361' title='bbox 1968 2525 1970 2560; x_wconf 68' lang='lat' dir='ltr'>r</span> 
     </span>
     <span class='ocr_line' id='line_1_66' title="bbox 1177 2567 1970 2650; baseline -0.001 -15"><span class='ocrx_word' id='word_1_362' title='bbox 1177 2577 1300 2636; x_wconf 88' lang='lat' dir='ltr'>estnon</span> <span class='ocrx_word' id='word_1_363' title='bbox 1315 2573 1418 2633; x_wconf 90' lang='lat' dir='ltr'>valere</span> <span class='ocrx_word' id='word_1_364' title='bbox 1434 2572 1567 2648; x_wconf 82' lang='lat' dir='ltr'>bullam,</span> <span class='ocrx_word' id='word_1_365' title='bbox 1578 2571 1618 2633; x_wconf 89' lang='lat' dir='ltr'>sit</span> <span class='ocrx_word' id='word_1_366' title='bbox 1633 2571 1855 2650; x_wconf 89' lang='lat' dir='ltr'>odiosum,non</span> <span class='ocrx_word' id='word_1_367' title='bbox 1866 2571 1936 2631; x_wconf 86' lang='lat' dir='ltr'>debet</span> <span class='ocrx_word' id='word_1_368' title='bbox 1968 2567 1970 2634; x_wconf 81' lang='lat' dir='ltr'>i</span> 
     </span>
     <span class='ocr_line' id='line_1_67' title="bbox 1177 2637 1970 2742; baseline -0.008 -18"><span class='ocrx_word' id='word_1_369' title='bbox 1177 2660 1330 2742; x_wconf 89' lang='lat' dir='ltr'>ampliari.</span> <span class='ocrx_word' id='word_1_370' title='bbox 1346 2661 1386 2722; x_wconf 82' lang='lat' dir='ltr'>nt</span> <span class='ocrx_word' id='word_1_371' title='bbox 1399 2660 1424 2720; x_wconf 90' lang='lat' dir='ltr'>si</span> <span class='ocrx_word' id='word_1_372' title='bbox 1439 2659 1556 2720; x_wconf 83' lang='lat' dir='ltr'>fidncia</span> <span class='ocrx_word' id='word_1_373' title='bbox 1574 2659 1715 2738; x_wconf 86' lang='lat' dir='ltr'>privaret</span> <span class='ocrx_word' id='word_1_374' title='bbox 1730 2660 1791 2720; x_wconf 91' lang='lat' dir='ltr'>boc</span> <span class='ocrx_word' id='word_1_375' title='bbox 1805 2656 1933 2732; x_wconf 80' lang='lat' dir='ltr'>beneficio,</span> <span class='ocrx_word' id='word_1_376' title='bbox 1968 2637 1970 2686; x_wconf 73' lang='lat'>¹</span> 
     </span>
     <span class='ocr_line' id='line_1_68' title="bbox 1177 2744 1970 2848; baseline -0.005 -40"><span class='ocrx_word' id='word_1_377' title='bbox 1177 2745 1547 2826; x_wconf 90' lang='lat' dir='ltr'>adbucperspioiendum</span> <span class='ocrx_word' id='word_1_378' title='bbox 1568 2750 1626 2824; x_wconf 89' lang='lat' dir='ltr'>est,</span> <span class='ocrx_word' id='word_1_379' title='bbox 1652 2763 1693 2806; x_wconf 90' lang='lat' dir='ltr'>an</span> <span class='ocrx_word' id='word_1_380' title='bbox 1719 2747 1887 2826; x_wconf 91' lang='lat' dir='ltr'>compositio</span> <span class='ocrx_word' id='word_1_381' title='bbox 1902 2744 1935 2804; x_wconf 88' lang='lat' dir='ltr'>di·</span> <span class='ocrx_word' id='word_1_382' title='bbox 1968 2781 1970 2848; x_wconf 57' lang='lat' dir='ltr'>q</span> 
     </span>
     <span class='ocr_line' id='line_1_69' title="bbox 1176 2831 1970 2906; baseline -0.006 -10"><span class='ocrx_word' id='word_1_383' title='bbox 1176 2835 1240 2898; x_wconf 89' lang='lat' dir='ltr'>lata</span> <span class='ocrx_word' id='word_1_384' title='bbox 1254 2835 1346 2896; x_wconf 86' lang='lat' dir='ltr'>fuerit</span> <span class='ocrx_word' id='word_1_385' title='bbox 1359 2835 1391 2894; x_wconf 91' lang='lat' dir='ltr'>in</span> <span class='ocrx_word' id='word_1_386' title='bbox 1410 2833 1537 2906; x_wconf 81' lang='lat' dir='ltr'>fiducia,</span> <span class='ocrx_word' id='word_1_387' title='bbox 1554 2838 1609 2894; x_wconf 91' lang='lat' dir='ltr'>aut</span> <span class='ocrx_word' id='word_1_388' title='bbox 1633 2850 1706 2893; x_wconf 89' lang='lat' dir='ltr'>eum</span> <span class='ocrx_word' id='word_1_389' title='bbox 1723 2833 1836 2895; x_wconf 86' lang='lat' dir='ltr'>fiducia</span> <span class='ocrx_word' id='word_1_390' title='bbox 1853 2831 1934 2906; x_wconf 84' lang='lat' dir='ltr'>bulla,</span> <span class='ocrx_word' id='word_1_391' title='bbox 1968 2849 1970 2904; x_wconf 66' lang='lat'><em>3</em></span> 
     </span>
     <span class='ocr_line' id='line_1_70' title="bbox 1176 2907 1970 3003; baseline -0.008 -19"><span class='ocrx_word' id='word_1_392' title='bbox 1176 2923 1251 3003; x_wconf 90' lang='lat' dir='ltr'>quia</span> <span class='ocrx_word' id='word_1_393' title='bbox 1264 2923 1289 2983; x_wconf 92' lang='lat' dir='ltr'>si</span> <span class='ocrx_word' id='word_1_394' title='bbox 1305 2922 1400 2983; x_wconf 91' lang='lat' dir='ltr'>dilata</span> <span class='ocrx_word' id='word_1_395' title='bbox 1415 2920 1473 2982; x_wconf 85' lang='lat' dir='ltr'>fuit</span> <span class='ocrx_word' id='word_1_396' title='bbox 1486 2939 1558 2982; x_wconf 90' lang='lat' dir='ltr'>oum</span> <span class='ocrx_word' id='word_1_397' title='bbox 1572 2920 1699 2998; x_wconf 87' lang='lat' dir='ltr'>lldueia,</span> <span class='ocrx_word' id='word_1_398' title='bbox 1717 2920 1820 2982; x_wconf 89' lang='lat' dir='ltr'>adhue</span> <span class='ocrx_word' id='word_1_399' title='bbox 1836 2937 1935 2998; x_wconf 81' lang='lat' dir='ltr'>compo</span> <span class='ocrx_word' id='word_1_400' title='bbox 1968 2907 1970 2978; x_wconf 79' lang='grc' dir='ltr'><strong>ἓ</strong></span> 
     </span>
     <span class='ocr_line' id='line_1_71' title="bbox 1175 2991 1970 3090; baseline -0.006 -18"><span class='ocrx_word' id='word_1_401' title='bbox 1175 3011 1245 3072; x_wconf 92' lang='lat' dir='ltr'>sitio</span> <span class='ocrx_word' id='word_1_402' title='bbox 1255 3013 1358 3090; x_wconf 89' lang='lat' dir='ltr'>potest</span> <span class='ocrx_word' id='word_1_403' title='bbox 1367 3009 1433 3069; x_wconf 81' lang='lat' dir='ltr'>lteri</span> <span class='ocrx_word' id='word_1_404' title='bbox 1445 3027 1502 3088; x_wconf 91' lang='lat' dir='ltr'>per</span> <span class='ocrx_word' id='word_1_405' title='bbox 1512 3008 1645 3070; x_wconf 90' lang='lat' dir='ltr'>Bullam.</span> <span class='ocrx_word' id='word_1_406' title='bbox 1658 3008 1774 3071; x_wconf 85' lang='lat' dir='ltr'>Mende</span> <span class='ocrx_word' id='word_1_407' title='bbox 1783 3008 1934 3086; x_wconf 70' lang='lat' dir='ltr'>aeeon.</span> <span class='ocrx_word' id='word_1_408' title='bbox 1968 2991 1970 3054; x_wconf 66' lang='lat' dir='ltr'>l</span> 
     </span>
    </p>

    <p class='ocr_par' dir='ltr' id='par_1_14' title="bbox 1165 3096 1970 4414">
     <span class='ocr_line' id='line_1_72' title="bbox 1213 3096 1970 3176; baseline -0.004 -18"><span class='ocrx_word' id='word_1_409' title='bbox 1213 3102 1243 3159; x_wconf 75' lang='lat' dir='ltr'>l.</span> <span class='ocrx_word' id='word_1_410' title='bbox 1261 3096 1389 3170; x_wconf 84' lang='lat' dir='ltr'>Quodsi</span> <span class='ocrx_word' id='word_1_411' title='bbox 1405 3097 1474 3176; x_wconf 90' lang='lat' dir='ltr'>quis</span> <span class='ocrx_word' id='word_1_412' title='bbox 1497 3114 1669 3176; x_wconf 88' lang='lat' dir='ltr'>peronam</span> <span class='ocrx_word' id='word_1_413' title='bbox 1693 3097 1815 3158; x_wconf 88' lang='lat' dir='ltr'>Bullam</span> <span class='ocrx_word' id='word_1_414' title='bbox 1836 3113 1934 3172; x_wconf 85' lang='lat' dir='ltr'>compo</span> <span class='ocrx_word' id='word_1_415' title='bbox 1968 3099 1970 3170; x_wconf 70' lang='lat' dir='ltr'>t</span> 
     </span>
     <span class='ocr_line' id='line_1_73' title="bbox 1174 3173 1970 3266; baseline -0.01 -18"><span class='ocrx_word' id='word_1_416' title='bbox 1174 3186 1271 3248; x_wconf 91' lang='lat' dir='ltr'>suerit</span> <span class='ocrx_word' id='word_1_417' title='bbox 1284 3185 1439 3246; x_wconf 88' lang='lat' dir='ltr'>minorem</span> <span class='ocrx_word' id='word_1_418' title='bbox 1448 3183 1657 3266; x_wconf 85' lang='lat' dir='ltr'>quantitatem</span> <span class='ocrx_word' id='word_1_419' title='bbox 1667 3201 1764 3264; x_wconf 88' lang='lat' dir='ltr'>quam</span> <span class='ocrx_word' id='word_1_420' title='bbox 1780 3198 1934 3264; x_wconf 87' lang='lat' dir='ltr'>componere</span> <span class='ocrx_word' id='word_1_421' title='bbox 1967 3173 1970 3250; x_wconf 84' lang='grc'>1</span> 
     </span>
     <span class='ocr_line' id='line_1_74' title="bbox 1173 3255 1970 3354; baseline -0.009 -19"><span class='ocrx_word' id='word_1_422' title='bbox 1173 3272 1334 3354; x_wconf 89' lang='lat' dir='ltr'>potuisset,</span> <span class='ocrx_word' id='word_1_423' title='bbox 1351 3292 1381 3334; x_wconf 91' lang='lat' dir='ltr'>v.</span> <span class='ocrx_word' id='word_1_424' title='bbox 1407 3291 1438 3351; x_wconf 78' lang='lat' dir='ltr'>g.</span> <span class='ocrx_word' id='word_1_425' title='bbox 1464 3271 1593 3352; x_wconf 80' lang='lat' dir='ltr'>triginta</span> <span class='ocrx_word' id='word_1_426' title='bbox 1613 3275 1792 3352; x_wconf 83' lang='lat' dir='ltr'>argenteos,</span> <span class='ocrx_word' id='word_1_427' title='bbox 1807 3273 1832 3333; x_wconf 90' lang='lat' dir='ltr'>si</span> <span class='ocrx_word' id='word_1_428' title='bbox 1850 3277 1934 3350; x_wconf 84' lang='lat' dir='ltr'>postes</span> <span class='ocrx_word' id='word_1_429' title='bbox 1968 3255 1970 3298; x_wconf 78' lang='lat'><strong>⁴</strong></span> 
     </span>
     <span class='ocr_line' id='line_1_75' title="bbox 1172 3359 1934 3442; baseline -0.012 -19"><span class='ocrx_word' id='word_1_430' title='bbox 1172 3361 1372 3424; x_wconf 87' lang='lat' dir='ltr'>contraheret</span> <span class='ocrx_word' id='word_1_431' title='bbox 1399 3359 1484 3420; x_wconf 88' lang='lat' dir='ltr'>aliud</span> <span class='ocrx_word' id='word_1_432' title='bbox 1513 3359 1679 3438; x_wconf 89' lang='lat' dir='ltr'>debitum,</span> <span class='ocrx_word' id='word_1_433' title='bbox 1708 3361 1798 3442; x_wconf 84' lang='lat' dir='ltr'>cujus</span> <span class='ocrx_word' id='word_1_434' title='bbox 1823 3359 1934 3421; x_wconf 86' lang='lat' dir='ltr'>incertos</span> 
     </span>
     <span class='ocr_line' id='line_1_76' title="bbox 1171 3446 1934 3528; baseline -0.013 -17"><span class='ocrx_word' id='word_1_435' title='bbox 1171 3455 1253 3511; x_wconf 90' lang='lat' dir='ltr'>esset</span> <span class='ocrx_word' id='word_1_436' title='bbox 1267 3447 1423 3525; x_wconf 91' lang='lat' dir='ltr'>dominus,</span> <span class='ocrx_word' id='word_1_437' title='bbox 1440 3467 1471 3509; x_wconf 93' lang='lat' dir='ltr'>v.</span> <span class='ocrx_word' id='word_1_438' title='bbox 1489 3466 1520 3528; x_wconf 83' lang='lat' dir='ltr'>g.</span> <span class='ocrx_word' id='word_1_439' title='bbox 1538 3446 1681 3509; x_wconf 87' lang='lat' dir='ltr'>debitum</span> <span class='ocrx_word' id='word_1_440' title='bbox 1703 3446 1813 3528; x_wconf 83' lang='lat' dir='ltr'>viginti</span> <span class='ocrx_word' id='word_1_441' title='bbox 1833 3449 1861 3508; x_wconf 90' lang='lat' dir='ltr'>et</span> <span class='ocrx_word' id='word_1_442' title='bbox 1883 3449 1934 3505; x_wconf 87' lang='lat' dir='ltr'>octo</span> 
     </span>
     <span class='ocr_line' id='line_1_77' title="bbox 1170 3529 1932 3618; baseline -0.013 -18"><span class='ocrx_word' id='word_1_443' title='bbox 1170 3542 1403 3618; x_wconf 86' lang='lat' dir='ltr'>argenteorum,</span> <span class='ocrx_word' id='word_1_444' title='bbox 1429 3553 1491 3597; x_wconf 91' lang='lat' dir='ltr'>non</span> <span class='ocrx_word' id='word_1_445' title='bbox 1515 3535 1613 3614; x_wconf 89' lang='lat' dir='ltr'>possit</span> <span class='ocrx_word' id='word_1_446' title='bbox 1632 3552 1818 3615; x_wconf 88' lang='lat' dir='ltr'>componere</span> <span class='ocrx_word' id='word_1_447' title='bbox 1835 3533 1883 3594; x_wconf 88' lang='lat' dir='ltr'>bos</span> <span class='ocrx_word' id='word_1_448' title='bbox 1898 3529 1932 3590; x_wconf 78' lang='lat' dir='ltr'>si-</span> 
     </span>
     <span class='ocr_line' id='line_1_78' title="bbox 1169 3620 1970 3706; baseline -0.014 -19"><span class='ocrx_word' id='word_1_449' title='bbox 1169 3627 1258 3706; x_wconf 86' lang='lat' dir='ltr'>ginti,</span> <span class='ocrx_word' id='word_1_450' title='bbox 1284 3631 1316 3688; x_wconf 93' lang='lat' dir='ltr'>et</span> <span class='ocrx_word' id='word_1_451' title='bbox 1336 3629 1406 3686; x_wconf 89' lang='lat' dir='ltr'>octo</span> <span class='ocrx_word' id='word_1_452' title='bbox 1427 3629 1604 3704; x_wconf 84' lang='lat' dir='ltr'>argenteos,</span> <span class='ocrx_word' id='word_1_453' title='bbox 1625 3642 1683 3702; x_wconf 88' lang='lat' dir='ltr'>per</span> <span class='ocrx_word' id='word_1_454' title='bbox 1702 3623 1788 3685; x_wconf 90' lang='lat' dir='ltr'>illam</span> <span class='ocrx_word' id='word_1_455' title='bbox 1814 3620 1934 3684; x_wconf 82' lang='lat' dir='ltr'>eamdent</span> <span class='ocrx_word' id='word_1_456' title='bbox 1968 3677 1970 3704; x_wconf 28' lang='grc' dir='ltr'>ἒ</span> 
     </span>
     <span class='ocr_line' id='line_1_79' title="bbox 1168 3705 1970 3793; baseline -0.016 -17"><span class='ocrx_word' id='word_1_457' title='bbox 1168 3711 1933 3793; x_wconf 82' lang='lat' dir='ltr'>Bullam,perquamcomposuerattriginta,qnem·</span> <span class='ocrx_word' id='word_1_458' title='bbox 1968 3705 1970 3782; x_wconf 74' lang='lat' dir='ltr'>l</span> 
     </span>
     <span class='ocr_line' id='line_1_80' title="bbox 1167 3799 1933 3882; baseline -0.017 -17"><span class='ocrx_word' id='word_1_459' title='bbox 1167 3803 1214 3866; x_wconf 91' lang='lat' dir='ltr'>vis</span> <span class='ocrx_word' id='word_1_460' title='bbox 1229 3801 1343 3864; x_wconf 90' lang='lat' dir='ltr'>necilli</span> <span class='ocrx_word' id='word_1_461' title='bbox 1359 3801 1497 3882; x_wconf 78' lang='lat' dir='ltr'>triginta,</span> <span class='ocrx_word' id='word_1_462' title='bbox 1514 3819 1615 3881; x_wconf 89' lang='lat' dir='ltr'>neque</span> <span class='ocrx_word' id='word_1_463' title='bbox 1629 3799 1680 3862; x_wconf 88' lang='lat' dir='ltr'>isti</span> <span class='ocrx_word' id='word_1_464' title='bbox 1703 3799 1815 3880; x_wconf 79' lang='lat' dir='ltr'>viginti</span> <span class='ocrx_word' id='word_1_465' title='bbox 1833 3801 1861 3858; x_wconf 90' lang='lat' dir='ltr'>ct</span> <span class='ocrx_word' id='word_1_466' title='bbox 1879 3799 1933 3855; x_wconf 86' lang='lat' dir='ltr'>octo</span> 
     </span>
     <span class='ocr_line' id='line_1_81' title="bbox 1167 3869 1970 3980; baseline -0.009 -27"><span class='ocrx_word' id='word_1_467' title='bbox 1167 3891 1308 3971; x_wconf 88' lang='lat' dir='ltr'>argentei</span> <span class='ocrx_word' id='word_1_468' title='bbox 1346 3890 1499 3951; x_wconf 88' lang='lat' dir='ltr'>excedant</span> <span class='ocrx_word' id='word_1_469' title='bbox 1535 3887 1766 3969; x_wconf 84' lang='lat' dir='ltr'>quantitatem,</span> <span class='ocrx_word' id='word_1_470' title='bbox 1796 3903 1859 3967; x_wconf 81' lang='lat' dir='ltr'>qus</span> <span class='ocrx_word' id='word_1_471' title='bbox 1889 3897 1933 3961; x_wconf 79' lang='lat' dir='ltr'>ptr</span> <span class='ocrx_word' id='word_1_472' title='bbox 1966 3869 1970 3980; x_wconf 68' lang='lat' dir='ltr'>q&#39;</span> 
     </span>
     <span class='ocr_line' id='line_1_82' title="bbox 1169 3969 1970 4059; baseline -0.019 -17"><span class='ocrx_word' id='word_1_473' title='bbox 1169 4000 1264 4043; x_wconf 90' lang='lat' dir='ltr'>unam</span> <span class='ocrx_word' id='word_1_474' title='bbox 1287 3980 1410 4042; x_wconf 89' lang='lat' dir='ltr'>Bullam</span> <span class='ocrx_word' id='word_1_475' title='bbox 1435 3978 1580 4057; x_wconf 86' lang='lat' dir='ltr'>componi</span> <span class='ocrx_word' id='word_1_476' title='bbox 1602 3981 1736 4057; x_wconf 88' lang='lat' dir='ltr'>potest:</span> <span class='ocrx_word' id='word_1_477' title='bbox 1769 3977 1840 4059; x_wconf 91' lang='lat' dir='ltr'>quia</span> <span class='ocrx_word' id='word_1_478' title='bbox 1863 3969 1933 4034; x_wconf 84' lang='lat' dir='ltr'>Bulla</span> <span class='ocrx_word' id='word_1_479' title='bbox 1967 3985 1970 4006; x_wconf 76' lang='lat'><strong>¹</strong></span> 
     </span>
     <span class='ocr_line' id='line_1_83' title="bbox 1168 4059 1933 4131; baseline -0.02 0"><span class='ocrx_word' id='word_1_480' title='bbox 1168 4088 1231 4131; x_wconf 93' lang='lat' dir='ltr'>non</span> <span class='ocrx_word' id='word_1_481' title='bbox 1251 4069 1335 4131; x_wconf 82' lang='lat' dir='ltr'>valet</span> <span class='ocrx_word' id='word_1_482' title='bbox 1357 4067 1398 4128; x_wconf 90' lang='lat' dir='ltr'>ad</span> <span class='ocrx_word' id='word_1_483' title='bbox 1422 4065 1563 4127; x_wconf 90' lang='lat' dir='ltr'>debitum</span> <span class='ocrx_word' id='word_1_484' title='bbox 1585 4065 1624 4126; x_wconf 92' lang='lat' dir='ltr'>de</span> <span class='ocrx_word' id='word_1_485' title='bbox 1648 4065 1753 4126; x_wconf 83' lang='lat' dir='ltr'>futuro</span> <span class='ocrx_word' id='word_1_486' title='bbox 1773 4059 1933 4125; x_wconf 88' lang='lat' dir='ltr'>contraben-</span> 
     </span>
     <span class='ocr_line' id='line_1_84' title="bbox 1166 4149 1932 4242; baseline -0.018 -23"><span class='ocrx_word' id='word_1_487' title='bbox 1166 4157 1253 4235; x_wconf 85' lang='lat' dir='ltr'>dum,</span> <span class='ocrx_word' id='word_1_488' title='bbox 1279 4155 1335 4218; x_wconf 91' lang='lat' dir='ltr'>sed</span> <span class='ocrx_word' id='word_1_489' title='bbox 1358 4154 1399 4216; x_wconf 90' lang='lat' dir='ltr'>ad</span> <span class='ocrx_word' id='word_1_490' title='bbox 1421 4151 1562 4216; x_wconf 91' lang='lat' dir='ltr'>debitum</span> <span class='ocrx_word' id='word_1_491' title='bbox 1578 4152 1647 4233; x_wconf 84' lang='lat' dir='ltr'>jam</span> <span class='ocrx_word' id='word_1_492' title='bbox 1660 4152 1700 4212; x_wconf 89' lang='lat' dir='ltr'>de</span> <span class='ocrx_word' id='word_1_493' title='bbox 1715 4149 1865 4232; x_wconf 74' lang='lat' dir='ltr'>preterito</span> <span class='ocrx_word' id='word_1_494' title='bbox 1877 4161 1932 4242; x_wconf 78' lang='lat' dir='ltr'>coq-</span> 
     </span>
     <span class='ocr_line' id='line_1_85' title="bbox 1165 4237 1932 4321; baseline -0.023 -13"><span class='ocrx_word' id='word_1_495' title='bbox 1165 4249 1301 4308; x_wconf 89' lang='lat' dir='ltr'>tractum</span> <span class='ocrx_word' id='word_1_496' title='bbox 1323 4250 1354 4304; x_wconf 90' lang='lat' dir='ltr'>et</span> <span class='ocrx_word' id='word_1_497' title='bbox 1376 4240 1561 4321; x_wconf 89' lang='lat' dir='ltr'>compositio</span> <span class='ocrx_word' id='word_1_498' title='bbox 1583 4240 1702 4317; x_wconf 86' lang='lat' dir='ltr'>linitur,</span> <span class='ocrx_word' id='word_1_499' title='bbox 1726 4237 1848 4320; x_wconf 90' lang='lat' dir='ltr'>quando</span> <span class='ocrx_word' id='word_1_500' title='bbox 1870 4248 1932 4294; x_wconf 75' lang='lat' dir='ltr'>acce</span> 
     </span>
     <span class='ocr_line' id='line_1_86' title="bbox 1165 4326 1806 4414; baseline -0.014 -19"><span class='ocrx_word' id='word_1_501' title='bbox 1165 4333 1250 4414; x_wconf 87' lang='lat' dir='ltr'>pitur</span> <span class='ocrx_word' id='word_1_502' title='bbox 1263 4331 1363 4408; x_wconf 88' lang='lat' dir='ltr'>Bulla,</span> <span class='ocrx_word' id='word_1_503' title='bbox 1381 4346 1439 4391; x_wconf 90' lang='lat' dir='ltr'>nec</span> <span class='ocrx_word' id='word_1_504' title='bbox 1453 4331 1557 4409; x_wconf 88' lang='lat' dir='ltr'>potest</span> <span class='ocrx_word' id='word_1_505' title='bbox 1570 4328 1653 4389; x_wconf 87' lang='lat' dir='ltr'>ultra</span> <span class='ocrx_word' id='word_1_506' title='bbox 1667 4326 1806 4389; x_wconf 82' lang='lat' dir='ltr'>extendi.</span> 
     </span>
    </p>

    <p class='ocr_par' dir='ltr' id='par_1_15' title="bbox 1162 4406 1970 5207">
     <span class='ocr_line' id='line_1_87' title="bbox 1203 4406 1931 4496; baseline -0.025 -11"><span class='ocrx_word' id='word_1_507' title='bbox 1203 4425 1234 4485; x_wconf 80' lang='grc'>5.</span> <span class='ocrx_word' id='word_1_508' title='bbox 1251 4420 1340 4496; x_wconf 84' lang='lat' dir='ltr'>Quod</span> <span class='ocrx_word' id='word_1_509' title='bbox 1363 4419 1388 4480; x_wconf 89' lang='lat' dir='ltr'>si</span> <span class='ocrx_word' id='word_1_510' title='bbox 1412 4437 1493 4480; x_wconf 90' lang='lat' dir='ltr'>unus</span> <span class='ocrx_word' id='word_1_511' title='bbox 1513 4416 1628 4478; x_wconf 87' lang='lat' dir='ltr'>debeat</span> <span class='ocrx_word' id='word_1_512' title='bbox 1651 4415 1744 4478; x_wconf 88' lang='lat' dir='ltr'>alicui</span> <span class='ocrx_word' id='word_1_513' title='bbox 1766 4413 1883 4475; x_wconf 90' lang='lat' dir='ltr'>domiuo</span> <span class='ocrx_word' id='word_1_514' title='bbox 1896 4406 1931 4467; x_wconf 91' lang='lat' dir='ltr'>in·</span> 
     </span>
     <span class='ocr_line' id='line_1_88' title="bbox 1165 4495 1933 4594; baseline -0.022 -19"><span class='ocrx_word' id='word_1_515' title='bbox 1165 4515 1252 4575; x_wconf 90' lang='lat' dir='ltr'>certo</span> <span class='ocrx_word' id='word_1_516' title='bbox 1294 4509 1424 4589; x_wconf 83' lang='lat' dir='ltr'>triginta</span> <span class='ocrx_word' id='word_1_517' title='bbox 1464 4510 1632 4586; x_wconf 79' lang='lat' dir='ltr'>argenteos</span> <span class='ocrx_word' id='word_1_518' title='bbox 1669 4509 1702 4568; x_wconf 91' lang='lat' dir='ltr'>et</span> <span class='ocrx_word' id='word_1_519' title='bbox 1736 4503 1814 4566; x_wconf 87' lang='lat' dir='ltr'>alius</span> <span class='ocrx_word' id='word_1_520' title='bbox 1844 4495 1933 4594; x_wconf 80' lang='lat' dir='ltr'>debeat</span> 
     </span>
     <span class='ocr_line' id='line_1_89' title="bbox 1165 4590 1930 4675; baseline -0.027 -12"><span class='ocrx_word' id='word_1_521' title='bbox 1165 4599 1256 4662; x_wconf 88' lang='lat' dir='ltr'>alicui</span> <span class='ocrx_word' id='word_1_522' title='bbox 1272 4597 1399 4661; x_wconf 91' lang='lat' dir='ltr'>domino</span> <span class='ocrx_word' id='word_1_523' title='bbox 1414 4594 1534 4658; x_wconf 87' lang='lat' dir='ltr'>incerto</span> <span class='ocrx_word' id='word_1_524' title='bbox 1548 4594 1670 4675; x_wconf 82' lang='lat' dir='ltr'>viginti,</span> <span class='ocrx_word' id='word_1_525' title='bbox 1684 4611 1745 4654; x_wconf 91' lang='lat' dir='ltr'>non</span> <span class='ocrx_word' id='word_1_526' title='bbox 1760 4591 1849 4653; x_wconf 84' lang='lat' dir='ltr'>liceat</span> <span class='ocrx_word' id='word_1_527' title='bbox 1861 4590 1930 4647; x_wconf 83' lang='lat' dir='ltr'>utus-</span> 
     </span>
     <span class='ocr_line' id='line_1_90' title="bbox 1165 4677 1930 4765; baseline -0.013 -19"><span class='ocrx_word' id='word_1_528' title='bbox 1165 4705 1226 4765; x_wconf 90' lang='lat' dir='ltr'>que</span> <span class='ocrx_word' id='word_1_529' title='bbox 1241 4685 1383 4764; x_wconf 88' lang='lat' dir='ltr'>accipere</span> <span class='ocrx_word' id='word_1_530' title='bbox 1399 4703 1494 4746; x_wconf 89' lang='lat' dir='ltr'>unam</span> <span class='ocrx_word' id='word_1_531' title='bbox 1509 4680 1745 4762; x_wconf 86' lang='lat' dir='ltr'>compositionis</span> <span class='ocrx_word' id='word_1_532' title='bbox 1763 4677 1875 4741; x_wconf 88' lang='lat' dir='ltr'>Bullam</span> <span class='ocrx_word' id='word_1_533' title='bbox 1886 4685 1930 4752; x_wconf 78' lang='lat' dir='ltr'>pm</span> 
     </span>
     <span class='ocr_line' id='line_1_91' title="bbox 1164 4765 1970 4853; baseline -0.019 -19"><span class='ocrx_word' id='word_1_534' title='bbox 1164 4773 1270 4835; x_wconf 88' lang='lat' dir='ltr'>debito</span> <span class='ocrx_word' id='word_1_535' title='bbox 1286 4773 1460 4852; x_wconf 90' lang='lat' dir='ltr'>utriusque,</span> <span class='ocrx_word' id='word_1_536' title='bbox 1478 4771 1553 4853; x_wconf 90' lang='lat' dir='ltr'>quia</span> <span class='ocrx_word' id='word_1_537' title='bbox 1566 4786 1765 4849; x_wconf 76' lang='lat' dir='ltr'>unaquaeque</span> <span class='ocrx_word' id='word_1_538' title='bbox 1779 4765 1861 4828; x_wconf 85' lang='lat' dir='ltr'>Bulla</span> <span class='ocrx_word' id='word_1_539' title='bbox 1872 4777 1930 4821; x_wconf 90' lang='lat' dir='ltr'>con·</span> <span class='ocrx_word' id='word_1_540' title='bbox 1967 4791 1970 4830; x_wconf 43' lang='grc' dir='ltr'><em>ι</em></span> 
     </span>
     <span class='ocr_line' id='line_1_92' title="bbox 1162 4842 1927 4936; baseline -0.012 -14"><span class='ocrx_word' id='word_1_541' title='bbox 1162 4860 1283 4923; x_wconf 90' lang='lat' dir='ltr'>ceditur</span> <span class='ocrx_word' id='word_1_542' title='bbox 1304 4861 1356 4922; x_wconf 91' lang='lat' dir='ltr'>uni</span> <span class='ocrx_word' id='word_1_543' title='bbox 1381 4860 1438 4921; x_wconf 90' lang='lat' dir='ltr'>soli</span> <span class='ocrx_word' id='word_1_544' title='bbox 1463 4880 1471 4934; x_wconf 89' lang='lat'><strong>;</strong></span> <span class='ocrx_word' id='word_1_545' title='bbox 1504 4865 1535 4921; x_wconf 89' lang='lat' dir='ltr'>et</span> <span class='ocrx_word' id='word_1_546' title='bbox 1558 4859 1626 4922; x_wconf 85' lang='lat' dir='ltr'>haee</span> <span class='ocrx_word' id='word_1_547' title='bbox 1655 4861 1701 4920; x_wconf 88' lang='lat' dir='ltr'>est</span> <span class='ocrx_word' id='word_1_548' title='bbox 1722 4855 1856 4936; x_wconf 85' lang='lat' dir='ltr'>pranis;</span> <span class='ocrx_word' id='word_1_549' title='bbox 1886 4842 1927 4907; x_wconf 74' lang='lat' dir='ltr'>sed</span> 
     </span>
     <span class='ocr_line' id='line_1_93' title="bbox 1163 4935 1929 5031; baseline -0.026 -19"><span class='ocrx_word' id='word_1_550' title='bbox 1163 4968 1273 5012; x_wconf 89' lang='lat' dir='ltr'>eorum</span> <span class='ocrx_word' id='word_1_551' title='bbox 1287 4950 1419 5031; x_wconf 88' lang='lat' dir='ltr'>quisque</span> <span class='ocrx_word' id='word_1_552' title='bbox 1433 4952 1539 5029; x_wconf 88' lang='lat' dir='ltr'>posset</span> <span class='ocrx_word' id='word_1_553' title='bbox 1553 4946 1709 5026; x_wconf 88' lang='lat' dir='ltr'>suscipere</span> <span class='ocrx_word' id='word_1_554' title='bbox 1724 4943 1858 5005; x_wconf 90' lang='lat' dir='ltr'>debitum</span> <span class='ocrx_word' id='word_1_555' title='bbox 1870 4935 1929 4998; x_wconf 89' lang='lat' dir='ltr'>alte-</span> 
     </span>
     <span class='ocr_line' id='line_1_94' title="bbox 1162 5028 1928 5116; baseline -0.017 -16"><span class='ocrx_word' id='word_1_556' title='bbox 1162 5038 1238 5116; x_wconf 91' lang='lat' dir='ltr'>rius,</span> <span class='ocrx_word' id='word_1_557' title='bbox 1254 5056 1311 5116; x_wconf 92' lang='lat' dir='ltr'>pro</span> <span class='ocrx_word' id='word_1_558' title='bbox 1333 5056 1395 5116; x_wconf 88' lang='lat' dir='ltr'>quo</span> <span class='ocrx_word' id='word_1_559' title='bbox 1419 5035 1624 5112; x_wconf 82' lang='lat' dir='ltr'>satisfaceret,</span> <span class='ocrx_word' id='word_1_560' title='bbox 1641 5031 1725 5116; x_wconf 87' lang='lat' dir='ltr'>quod</span> <span class='ocrx_word' id='word_1_561' title='bbox 1747 5028 1928 5110; x_wconf 78' lang='lat' dir='ltr'>impleretee·</span> 
     </span>
     <span class='ocr_line' id='line_1_95' title="bbox 1162 5123 1918 5207; baseline -0.004 -20"><span class='ocrx_word' id='word_1_562' title='bbox 1162 5125 1280 5204; x_wconf 91' lang='lat' dir='ltr'>cipiens</span> <span class='ocrx_word' id='word_1_563' title='bbox 1294 5125 1416 5187; x_wconf 90' lang='lat' dir='ltr'>Bullam</span> <span class='ocrx_word' id='word_1_564' title='bbox 1432 5123 1679 5203; x_wconf 86' lang='lat' dir='ltr'>compositionis.</span> <span class='ocrx_word' id='word_1_565' title='bbox 1913 5195 1918 5207; x_wconf 92' lang='lat'><strong>.</strong></span> 
     </span>
    </p>

    <p class='ocr_par' dir='ltr' id='par_1_16' title="bbox 1160 5203 1926 5560">
     <span class='ocr_line' id='line_1_96' title="bbox 1202 5203 1926 5294; baseline -0.01 -20"><span class='ocrx_word' id='word_1_566' title='bbox 1202 5213 1356 5290; x_wconf 75' lang='lat' dir='ltr'>Quaritor</span> <span class='ocrx_word' id='word_1_567' title='bbox 1370 5231 1380 5273; x_wconf 93' lang='grc'>.·</span> <span class='ocrx_word' id='word_1_568' title='bbox 1397 5211 1537 5288; x_wconf 82' lang='lat' dir='ltr'>Onoencm</span> <span class='ocrx_word' id='word_1_569' title='bbox 1551 5211 1729 5294; x_wconf 78' lang='lat' dir='ltr'>eleemosyna</span> <span class='ocrx_word' id='word_1_570' title='bbox 1739 5225 1796 5291; x_wconf 79' lang='lat' dir='ltr'>pro</span> <span class='ocrx_word' id='word_1_571' title='bbox 1806 5203 1926 5284; x_wconf 60' lang='lat' dir='ltr'>campet·</span> 
     </span>
     <span class='ocr_line' id='line_1_97' title="bbox 1162 5291 1925 5384; baseline -0.014 -22"><span class='ocrx_word' id='word_1_572' title='bbox 1162 5301 1251 5363; x_wconf 74' lang='lat' dir='ltr'>tione</span> <span class='ocrx_word' id='word_1_573' title='bbox 1263 5300 1358 5363; x_wconf 81' lang='lat' dir='ltr'>Balla</span> <span class='ocrx_word' id='word_1_574' title='bbox 1371 5299 1522 5384; x_wconf 70' lang='lat' dir='ltr'>scopanda</span> <span class='ocrx_word' id='word_1_575' title='bbox 1533 5297 1599 5360; x_wconf 79' lang='lat' dir='ltr'>sas</span> <span class='ocrx_word' id='word_1_576' title='bbox 1613 5297 1825 5378; x_wconf 86' lang='lat' dir='ltr'>Respondetur</span> <span class='ocrx_word' id='word_1_577' title='bbox 1839 5313 1846 5353; x_wconf 93' lang='lat'><strong>:</strong></span> <span class='ocrx_word' id='word_1_578' title='bbox 1861 5291 1925 5351; x_wconf 71' lang='lat' dir='ltr'>butt</span> 
     </span>
     <span class='ocr_line' id='line_1_98' title="bbox 1161 5371 1924 5474; baseline -0.016 -23"><span class='ocrx_word' id='word_1_579' title='bbox 1161 5389 1284 5468; x_wconf 83' lang='lat' dir='ltr'>erogari</span> <span class='ocrx_word' id='word_1_580' title='bbox 1303 5393 1488 5469; x_wconf 79' lang='lat' dir='ltr'>argenteos3</span> <span class='ocrx_word' id='word_1_581' title='bbox 1514 5388 1570 5450; x_wconf 89' lang='lat' dir='ltr'>sed</span> <span class='ocrx_word' id='word_1_582' title='bbox 1593 5387 1618 5448; x_wconf 90' lang='lat' dir='ltr'>si</span> <span class='ocrx_word' id='word_1_583' title='bbox 1634 5383 1814 5464; x_wconf 89' lang='lat' dir='ltr'>compositio</span> <span class='ocrx_word' id='word_1_584' title='bbox 1836 5371 1924 5474; x_wconf 65' lang='lat' dir='ltr'>battle</span> 
     </span>
     <span class='ocr_line' id='line_1_99' title="bbox 1160 5465 1919 5560; baseline -0.017 -19"><span class='ocrx_word' id='word_1_585' title='bbox 1160 5477 1266 5550; x_wconf 89' lang='lat' dir='ltr'>bonis,</span> <span class='ocrx_word' id='word_1_586' title='bbox 1297 5496 1366 5560; x_wconf 78' lang='lat' dir='ltr'>que</span> <span class='ocrx_word' id='word_1_587' title='bbox 1390 5477 1546 5543; x_wconf 90' lang='lat' dir='ltr'>debentur</span> <span class='ocrx_word' id='word_1_588' title='bbox 1571 5493 1629 5558; x_wconf 90' lang='lat' dir='ltr'>pro</span> <span class='ocrx_word' id='word_1_589' title='bbox 1657 5473 1820 5539; x_wconf 87' lang='lat' dir='ltr'>omissione</span> <span class='ocrx_word' id='word_1_590' title='bbox 1843 5465 1919 5532; x_wconf 79' lang='lat' dir='ltr'>aba</span> 
     </span>
    </p>
   </div>
   <div class='ocr_carea' id='block_1_11' title="bbox 0 0 1998 6349">
    <p class='ocr_par' dir='ltr' id='par_1_17' title="bbox 0 0 1998 6349">
     <span class='ocr_line' id='line_1_100' title="bbox 0 0 1998 6349; baseline 0 0"><span class='ocrx_word' id='word_1_591' title='bbox 0 0 1998 6349; x_wconf 95' lang='lat' dir='ltr'> </span> 
     </span>
    </p>
   </div>
  </div>
 </body>
</html>
