3986 6350
632 573 684 636 Db
698 573 862 636 onatctls
882 573 1151 637 CONFllSSAllll.
1663 581 1721 642 tto

91 754 212 818 indiciis
226 757 259 817 in
274 758 410 839 Angelos
433 759 565 821 rebelles
585 762 616 822 et
628 760 747 839 primos
761 777 875 838 paren·
929 757 1106 841 Christique
1129 763 1256 840 sanguis
1280 763 1396 824 effusus
1414 762 1605 842 supplebunt
1618 759 1723 822 defec-

92 845 133 904 tes
146 843 185 904 ob
198 864 299 906 annm
320 850 484 926 peccatum
502 867 509 909 :
531 867 569 908 ex
590 847 751 926 punitione
771 846 876 908 debita
929 850 996 906 tum
1011 845 1211 910 discussionis
1226 867 1263 910 ac
1278 849 1483 927 contritionis,
1500 856 1532 910 et
1554 849 1579 910 si
1601 849 1654 928 qni
1669 848 1723 910 alii

92 928 209 994 cuilibet
222 938 354 1012 peccato
377 935 514 1011 mortali,
531 952 592 1015 quo
611 933 754 1013 perditur
773 934 876 1018 gratia
930 933 1112 997 acciderunt
1124 935 1157 995 in
1171 937 1393 1010 Confessione;
1421 937 1593 998 dummodo
1616 940 1722 998 tamen

93 1017 141 1078 bei
155 1022 185 1081 et
198 1038 334 1101 regnum
353 1027 478 1085 aeternae
501 1022 720 1096 beatitudinis3
744 1041 806 1102 que
820 1021 875 1084 tilii
930 1021 1050 1083 sincere
1071 1029 1102 1084 et
1125 1024 1245 1104 integre
1270 1025 1415 1104 dixerint,
1433 1025 1586 1106 quidquid
1608 1025 1641 1085 in
1655 1043 1723 1086 me·

92 1105 598 1173 lteiefficiunturservilleemonis
615 1111 875 1190 etadnunquam
929 1109 1030 1171 moria
1057 1109 1244 1173 babuerunt.
1275 1112 1463 1175 poenitentes
1490 1117 1596 1174 autem
1629 1110 1722 1172 nimis

92 1191 235 1258 finiendos
261 1197 375 1258 inferni
394 1199 551 1260 cruciatus
575 1199 775 1273 damnantur,
797 1194 875 1256 siin

92 1297 125 1341 eo
137 1281 200 1343 sine
215 1286 401 1362 paenitentia
416 1287 583 1348 decedant.

126 1371 312 1436 Ostendetur
347 1375 442 1438 etiam
477 1377 615 1438 vulneris
648 1375 812 1455 gravitas,
837 1391 876 1433 ex

92 1460 212 1521 remedii
226 1463 428 1526 difficultate:
445 1465 519 1544 quia
528 1483 567 1526 ex
581 1465 734 1544 sangnine
745 1461 872 1537 Christi,

92 1543 152 1606 lilii
169 1548 235 1626 Dei,
253 1552 286 1611 et
298 1550 472 1628 tormentis,
489 1554 520 1612 et
538 1551 665 1613 demum
686 1569 725 1612 ex
739 1547 875 1612 acerbis-

92 1633 163 1695 sima
175 1643 288 1714 morte,
305 1639 461 1701 medicina
475 1639 515 1700 ad
529 1639 562 1700 id
574 1640 750 1702 sanandum
765 1634 875 1699 confici

93 1721 200 1786 debuit.
218 1725 252 1787 Si
268 1727 322 1808 qui
337 1728 378 1788 ad
401 1746 541 1790 amorem
563 1731 636 1790 sunt
655 1727 820 1803 faciliores,
838 1743 876 1784 ex

92 1809 145 1870 boc
164 1812 286 1890 ultimo,
313 1815 518 1889 athanaildi,
544 1819 575 1877 ct
594 1815 734 1877 bonitate
756 1812 824 1890 Dei,
845 1814 877 1872 et

92 1915 140 1960 saa
154 1900 389 1979 ingratitudine,
412 1902 512 1982 magis
526 1903 695 1982 compungi
715 1903 873 1982 poterunt.

92 1987 200 2050 Deinde
223 1989 446 2051 descendendo
467 1990 507 2052 ad
530 1990 635 2070 aliqua
655 1990 812 2069 graviora,
838 2006 876 2048 ex

94 2075 215 2155 hisquae
230 2076 414 2154 dictasunt,
431 2081 462 2139 ct
476 2077 516 2139 ad
531 2095 601 2157 quae
615 2077 716 2156 magis
730 2075 876 2136 videntur

92 2165 273 2242 poenitentes
296 2166 454 2244 propensi,
477 2165 697 2246 exaggeranda
710 2167 742 2226 et
761 2179 875 2241 aggra-

93 2252 187 2313 vanda
212 2257 307 2330 sunl,
338 2259 372 2316 ut
395 2254 497 2333 magis
521 2254 775 2315 eadetestcntur.
801 2253 874 2310 Ter·

93 2358 185 2400 rorem
212 2341 310 2404 etiam
328 2342 473 2403 vindicte
501 2342 568 2419 Dei,
598 2342 656 2402 nisi
684 2339 871 2412 abstineant,

93 2426 221 2489 incutere
235 2427 408 2509 aliqnando
423 2429 578 2491 convenit.
601 2430 788 2490 Moneantur
806 2441 875 2486 cer-

93 2517 129 2590 te,
146 2515 227 2593 quod
241 2516 334 2577 dolor
352 2516 392 2576 de
413 2517 549 2595 pcccatis
569 2515 763 2590 mortalibus,
781 2530 875 2590 snper

93 2617 190 2663 omnes
211 2603 338 2666 dolores
362 2604 502 2664 internos
526 2623 593 2664 esse
606 2603 710 2678 debet,
727 2607 757 2663 et
773 2606 807 2660 ut
820 2599 874 2660 do·

93 2689 148 2750 leat
160 2693 241 2771 quod
257 2711 322 2753 non
346 2692 464 2753 habeat
488 2710 596 2754 veram
615 2692 699 2752 illam
715 2687 874 2751 contritio-

94 2796 166 2855 nem,
183 2797 278 2858 quam
294 2779 434 2842 deberet.

126 2866 335 2946 Reprehensio
351 2867 532 2928 etiamnum
547 2866 680 2946 ingeniis
694 2863 874 2945 agrestiori-

94 2954 144 3014 bus
165 2954 283 3029 durior,
309 2973 348 3014 ne
377 2956 588 3030 contemnant,
614 2959 662 3013 cst
679 2951 870 3013 adhibenda.

94 3042 294 3121 Sapientiores
322 3044 353 3102 et
379 3042 412 3100 in
444 3040 595 3120 dignitate
626 3039 870 3115 eminentiores,

15 3195 20 3208 ,
93 3131 195 3192 blande
210 3133 241 3190 et
254 3147 328 3190 cum
336 3129 519 3190 dexteritate
527 3126 870 3206 suntrcprehendendi.

127 3220 278 3292 Quantum
301 3219 408 3278 antem
431 3215 470 3278 sit
493 3234 571 3294 opus
590 3215 638 3276 his
653 3215 709 3292 uti,
725 3215 870 3276 discretio

94 3311 120 3368 et
131 3307 283 3387 praecipue
305 3305 411 3367 unctio
430 3323 567 3385 superna
582 3304 729 3366 docebit:
752 3304 808 3365 sed
824 3308 873 3365 ut-

93 3413 214 3476 cumque
228 3400 318 3456 curet
332 3394 545 3456 Confessarius
561 3411 597 3453 ex
612 3393 678 3454 zelo
693 3393 801 3471 gloriae
815 3391 870 3454 Dei

94 3490 120 3546 et
130 3484 232 3545 salutis
246 3482 434 3559 animarum,
452 3483 573 3560 partem
587 3479 703 3542 bonam
717 3480 872 3558 poeniten·

930 1197 1043 1278 dejecti
1058 1217 1151 1260 sensu
1165 1206 1379 1280 peccatorum,
1392 1201 1442 1262 vel
1456 1200 1610 1281 scrupulis
1625 1199 1722 1262 obno-

929 1285 982 1352 xii,
1012 1286 1194 1365 diligentius
1215 1288 1356 1367 erigendi
1380 1293 1453 1350 sunt
1469 1287 1594 1367 pietatis
1608 1286 1722 1348 divine

929 1374 1108 1453 exemplis,
1138 1375 1297 1436 animandi
1333 1380 1364 1438 et
1391 1375 1588 1454 pacificandi.
1618 1376 1721 1453 Atque

930 1462 1035 1540 etiam,
1061 1464 1087 1524 si
1110 1482 1188 1542 opus
1212 1467 1269 1541 est,
1293 1464 1424 1542 recipiat
1444 1464 1484 1525 ad
1504 1482 1537 1524 se
1558 1463 1722 1526 Confessa-

929 1551 1004 1628 rins,
1028 1551 1112 1631 quod
1136 1555 1200 1614 Deo
1224 1553 1427 1632 respondebit
1449 1571 1507 1631 pro
1535 1551 1622 1631 ipsis.
1644 1552 1722 1611 Pec-

929 1645 1000 1702 cata
1035 1640 1163 1720 insuper
1198 1659 1270 1702 cum
1307 1641 1487 1722 hujusmodi
1529 1638 1721 1718 scrupulosis

931 1728 1095 1810 (quantum
1108 1729 1204 1809 licet),
1227 1729 1386 1791 interdum
1406 1733 1575 1792 extenuare
1594 1744 1721 1789 necessa

930 1821 987 1878 est.

972 1905 1079 1981 (incest.
1095 1909 1125 1969 3.
1137 1939 1178 1952 -
1198 1903 1346 1980 Oncmodc
1364 1903 1399 1968 in
1411 1903 1613 1987 satisfactione
1624 1901 1722 1966 Pani·

930 2004 993 2058 teas
1004 1997 1147 2076 juvetur?

969 2086 1166 2164 Respondec.
1185 2085 1217 2148 Si
1233 2102 1297 2167 qua
1310 2081 1507 2144 restitutione
1527 2079 1645 2157 damni,
1662 2079 1719 2156 rei,

928 2170 978 2231 vel
1002 2170 1111 2247 fama,
1137 2170 1187 2231 vel
1214 2170 1370 2232 bonorum
1393 2167 1507 2228 anima
1531 2183 1609 2246 opus
1630 2184 1718 2242 essa,

928 2262 999 2336 post
1008 2257 1239 2319 Confessionem
1250 2275 1269 2316 a
1282 2254 1453 2334 poenitente
1463 2254 1590 2328 factam,
1599 2251 1720 2333 judicet

928 2345 1151 2423 Confessarius,
1167 2346 1243 2406 illud
1258 2342 1421 2424 paenitenti
1445 2341 1613 2421 significet.
1634 2341 1721 2403 Licet

928 2437 1033 2494 autem
1061 2432 1145 2494 dicat
1171 2451 1204 2494 sc
1233 2431 1312 2494 velle
1340 2429 1515 2504 restituere,
1545 2426 1595 2489 vel
1615 2427 1720 2490 facere

929 2520 1012 2600 qnod
1027 2520 1140 2592 debet;
1156 2521 1181 2580 si
1192 2517 1397 2600 probabiliter
1409 2517 1499 2578 timet
1506 2515 1720 2577 confessarius

928 2628 990 2670 non
1006 2610 1212 2688 expleturum,
1235 2606 1393 2668 insinuare
1408 2607 1512 2685 potest
1536 2603 1620 2684 quod
1636 2621 1719 2664 ccm-

926 2697 1115 2758 mutationes
1137 2696 1187 2758 vel
1207 2693 1448 2774 compositiones
1471 2691 1621 2770 prodesse
1646 2708 1719 2772 pos-

927 2790 1018 2847 sunt:
1035 2789 1067 2845 ct
1080 2784 1223 2865 quamvis
1237 2781 1418 2862 simpliciter
1432 2778 1585 2855 abactam,
1597 2783 1719 2857 protes-

927 2877 1010 2936 tetur
1032 2876 1136 2936 tamen
1161 2871 1245 2951 quod
1268 2871 1295 2930 si
1309 2887 1371 2931 non
1387 2867 1542 2944 restituat,
1557 2866 1608 2927 vel
1623 2865 1719 2928 faciat

927 2961 1011 3043 quod
1032 2961 1145 3034 debct;
1171 2957 1284 3039 peribit
1307 2957 1336 3018 ai
1356 2956 1474 3017 fructus
1493 2953 1715 3017 confessionis.

926 3049 1094 3111 Promissio
1120 3066 1194 3109 vero
1223 3045 1386 3125 specialis,
1415 3043 1466 3104 vel
1489 3041 1716 3122 juramentum,

926 3137 966 3198 ab
982 3135 1159 3218 hujusmodi
1183 3132 1417 3215 poenitentibus,
1443 3130 1497 3211 qni
1520 3147 1634 3209 parum
1657 3129 1718 3192 dis·

926 3226 1017 3304 positi
1032 3225 1187 3301 videntur,
1204 3221 1285 3302 exigi
1309 3238 1371 3281 non
1386 3218 1490 3294 debet,
1515 3218 1574 3278 nisi
1589 3218 1622 3278 in
1636 3215 1717 3278 casi-

924 3315 984 3376 bus
993 3332 1013 3374 a
1022 3311 1094 3393 jure
1109 3310 1269 3373 ordinatis.
1282 3305 1416 3371 Maxime
1426 3323 1501 3366 vero
1511 3304 1717 3384 poenitentem

924 3401 955 3462 in
981 3399 1189 3462 satisfactione
1209 3395 1333 3477 juvabit
1355 3391 1581 3468 confessarius,
1605 3390 1631 3452 si
1647 3389 1718 3452 dili-

924 3494 1035 3568 genter
1046 3486 1188 3549 attendat
1202 3489 1233 3546 ct
1246 3483 1392 3545 observet
1406 3499 1455 3557 ea,
1473 3497 1543 3561 quae
1558 3479 1598 3541 de
1613 3477 1717 3560 quali-

92 3573 136 3634 oe
148 3572 238 3648 ferre,
254 3573 289 3632 ut
309 3570 447 3631 sentiens
471 3569 523 3649 qui
539 3569 715 3644 confltetur,
733 3586 827 3648 qnam
843 3567 870 3628 ei

94 3659 184 3722 aliena
208 3663 339 3738 peccata
368 3675 406 3717 ex
429 3656 566 3718 caritatis
594 3657 707 3718 affectu
732 3657 868 3733 doleant,

94 3746 175 3808 etiam
188 3747 254 3827 ipse
269 3747 308 3808 de
324 3745 459 3826 propriis
473 3745 587 3807 doleat.
967 3752 1074 3828 (tumst.
1103 3753 1134 3813 t,
1154 3781 1194 3795 -
1217 3743 1364 3823 Quomodo
1382 3743 1507 3824 jocetur
1530 3742 1672 3824 paenitens
1697 3762 1716 3806 a

126 3839 250 3898 Demum
265 3841 353 3915 petat
365 3835 588 3910 confessarius,
605 3833 663 3894 nisi
678 3833 753 3896 setis
773 3851 871 3914 appa·
924 3841 1108 3923 Confessam‘c
1134 3837 1175 3900 cd
1199 3836 1290 3921 finem
1318 3831 1506 3896 tancmari
1530 3831 1716 3896 Paenitentia

93 3931 174 4000 reret,
189 3943 229 3986 an
243 3925 399 4004 poenitens
414 3922 519 3984 doleat
532 3922 572 3982 de
587 3921 742 3999 omnibus,
753 3925 784 3985 et
798 3941 871 4002 pro·
922 3929 1169 4013 consequendum?

92 4013 215 4090 positum
228 4012 345 4074 habeat
362 4011 459 4074 vitam
473 4027 599 4072 omnem
622 4011 822 4087 emendandi,
839 4015 871 4073 et
963 4017 1189 4097 Resp'l'riplex
1203 4014 1297 4095 hujus
1312 4009 1505 4074 Sacramenti
1520 4009 1640 4071 fructus
1654 4013 1711 4072 est.

93 4099 253 4162 abstinendi
278 4099 318 4162 ab
341 4101 485 4162 omnibus
504 4097 639 4178 peccatis
663 4115 719 4176 pro
738 4098 820 4160 virili
840 4104 871 4162 et
924 4109 1069 4184 Primus,
1100 4101 1293 4166 reconciliari
1320 4103 1385 4162 Deo
1413 4116 1470 4178 per
1497 4097 1714 4160 remissionem

93 4189 289 4251 satisfaciendi
317 4206 373 4268 pro
402 4188 586 4265 commissis,
611 4191 647 4250 ut
674 4190 806 4265 oportet.
837 4189 870 4250 Si
923 4199 1144 4276 peccatorum:
1168 4191 1242 4253 huic
1264 4187 1466 4268 conjungitur
1493 4203 1554 4266 pax
1582 4190 1614 4249 ct
1641 4204 1713 4248 con·

94 4276 217 4340 ostendit
235 4277 387 4338 seminus
410 4281 555 4356 paratum
574 4275 614 4336 ad
629 4274 870 4355 relinquendum
923 4282 1033 4345 solatio
1056 4278 1236 4359 spiritualis.
1260 4276 1357 4351 alten
1382 4273 1455 4336 vite
1478 4272 1657 4336 emendatio
1681 4273 1713 4336 in

93 4371 197 4429 statum
222 4365 354 4446 peccati,
379 4369 415 4427 ut
442 4363 660 4440 concubinam,
686 4383 741 4424 seu
769 4368 869 4427 artem
923 4371 1072 4433 futurum.
1098 4366 1231 4432 Tertius,
1253 4367 1458 4442 augmentum
1478 4360 1588 4439 gratiae
1608 4363 1640 4422 et
1653 4361 1714 4423 vir·

93 4454 236 4529 illicitam
252 4453 302 4514 vel
325 4453 366 4514 ad
390 4453 656 4528 satisfaciendum,
672 4456 707 4511 ut
721 4453 752 4512 in
767 4453 870 4514 usuris
922 4461 1034 4521 tutum.
1060 4455 1200 4518 Primum
1221 4451 1285 4533 (qui
1309 4449 1403 4530 hujus
1426 4449 1622 4510 sacramenti
1642 4466 1713 4527 pro-

94 4549 121 4602 et
132 4541 204 4618 aliis,
221 4558 291 4621 quse
305 4539 532 4600 restitutionem
547 4537 691 4618 exigunt:
703 4537 870 4618 diligenter
922 4545 1009 4627 prius
1023 4545 1152 4605 effectus
1166 4547 1197 4602 et
1208 4539 1278 4600 finis
1291 4537 1348 4616 est)
1365 4536 1543 4616 assequitur
1557 4537 1713 4614 poenitens

94 4629 208 4708 quidem
222 4629 352 4688 conetur
362 4625 574 4687 eontcsssrius
588 4624 725 4686 animam
735 4626 869 4704 proximi
922 4651 981 4713 per
993 4636 1082 4694 actus
1102 4630 1169 4712 jam
1184 4629 1294 4706 dictos,
1317 4624 1522 4701 contritionis,
1539 4624 1714 4688 Confessio-

94 4713 502 4792 snilucrifacare,rationnm
516 4722 677 4773 momenta
690 4713 868 4775 adhibendo
922 4718 971 4781 nis
998 4724 1031 4778 ct
1056 4713 1293 4790 satisfactionis,
1324 4709 1466 4772 adhibita
1492 4710 1710 4790 absolutione,

94 4803 329 4882 utpersuadeat;
348 4801 470 4882 quodsi
484 4800 611 4862 omnino
626 4817 689 4862 non
703 4801 812 4880 possit,
829 4821 868 4863 nc
923 4825 993 4889 quae
1016 4824 1073 4884 per
1093 4804 1241 4865 virtutem
1256 4798 1415 4879 sanguinis
1430 4797 1555 4874 Christi,
1572 4799 1713 4877 ipsorum

94 4892 232 4970 absolvet,
255 4890 310 4952 sed
331 4891 474 4951 hortetur
496 4890 543 4969 (ut
570 4888 756 4951 dictumest
779 4908 869 4968 supe·
923 4893 1058 4972 complet
1085 4889 1364 4970 imperfectionem.
1403 4886 1452 4949 Ad
1480 4887 1654 4948 secundum
1682 4895 1714 4952 et

94 4977 170 5056 rius),
198 4976 237 5039 od
259 4976 344 5038 bone
367 4975 502 5055 agenda,
518 4975 602 5035 mala
624 4992 699 5036 vero
718 4975 865 5052 vitanda;
922 4982 1048 5045 tertium
1068 4977 1244 5057 disponitur
1266 4971 1298 5037 et
1316 4973 1447 5054 juvatur
1469 4973 1641 5053 plurimum
1655 4993 1714 5056 per

94 5069 228 5144 suggerat
247 5063 361 5140 media,
387 5067 422 5124 ut
444 5063 592 5141 disponat
613 5081 647 5124 8⁰
670 5063 712 5123 ad
733 5063 869 5142 gratiam
923 5065 1107 5134 confessarii
1127 5064 1267 5138 consilia,
1290 5061 1529 5124 instructionem
1551 5065 1583 5123 et
1600 5061 1715 5124 exhor·-

93 5152 151 5230 Βθί,
174 5157 204 5214 ei
225 5151 365 5214 declaret·
385 5150 513 5212 tandem
537 5153 653 5229 quanio
676 5148 707 5208 in
729 5148 868 5228 periculo
922 5157 1087 5226 tationem3
1105 5171 1174 5232 quae
1188 5157 1293 5212 tamen
1304 5147 1534 5210 accommodari
1544 5147 1659 5210 debent
1672 5151 1713 5212 ad

95 5239 137 5316 sit,
152 5247 180 5303 ct
192 5238 275 5321 quod
289 5257 350 5300 non
366 5242 413 5301 est
426 5238 598 5300 absolutus.
922 5248 1051 5325 captum
1063 5239 1250 5303 conntsntts.
1268 5237 1331 5301 Sed
1345 5235 1504 5317 sigillatim
1519 5236 1558 5298 de
1574 5235 1622 5298 his
1636 5236 1712 5300 duo·

128 5330 183 5390 Eos
202 5331 316 5404 autenm
339 5327 392 5407 qui
412 5326 608 5406 propositum
629 5326 748 5388 habent
774 5325 869 5386 relin-
922 5336 981 5398 bus
995 5331 1026 5391 in
1042 5348 1094 5409 qq.
1111 5345 1199 5408 seqq.

924 3581 987 3638 tate
1009 3577 1040 3636 et
1058 3571 1274 3654 magnitudine
1297 3567 1518 3630 satisfactionis
1539 3565 1717 3630 indicendae

925 3663 1061 3725 diximus
1076 3663 1107 3722 in
1122 3661 1190 3722 Lib.
1209 3661 1237 3735 l,
1254 3675 1324 3737 cap.
1341 3659 1371 3718 5.

97 5415 197 5495 quendi
224 5421 363 5498 peccata,
392 5416 548 5476 consolari
576 5413 680 5476 debat.
710 5416 871 5494 Proponat
965 5411 1070 5486 Queat.
1095 5409 1126 5469 5.
1150 5440 1191 5452 -
1216 5403 1363 5481 Quconndo
1379 5401 1502 5482 jocetur
1531 5403 1714 5486 penitense

97 5501 147 5565 illis
170 5522 254 5584 spem
270 5503 379 5581 venie,
402 5506 434 5566 et
457 5502 541 5583 quod
569 5501 625 5564 Dei
653 5500 869 5563 misericordia
927 5495 1110 5580 confessario
1128 5493 1170 5556 od
1180 5491 1405 5556 emendationes
1418 5491 1509 5552 vitoe?
