3986 6350
597 622 648 689 DE
668 627 700 688 S.
724 608 935 688 CRUGIA'PAE
958 611 1099 683 BULLA.

51 805 140 886 binim,
155 805 302 889 erogandi
317 813 390 871 sunt
403 813 435 872 et
457 809 508 871 aiii
524 810 586 873 duo
606 812 646 874 ad
660 811 813 876 fabricam

51 898 103 978 ejus
121 897 270 974 Ecclesia,
294 897 326 960 in
349 917 413 980 qua
433 899 619 963 beneficium
635 901 742 979 habet,
759 901 812 982 qui

47 987 164 1050 Officium
179 987 296 1048 omisit.

229 1253 523 1317 ARTIGULUS
560 1256 607 1317 ll.

50 1445 183 1527 Cuiusnam
208 1448 371 1530 qualitatis
399 1450 505 1530 sutoro
531 1451 588 1513 sint
616 1451 700 1530 borso,
729 1471 816 1534 super

179 1581 247 1644 qooe
264 1563 335 1646 ficri
348 1565 438 1646 possit
457 1566 656 1646 compositio?

79 1785 299 1864 Respondetur:
318 1787 391 1848 Haec
405 1787 489 1850 bona
503 1787 618 1849 debere
634 1807 703 1850 esse
717 1788 816 1850 incer·

50 1877 82 1949 ta,
95 1874 137 1934 rel
150 1873 229 1936 banc
248 1874 507 1954 compositionem
529 1877 595 1937 lieri
611 1877 755 1937 debonis
770 1875 816 1935 in-

51 1961 111 2021 certi
124 1960 248 2040 domiui,
264 1963 315 2023 vel
336 1961 491 2040 debonis,
508 1981 578 2042 quaa
593 1964 749 2025 debentur
760 1963 817 2022 Ec·

50 2049 138 2126 clesia,
160 2049 361 2129 pauperibus
383 2055 438 2112 aut
459 2051 606 2130 operibus
630 2052 689 2131 piis
707 2071 715 2124 3
741 2051 817 2131 quia

51 2137 167 2197 Pontifex
183 2143 230 2199 cst
250 2138 493 2201 Administrator
514 2139 627 2200 borum
650 2141 814 2216 bonorum,

50 2227 74 2284 et
85 2230 171 2301 potest
184 2225 224 2286 da
240 2225 300 2286 illis
314 2227 572 2305 compositionem
587 2229 710 2301 iacere3
733 2228 817 2288 aliis-

51 2327 97 2388 que
108 2311 358 2390 compositionem
373 2313 532 2392 delegare.
549 2315 746 2376 Dilucidatur
760 2333 817 2375 au-

50 2403 99 2458 aa
111 2399 162 2460 boc
176 2401 288 2480 magis,
305 2401 547 2463 resolutionibus
561 2404 785 2484 sequentibus:

82 2491 103 2548 f.
125 2489 194 2550 Cum
223 2489 263 2550 sit
289 2489 461 2567 probabilis
490 2489 606 2568 opinio,
636 2495 668 2552 et
694 2495 762 2552 tuta
785 2491 816 2552 in

51 2575 224 2654 couscientia,
236 2577 321 2638 bona
330 2577 439 2638 incerti
451 2577 580 2656 domini,
594 2598 664 2659 quae
674 2579 743 2658 quis
754 2598 816 2640 non

51 2663 188 2741 acquisivit
201 2663 327 2744 injuste,
345 2665 401 2726 sed
415 2665 546 2743 invenit,
558 2685 588 2728 v.
605 2687 636 2746 g.
652 2685 742 2746 posse
758 2667 816 2730 sibi

51 2751 192 2830 applicare,
218 2753 243 2812 si
265 2759 433 2833 postquam
454 2755 660 2817 sufficientem
685 2756 817 2836 diligen-

51 2836 110 2898 tiam
132 2840 306 2902 adhibuerit
334 2861 390 2920 pro
420 2842 608 2905 inveniendo
632 2844 814 2913 dominum,

52 2943 98 2985 non
116 2927 283 3002 invenerim
310 2948 412 3010 neque
431 2931 531 2992 teneri
555 2933 596 2992 ad
620 2933 818 3012 compositio-

53 3031 116 3091 nem,
130 3023 179 3076 aut
192 3017 433 3096 restitutionem,
444 3019 501 3079 nisi
518 3020 597 3081 forte
613 3021 758 3083 dominus
773 3021 817 3080 in-

51 3109 140 3164 tentus
152 3105 243 3166 fuerit
260 3110 333 3166 ante
348 3107 559 3168 necessarium
574 3108 817 3188 praescriptionis

51 3193 159 3269 tenpus,
182 3211 244 3272 quo
269 3193 408 3273 impleto,
427 3194 494 3275 jam
516 3213 578 3255 non
602 3201 727 3258 tenetur
745 3197 818 3258 red-

51 3275 108 3337 dere
121 3278 252 3342 domino.
270 3280 426 3353 Quaeritur
437 3301 511 3362 ergo
523 3282 683 3362 quodnam
698 3289 816 3364 tempo-

51 3364 83 3424 ris
94 3367 215 3442 spatium
230 3368 272 3429 ad
289 3368 370 3428 hanc
387 3370 654 3448 prescriptionem
676 3373 818 3450 requira-

52 3455 97 3512 tur.
112 3455 176 3515 Hac
190 3459 237 3518 est
255 3455 388 3517 materia
402 3457 701 3521 iurisconsultorum
716 3461 745 3520 ia
768 3461 814 3522 tit.

51 3537 78 3598 de
86 3544 233 3625 proescmpt.
246 3553 274 3605 et
289 3545 321 3604 in
336 3543 381 3604 tit.
398 3543 434 3605 cle
447 3546 626 3627 usucapioc;
640 3547 816 3628 Theologo-

52 3645 105 3688 rum
118 3631 203 3692 etiarn
222 3633 252 3692 in
268 3637 403 3694 tractatu
418 3633 454 3694 de
460 3633 539 3715 just.
563 3642 590 3696 et
605 3634 689 3716 jure.
707 3637 770 3697 Sed
785 3637 816 3696 in

51 3716 172 3794 opinione
195 3721 400 3782 asserentium
425 3723 575 3801 praedicta
602 3723 686 3785 bona
709 3724 817 3785 deberi

51 3804 173 3880 operibus
186 3807 258 3887 piis,
274 3809 458 3886 potestfieri
478 3809 517 3871 de
540 3811 599 3890 piis
620 3809 711 3871 bonis
733 3829 818 3872 com-

51 3891 153 3966 positio.

82 3981 106 4040 i.
117 3982 153 4044 lit
161 3983 263 4064 aliqua
273 3985 359 4046 bona
371 3988 559 4047 censeantur
566 3984 674 4049 incerti
687 3984 815 4061 domini,

52 4083 225 4131 necessarum
246 4091 326 4142 esse,
347 4072 516 4135 habentem
538 4073 590 4134 illa
612 4074 707 4151 bona,
732 4073 819 4134 suiss-

52 4153 163 4217 cieatem
181 4160 369 4238 prudentum
389 4161 529 4223 virorum
547 4161 666 4241 judicio
688 4161 818 4241 diligen-

52 4241 265 4309 tiamadbiberc
285 4267 343 4329 pro
365 4249 493 4311 domino
515 4255 600 4313 certo
614 4251 815 4313 inveniendo.

1600 626 1656 688 lOi

867 823 940 868 cum
954 805 1032 884 aliis,
1050 825 1128 886 quos
1143 807 1219 870 citat
1232 807 1262 870 d.
1279 812 1329 886 33,
1355 829 1384 872 a.
1411 813 1469 886 {23
1493 811 1559 872 Dic.
1578 821 1600 874 t.
1628 817 1658 897 i,

867 894 985 974 dcjost.
1002 895 1118 976 etjurc,
1136 895 1158 957 l.
1175 899 1204 973 2,
1223 905 1263 958 tr.
1280 901 1309 974 P,
1326 897 1356 960 d.
1372 903 1402 975 9,
1419 897 1488 962 dub.
1506 903 1556 962 15.

906 986 936 1043 t.
954 985 1021 1043 Non
1037 1001 1105 1044 esse
1120 983 1239 1046 incerta
1253 985 1337 1048 bona
1352 986 1415 1064 iila,
1428 1005 1497 1068 quae
1509 987 1593 1068 jura,
1606 993 1662 1052 aut

866 1071 952 1151 leges
976 1069 1126 1152 cujusque
1151 1074 1249 1152 Regni
1273 1074 1453 1153 disponant,
1477 1076 1522 1138 sic
1543 1076 1592 1138 vel
1616 1077 1661 1138 sic

867 1159 1064 1239 applicanda,
1082 1161 1225 1240 quamvis
1240 1161 1279 1222 de
1295 1162 1433 1224 dominio
1448 1182 1511 1225 non
1526 1168 1658 1237 constet

868 1249 943 1327 quia
957 1248 1006 1309 hae
1020 1250 1105 1329 leges
1121 1251 1260 1330 obligant
1282 1251 1312 1312 in
1335 1251 1536 1332 conscientia,
1553 1257 1660 1333 utpote

864 1336 969 1417 justae3
984 1337 1066 1400 etita
1076 1357 1137 1400 non
1148 1345 1250 1419 potest
1264 1341 1331 1401 fieri
1342 1343 1381 1402 de
1391 1341 1451 1402 illis
1462 1345 1658 1422 compositio.

912 1426 1065 1501 Quaeritur
1079 1429 1191 1509 primo,
1208 1449 1246 1489 on
1267 1429 1298 1488 ic
1319 1447 1396 1507 cuso,
1412 1450 1470 1512 quo
1483 1441 1662 1513 compareret

869 1512 1001 1576 domium
1021 1516 1172 1584 donorum,
1189 1517 1224 1577 de
1246 1517 1349 1599 quidm
1367 1537 1425 1600 per
1448 1519 1557 1582 Bullos
1579 1520 1663 1600 locta

869 1611 910 1664 est
928 1605 1104 1686 compositio,
1120 1605 1167 1666 cel
1180 1625 1246 1666 cum
1269 1605 1476 1670 commissario
1493 1618 1662 1669 concentum

869 1691 951 1771 soit3
974 1693 1008 1770 is,
1029 1694 1083 1774 qui
1094 1695 1254 1774 composuit
1272 1695 1328 1756 illo
1350 1695 1436 1773 bono,
1453 1696 1555 1758 debeat
1577 1698 1663 1758 resti-

870 1781 1115 1862 increementa
1134 1782 1306 1844 conscientia
1321 1785 1415 1864 possit
1435 1785 1492 1845 sili
1512 1783 1663 1845 retinere?

871 1868 1099 1948 Respondetur.
1117 1870 1206 1941 Quod
1220 1871 1253 1930 in
1273 1872 1463 1935 couscientia
1477 1891 1539 1934 non
1558 1877 1663 1935 tenea·

871 1959 922 2017 tur
944 1957 1126 2033 restituere,
1152 1958 1235 2019 iacta
1254 1959 1321 2039 jam
1345 1961 1483 2038 legitime
1508 1961 1663 2039 composi-

871 2045 966 2122 tione,
992 2051 1024 2106 et
1046 2063 1209 2107 remanere
1232 2048 1264 2107 in
1287 2049 1477 2111 conscientia
1497 2067 1660 2126 securum,

872 2133 1015 2212 quamvis
1034 2133 1179 2195 dominus
1193 2135 1259 2214 ipse
1279 2136 1309 2196 in
1330 2141 1457 2200 externo
1479 2139 1546 2200 foro
1565 2137 1664 2217 possit

871 2238 979 2282 coram
998 2220 1015 2282 J
1020 2221 1109 2282 udice
1128 2223 1189 2283 ista
1211 2223 1293 2284 bona
1316 2227 1525 2304 expostulare,
1543 2231 1574 2287 et
1596 2227 1662 2305 ipse

870 2308 973 2372 ludex
987 2309 1027 2369 ad
1046 2309 1275 2372 restitutionem
1293 2314 1490 2392 compellere.
1508 2315 1664 2376 Probatur

871 2397 973 2476 prima
987 2416 1085 2476 pars:
1110 2401 1184 2478 quia
1198 2401 1339 2462 Pontifex
1362 2419 1427 2480 prce
1450 2401 1588 2464 dominio
1610 2422 1664 2463 cx-

872 2485 1034 2563 cebentiae,
1046 2492 1152 2565 posset
1165 2488 1350 2550 auctoritate
1361 2489 1402 2550 ad
1413 2489 1663 2551 transferendum

871 2593 928 2654 per
948 2577 1207 2654 compositionem
1233 2578 1406 2640 dominium
1428 2579 1539 2640 talium
1564 2579 1664 2639 bono-

871 2681 952 2739 rum,
964 2664 1090 2743 quando
1105 2665 1175 2726 talis
1190 2667 1422 2745 compositioad
1430 2666 1608 2728 animarum
1616 2685 1663 2727 sa-

871 2749 968 2810 lutem
984 2751 1141 2821 conducit,
1157 2754 1277 2814 attalia
1291 2754 1374 2815 bona
1393 2758 1465 2814 sunt
1482 2753 1514 2813 in
1533 2753 1587 2814 tali
1602 2758 1663 2815 sta-

871 2842 917 2916 tu,
943 2838 1027 2918 quod
1051 2839 1091 2900 ad
1115 2859 1270 2919 pauperes
1293 2842 1493 2920 pertineant;
1524 2859 1599 2920 ergo
1631 2841 1663 2902 in

872 2927 1063 2988 conscientia
1077 2947 1139 2990 non
1155 2930 1249 2991 debet
1261 2931 1425 2992 restituere
1439 2930 1501 3007 ille,
1514 2929 1554 2991 ad
1569 2947 1663 3010 quem

872 3035 930 3096 per
948 3017 1218 3096 compositionem,
1242 3019 1416 3080 dominium
1434 3020 1544 3080 talium
1564 3019 1664 3080 bono-

872 3123 942 3165 rum
957 3105 1143 3167 translatum
1159 3106 1226 3167 fuit.
1244 3107 1389 3169 Secunda
1403 3125 1476 3185 pars
1490 3107 1660 3187 probatur:

873 3194 947 3272 quia
970 3193 1082 3254 borum
1104 3195 1259 3256 bonorum
1287 3195 1486 3274 compositio,
1513 3195 1665 3256 duntaxat

872 3285 920 3342 est
933 3280 973 3342 ad
988 3281 1090 3342 iorum
1105 3281 1323 3354 conscientiae;
1341 3301 1414 3361 crgo
1430 3282 1461 3342 in
1477 3287 1604 3344 externo
1620 3283 1664 3343 fo·

872 3386 907 3428 ro
927 3368 1025 3446 repeti
1047 3371 1187 3446 possunt.
1206 3369 1283 3429 Hinc
1302 3371 1337 3430 tit
1357 3369 1432 3430 satis
1453 3369 1664 3430 asserentibus

872 3474 934 3516 non
949 3473 1040 3534 posse
1055 3456 1121 3516 fieri
1139 3456 1221 3516 banc
1237 3456 1495 3536 compositionem
1510 3460 1578 3518 tuta
1593 3475 1665 3519 con-

871 3540 1011 3618 scientia,
1026 3542 1099 3622 quia
1110 3549 1156 3606 est
1170 3544 1200 3603 in
1212 3544 1429 3625 praejudicium
1443 3545 1538 3622 tertii,
1552 3565 1664 3626 nempe

871 3630 1026 3691 bonorum
1050 3632 1179 3693 domini.
1207 3633 1334 3710 Satistit,
1360 3633 1501 3712 inquam,
1519 3633 1593 3713 quia
1615 3653 1665 3695 re-

871 3722 978 3780 manet
991 3719 1118 3782 domino
1130 3721 1193 3800 jus,
1207 3726 1238 3784 et
1252 3723 1344 3799 actio,
1357 3726 1392 3784 ut
1406 3723 1437 3782 in
1453 3725 1581 3784 externo
1596 3723 1664 3785 foro

872 3825 929 3867 sua
938 3807 1021 3868 bona
1032 3810 1218 3886 expostulet,
1230 3809 1484 3872 irrationabiliter
1498 3815 1603 3871 autem
1617 3809 1665 3870 in-

872 3895 954 3957 vitus
969 3900 1037 3958 crat
1051 3897 1196 3958 dominus
1210 3899 1376 3975 bonorum,
1389 3897 1474 3977 quod
1488 3897 1526 3974 is,
1544 3898 1596 3978 qni
1611 3916 1665 3960 eo-

872 4002 942 4044 rum
964 3985 1221 4063 compositionem
1242 4006 1299 4065 per
1322 3987 1444 4048 bullam
1467 3986 1602 4063 fecisset,
1624 3987 1664 4047 ab

873 4089 967 4133 onero
982 4072 1185 4134 restitutionis
1204 4073 1235 4132 in
1258 4073 1455 4135 conscientie
1477 4073 1544 4134 foro
1559 4089 1664 4131 mane-

872 4165 921 4222 ret
938 4160 1096 4238 immunis,
1113 4161 1265 4239 cumipse
1287 4161 1443 4223 bonorum
1465 4159 1611 4221 dominus
1626 4158 1665 4221 sit

872 4249 1014 4310 Pontifici
1033 4249 1186 4326 subditus,
1204 4248 1334 4329 ejusque
1355 4249 1441 4311 bona
1459 4247 1666 4328 subjiciantur

52 4327 164 4400 Quodsi
183 4333 264 4398 facta
285 4336 451 4399 sufficienti
475 4337 648 4418 diligentia,
673 4339 819 4402 dominus
872 4355 1026 4416 supremae
1047 4335 1205 4398 Pontificis
1227 4337 1384 4415 potestati,
1406 4336 1532 4416 quando
1555 4353 1666 4398 eorum

52 4433 100 4478 non
117 4425 330 4501 comparuerit,
347 4425 494 4488 habenda
508 4426 570 4488 sint
590 4427 644 4488 illa
663 4427 747 4489 bona
761 4445 817 4507 pro
873 4423 1100 4486 administratio
1129 4423 1280 4502 spirituali
1312 4424 1403 4486 saluti
1434 4423 1601 4500 conducit,
1632 4427 1666 4484 ut

52 4501 124 4568 bonis
144 4509 257 4573 domini
281 4513 402 4582 incerti,
428 4517 459 4576 et
481 4519 585 4593 potest
606 4515 673 4577 neri
696 4516 735 4577 de
759 4515 818 4578 illis
873 4513 1079 4590 conducebat,
1092 4513 1218 4591 quando
1234 4513 1359 4574 illorum
1370 4512 1545 4574 dominium
1555 4513 1586 4573 in
1598 4511 1665 4572 foro

51 4597 221 4674 compositio.
238 4602 271 4663 ln
287 4601 346 4662 boc
362 4603 513 4663 ductores
528 4604 736 4666 consentiunt.
872 4599 1070 4662 conscientiae
1094 4618 1151 4680 per
1172 4599 1431 4678 compositionem
1454 4601 1513 4661 fuit
1536 4599 1666 4661 transla-

82 4683 106 4743 3.
121 4685 204 4757 Quod
218 4689 343 4768 quando
358 4695 480 4752 constet
493 4690 578 4752 bona
595 4692 655 4755 ista
676 4711 743 4754 esse
764 4693 818 4754 ali·
872 4692 950 4750 tum.
976 4689 1083 4766 Neque
1107 4686 1174 4748 haec
1199 4687 1399 4767 compositio,
1426 4691 1481 4749 aut
1503 4688 1665 4749 translatio

51 4768 123 4848 cnjus
135 4791 170 4833 en
182 4774 279 4836 tribus
299 4781 355 4840 aut
378 4783 514 4859 quatuor
532 4780 677 4858 dominis,
694 4799 755 4842 non
771 4785 819 4843 ta·
872 4775 1002 4837 dominii
1017 4774 1048 4834 in
1070 4775 1289 4857 praejudicium
1303 4776 1421 4838 domini
1437 4775 1557 4837 censeri
1573 4775 1667 4837 debet

51 4871 108 4917 men
129 4866 245 4926 constat
258 4865 420 4945 cujusnam
444 4867 484 4929 sit
506 4885 626 4944 eorsum,
643 4866 711 4930 haec
734 4868 819 4930 bona
871 4865 964 4942 facta,
982 4865 1247 4944 quemadmodum
1267 4881 1369 4945 neque
1384 4862 1578 4944 prescriptio
1594 4883 1667 4924 cen-

52 4959 100 5004 non
120 4955 186 5012 sunt
207 4949 336 5031 incerta,
354 4973 455 5036 neque
479 4956 519 5016 de
541 4955 600 5017 illis
624 4961 728 5036 potest
750 4956 818 5017 fieri
872 4955 958 5014 setur
971 4951 1003 5012 in
1018 4951 1248 5032 prejudicium,
1266 4951 1411 5032 quamvis
1434 4955 1506 5031 post
1524 4952 1668 5031 prascri-

51 5035 221 5116 conpositio,
238 5040 292 5100 scd
314 5039 430 5103 debent
449 5041 532 5104 tradi
553 5041 653 5103 tribus
676 5042 747 5120 illis,
764 5045 819 5104 aut
871 5043 926 5120 pta
944 5040 1029 5101 bona
1044 5047 1226 5118 compareat
1248 5041 1373 5102 illorum
1398 5040 1567 5112 dominus3
1594 5057 1667 5100 narn

51 5125 173 5200 quatuor,
185 5123 223 5185 de
239 5127 351 5206 quibus
366 5133 413 5190 est
427 5128 570 5206 dubium,
582 5136 617 5190 ut
631 5129 674 5191 illi
688 5130 771 5193 inter
784 5149 817 5190 se
872 5126 1139 5206 quemadmodum
1169 5129 1357 5207 Respublica
1381 5146 1418 5190 eo
1443 5129 1527 5207 quod
1552 5127 1667 5189 babeat

51 5201 179 5288 dividant,
191 5217 222 5274 et
231 5212 312 5276 inter
320 5233 353 5277 se
369 5223 609 5297 componantur.
627 5221 733 5299 Neque
748 5237 819 5299 pos·
872 5219 1060 5295 potestatem
1074 5235 1169 5296 super
1191 5216 1378 5296 temporalia
1401 5215 1496 5294 bona,
1514 5221 1667 5296 quatenus

51 5291 91 5352 tea
109 5297 133 5356 si
152 5318 241 5362 verus
265 5301 408 5366 dominus
432 5309 610 5384 appareret,
636 5310 819 5366 tenerentur
872 5305 998 5366 utilitati
1013 5305 1096 5366 civili
1111 5307 1302 5383 conducunt,
1320 5309 1352 5367 et
1365 5304 1511 5383 publica,
1524 5305 1668 5366 concedit

50 5375 252 5478 fliimnsortes
266 5391 427 5454 restituere
442 5411 517 5454 vero
533 5392 660 5454 domino
676 5393 719 5471 id,
734 5392 818 5473 quod
873 5392 1140 5472 prescriptionem
1161 5394 1328 5470 bonorum,
1346 5393 1422 5474 quin
1442 5393 1571 5455 domino
1587 5393 1669 5474 inju-

51 5482 76 5526 ln
86 5475 238 5548 partitione
255 5487 451 5561 acceperunt,
469 5481 543 5563 quia
565 5481 690 5563 quando
707 5481 818 5544 divisio
873 5483 952 5542 riam
975 5482 1113 5555 inferat;
1139 5484 1182 5544 ita
1205 5482 1358 5559 Pontifex,
1383 5499 1420 5544 eo
1445 5481 1531 5562 quod
1554 5482 1670 5544 habeat

52 5549 119 5619 facta
133 5561 197 5641 init,
213 5567 424 5650 unusquisque
439 5569 523 5635 cedit
533 5569 598 5650 juri
618 5587 686 5634 suo.
710 5569 815 5635 Mend.
873 5574 1060 5650 potestatem
1079 5589 1174 5649 super
1187 5571 1271 5633 bona
1284 5573 1416 5648 incerta,
1434 5575 1590 5651 quatenus
1606 5570 1669 5650 spi·

117 5669 219 5738 niv.
1530 5678 1571 5739 2⁶
