4186 6348
295 488 355 550 408
1042 487 1157 550 blBllli
1178 489 1256 551 lllll.

338 671 491 748 Quoeritur
504 673 919 756 semndoquondorromlojus
932 673 1091 757 indulgen·
1146 681 1265 756 operato
1288 671 1426 752 applicat
1448 689 1486 733 ex
1509 670 1671 734 Thesauro
1694 670 1840 734 Ecclesiae
1859 670 1943 734 hanc

297 758 347 820 tice
357 758 493 841 beneficio
501 759 751 841 fruaturanimu?
762 764 854 841 Resp.
868 764 954 825 'lunc
965 760 1091 842 quando
1146 760 1373 842 indulgentiam
1384 778 1441 840 per
1451 759 1579 821 modum
1589 756 1741 838 suffragii,
1753 758 1942 837 apponendo

297 865 431 928 erogans
446 849 677 928 eleemosynam
699 853 837 912 taxatam
860 869 916 930 pro
935 851 1023 932 bulla
1036 869 1092 930 ap·
1146 868 1202 930 pro
1218 849 1407 925 conditione,
1433 849 1534 910 solum
1558 850 1593 908 ut
1613 849 1720 908 taxata
1741 845 1944 926 eleemosyna

297 935 392 1014 plicat
414 935 456 998 illi
472 938 670 1017 suffragium';
687 939 896 1000 communiter
911 939 1020 1000 fideles
1034 957 1092 1016 ap·
1147 941 1314 1018 erogetur;
1331 938 1415 1018 quod
1426 936 1642 1017 potestfacere
1656 939 1823 1014 peccator;
1840 953 1944 1018 neque

297 1022 415 1101 plicant
438 1024 497 1087 hoc
521 1027 706 1104 suffragium
728 1027 781 1088 ubi
809 1027 946 1106 primum
972 1027 1093 1089 bullam
1148 1027 1218 1088 ideo
1242 1025 1379 1106 privabit
1407 1025 1545 1086 animam
1571 1022 1709 1086 defuncti
1733 1023 1943 1103 applicatione

296 1111 471 1189 accipiunt3
488 1114 543 1174 sed
558 1118 688 1191 possunt
705 1133 766 1176 non
787 1113 892 1176 statim
912 1114 1090 1193 applicare,
1147 1114 1310 1192 Thesauri,
1335 1112 1603 1195 quemadmodum
1617 1111 1670 1191 qui
1685 1117 1795 1191 erogat
1808 1111 1944 1176 eleemo-

297 1201 472 1278 prtesertim
486 1201 513 1262 si
527 1219 560 1262 se
575 1204 662 1262 extra
673 1206 789 1264 statum
802 1203 912 1282 gratiae
927 1203 1091 1278 senserint,
1148 1221 1260 1283 synam
1283 1221 1340 1282 per
1362 1220 1491 1264 manum
1514 1201 1608 1277 servi,
1625 1203 1680 1262 aut
1699 1200 1943 1279 eleemosynarii

298 1286 372 1368 quia
396 1289 540 1369 quamvis
564 1291 754 1369 speculative
787 1290 944 1370 loquendo
969 1308 1030 1350 non
1055 1289 1095 1351 sit
1148 1290 1332 1369 peccatoris,
1358 1306 1420 1350 non
1443 1289 1586 1369 privatur
1607 1287 1719 1350 merito
1751 1291 1783 1350 et
1808 1288 1940 1366 praemio

298 1394 378 1454 opus
388 1381 470 1437 statu
481 1379 590 1456 gratiss
601 1377 631 1438 in
644 1379 831 1459 applicante,
849 1383 884 1440 ut
897 1381 1009 1440 animae
1024 1397 1094 1458 pro·
1149 1378 1368 1456 eleemosyna.

298 1462 339 1524 sit
362 1463 566 1544 indulgentia,
593 1467 647 1546 qui
667 1472 772 1528 tamen
789 1467 936 1530 tutiorem
950 1467 1094 1527 semitam
1190 1469 1282 1545 Resp.
1307 1470 1337 1530 2.
1361 1465 1470 1539 Quoad
1485 1465 1578 1527 aliam
1594 1481 1825 1547 quamcumque
1841 1466 1945 1528 indul·

299 1551 386 1631 cupit
401 1554 501 1634 sequi,
515 1553 638 1617 differet
648 1556 832 1635 prudentius
841 1555 1092 1635 applicationem,
1149 1555 1298 1634 gentiam,
1324 1572 1394 1634 ques
1418 1553 1572 1615 defunctis
1595 1553 1771 1634 applicatur
1793 1572 1851 1634 per
1872 1572 1945 1616 mo-

299 1637 400 1700 donec
414 1658 447 1700 se
462 1640 493 1701 in
509 1645 625 1704 statum
642 1643 751 1722 gratiae
765 1644 919 1706 restituat.
1150 1643 1225 1703 dum
1248 1643 1400 1722 suffragii,
1426 1641 1568 1722 quamvis
1592 1643 1759 1723 cajetanus
1782 1661 1854 1704 cum
1874 1643 1947 1705 aliis

344 1726 496 1801 Ouoeritur
519 1731 614 1808 tertio,
639 1752 678 1793 on
701 1732 741 1791 sit
763 1732 837 1793 utile
860 1733 992 1812 occipere
1013 1729 1097 1791 ultra
1150 1731 1281 1795 senserit
1295 1732 1505 1811 applicantem
1519 1730 1713 1794 deboreesse
1727 1731 1759 1792 iu
1774 1737 1856 1794 statu
1871 1749 1949 1810 gra-

299 1835 390 1880 rmom
409 1821 499 1878 vicem
521 1819 643 1881 Rullum
663 1839 720 1901 pro
741 1839 801 1882 arra
815 1820 941 1881 animo?
956 1822 1096 1898 Respcn-
1150 1819 1212 1896 tiae,
1226 1824 1273 1882 -ut
1295 1819 1394 1900 prosit
1418 1819 1462 1878 illi
1484 1818 1534 1879 cui
1550 1819 1736 1898 applicatur,
1763 1819 1948 1899 opinionem

300 1905 392 1966 detur
406 1905 590 1970 affirmative
607 1928 614 1980 ;
639 1909 713 1988 quia
727 1909 910 1987 contingens
925 1914 973 1969 est
994 1925 1095 1986 quan·
1150 1911 1256 1968 tamen
1271 1907 1461 1970 contrariam
1471 1919 1538 1968 esse
1549 1908 1805 1986 probabiliorem,
1821 1911 1948 1969 eteom-

301 1992 406 2072 doque
431 1992 540 2055 deesse
564 1997 748 2076 requisitum
772 1997 909 2076 aliquod,
936 2014 997 2076 quc
1022 1995 1095 2055 defi·
1150 1997 1337 2058 munionem.
1354 1995 1525 2072 lindesei,
1552 1997 1741 2076 quiastotus
1755 1995 1864 2076 gratiae
1879 1999 1949 2057 tau·

301 2079 415 2155 ciente,
441 2099 503 2142 oon
518 2080 845 2162 babeatindulgentis
863 2084 1018 2144 ellectum.
1036 2083 1097 2142 lte-
1150 2089 1218 2146 tum
1240 2085 1409 2164 requiritur
1432 2085 1464 2144 in
1488 2083 1682 2163 indulgentia
1705 2085 1745 2145 ad
1769 2083 1947 2146 tollendum

302 2187 362 2249 que
377 2168 525 2233 conducit
547 2170 689 2250 accipere
704 2171 825 2251 saepius
839 2173 961 2233 Bullam
975 2189 1031 2250 pro
1047 2188 1096 2231 ea·
1152 2172 1285 2250 obicem,
1312 2176 1344 2234 et
1364 2176 1399 2234 ut
1412 2173 1510 2252 possit
1524 2173 1619 2252 recipi
1634 2172 1838 2252 indulgentia
1853 2173 1950 2234 ellec-

301 2256 375 2318 dem
398 2257 512 2334 anima,
539 2262 582 2326 ut,
608 2259 633 2320 si
658 2260 766 2337 semel,
793 2263 848 2322 aut
868 2257 1098 2338 saepiusdeluit
1151 2263 1212 2338 tus,
1242 2260 1295 2340 qui
1324 2265 1371 2322 est
1397 2261 1538 2321 relaxare
1565 2277 1692 2339 poenam
1720 2259 1859 2322 debitam
1889 2277 1949 2338 pro

302 2343 487 2424 requisitum
498 2346 635 2426 aliquod,
649 2348 832 2427 suppleatur
844 2366 902 2427 per
915 2347 1009 2407 aliam
1023 2345 1098 2407 Bul·
1152 2349 1254 2428 eulpa,
1278 2365 1348 2428 quae
1372 2365 1467 2426 poene
1481 2365 1543 2409 non
1558 2351 1662 2426 potest
1675 2347 1807 2409 relaxari
1823 2346 1879 2424 illi,
1897 2345 1949 2408 cui

302 2435 376 2495 lam.
403 2433 541 2515 Singulis
565 2436 654 2496 annis
678 2455 740 2498 non
764 2439 894 2515 possunt
917 2435 998 2496 ultra
1019 2435 1097 2494 duas
1152 2453 1214 2497 non
1229 2440 1276 2498 est
1290 2435 1420 2497 dimissa
1433 2436 1526 2514 culpa
1539 2455 1596 2514 per
1610 2436 1764 2515 gratiam;
1791 2454 1865 2515 ergo
1882 2433 1951 2496 sui-

302 2521 903 2601 Bullasprceademanimeeccipi3hae
913 2520 1098 2584 tamcnduoe
1151 2523 1216 2584 licit
1239 2541 1306 2584 esse
1329 2523 1361 2584 in
1385 2525 1488 2600 gratia
1511 2524 1611 2600 illum,
1635 2523 1687 2604 qui
1702 2527 1885 2602 recepturus
1901 2527 1951 2584 est

303 2609 433 2690 singulis
447 2611 537 2672 annis
552 2616 686 2691 possunt
699 2612 789 2674 sumi.
1153 2613 1298 2672 eflectum
1311 2611 1525 2691 indulgentiae,
1542 2629 1656 2692 nempe
1670 2612 1808 2672 animam
1822 2611 1854 2671 in
1869 2614 1951 2672 Pur-

343 2699 498 2775 Quoeritur
511 2710 627 2781 quarto,
644 2721 685 2762 cn
698 2700 815 2782 quoodo
829 2701 894 2782 ques
907 2696 1098 2780 occipitBui-
1152 2698 1274 2778 gatorio
1303 2701 1498 2777 existentem,
1528 2718 1592 2761 non
1619 2717 1695 2762 rero
1722 2699 1948 2779 applicantem.

304 2786 364 2846 Iam
377 2785 592 2866 defunctorum,
613 2789 707 2871 postr't
720 2787 993 2850 dormitationem
1007 2785 1098 2847 relic·
1152 2787 1266 2850 Mende
1281 2785 1311 2850 d.
1327 2790 1378 2864 36,
1394 2809 1424 2850 n.
1442 2792 1491 2866 lt,
1509 2789 1561 2850 ubi
1577 2787 1652 2851 citat
1665 2789 1780 2867 plures.

302 2893 390 2956 quere
402 2873 473 2952 Deo,
489 2881 523 2936 at
536 2876 695 2958 ipseeliqot
704 2877 843 2952 animam,
859 2893 946 2956 quam
960 2873 1096 2942 volueri,
1195 2876 1343 2951 Quoeniin
1355 2874 1488 2946 secundo,
1504 2895 1638 2960 quantum
1652 2876 1829 2958 eleemosyna
1842 2885 1952 2939 taxata

304 2961 353 3023 eui
373 2962 560 3044 applicentur
583 2961 797 3047 indulgentior?
821 2965 913 3042 Hesp.
940 2963 1096 3043 negative.
1152 2965 1191 3026 sit
1206 2984 1265 3046 pro
1288 2964 1492 3046 defunctorum
1505 2965 1622 3026 Bulla?
1645 2969 1737 3046 Resp.
1755 2965 1844 3037 Quod
1859 2971 1953 3028 extra

304 3049 416 3112 Mende
431 3049 461 3112 d.
480 3053 529 3128 36,
545 3071 576 3112 n.
594 3055 622 3114 l.
1152 3053 1269 3132 indias,
1286 3053 1487 3134 eleemosyna
1500 3060 1548 3117 est
1559 3056 1694 3117 duorum
1708 3060 1949 3134 argenteorum

346 3139 500 3214 Quoerr'tur
522 3141 637 3222 quinto,
662 3161 701 3203 on
718 3142 811 3224 possit
825 3143 921 3224 accipi
942 3143 1030 3205 Bulla
1042 3161 1100 3222 pro
1153 3140 1237 3219 apud
1247 3140 1340 3202 Indos
1351 3159 1425 3202 vero
1436 3160 1492 3221 pro
1504 3142 1649 3221 Hispanis
1659 3141 1824 3218 defunctis,
1836 3159 1951 3220 argen-

298 3227 437 3308 pluribus
449 3229 613 3309 animolas,
629 3239 683 3292 eut
693 3249 750 3314 pro
764 3229 907 3308 omnebus,
923 3241 955 3293 ut
969 3233 1100 3292 intereos
1153 3233 1277 3292 teormn
1292 3232 1445 3311 quatu0r;
1463 3248 1519 3309 pro
1531 3229 1699 3292 ludisrero
1710 3229 1818 3308 nigris,
1835 3229 1952 3308 Hispa-

304 3315 455 3378 dividutur
477 3317 673 3400 indulgentia,
693 3337 847 3400 perquam
862 3319 964 3381 anime
979 3337 1100 3400 cnopo·
1154 3317 1202 3378 nis
1225 3317 1427 3397 pauperibus,
1459 3317 1568 3396 serris,
1600 3317 1763 3398 Religiosis
1784 3316 1951 3398 utriusque

305 3415 414 3467 terete
438 3408 533 3488 pranis
545 3407 624 3489 eripi
632 3407 647 3468 i
670 3409 888 3486 Respondetur
902 3409 1097 3471 affirmative.
1155 3411 1270 3484 sextus,
1287 3410 1509 3485 argenteorum
1524 3406 1669 3470 duorum.

307 3493 396 3555 Ratio
420 3496 485 3555 est:
512 3496 587 3574 quie
608 3495 661 3575 qui
681 3495 794 3574 accipit
808 3495 868 3557 hcc
883 3497 1097 3564 summarium,

306 3584 409 3660 potest
432 3581 585 3661 quidquid
608 3582 651 3644 illi
674 3583 727 3664 qui
749 3583 879 3652 vadunt,
897 3585 946 3646 rel
973 3585 1101 3647 mittunt
1170 3605 1173 3612 ⁴

306 3669 347 3731 ed
361 3669 478 3732 bellum
493 3674 603 3732 contra
616 3671 758 3732 infideles
773 3691 780 3746 ;
806 3674 861 3734 sed
876 3673 936 3733 illis
957 3672 1102 3735 concedi·
1547 3713 1554 3730 .

306 3759 367 3831 tur,
384 3758 468 3836 quod
483 3758 603 3837 possint
616 3759 775 3841 applicare
791 3760 1018 3841 indulgentiam
1033 3761 1101 3823 ani·
1432 3713 1519 3801 cll
1531 3713 1592 3802 qq
1629 3713 1666 3800 ll·

306 3845 420 3906 mabus
444 3848 622 3926 Purgatorii
646 3867 703 3929 per
716 3848 845 3911 modum
859 3851 1009 3931 suffragii,
1026 3851 1100 3932 quin

306 3935 516 4011 coarctentur,
527 3937 973 4020 uttautumapplicentanimae
982 3940 1101 4020 (quam-

308 4021 355 4082 ris
370 4023 578 4084 communiter
590 4023 845 4105 fideliumpraxis
861 4027 914 4088 uni
929 4027 1076 4108 applicet)
1090 4047 1098 4103 ;

307 4126 383 4188 ergo
399 4115 430 4171 et
443 4109 494 4172 ille
510 4111 625 4191 poterit
637 4112 780 4192 pluribus
795 4113 963 4194 applicare.
1196 4107 1355 4190 Speciales
1369 4109 1544 4184 facultates,
1561 4125 1639 4188 quas
1654 4105 1750 4170 babet
1764 4107 1953 4169 Commissa-

1156 4199 1221 4261 rius
1246 4195 1406 4260 Generalis
1428 4195 1624 4272 aPontilice,
1648 4213 1711 4256 non
1726 4195 1954 4256 circumierun-

1157 4291 1208 4349 tur
1221 4284 1390 4366 Hispanico
1414 4302 1570 4362 sermone,
1591 4284 1646 4346 sed
1661 4281 1782 4360 Latino,
1799 4287 1831 4345 et
1843 4285 1954 4346 Brevi-

565 4417 626 4477 ΒΗ
638 4415 762 4478 BIUM
791 4417 827 4478 Η
1157 4375 1215 4436 bus
1236 4371 1424 4454 quibusdam
1447 4371 1479 4432 in
1503 4371 1644 4433 favorem
1657 4369 1879 4434 commissarii.
1895 4373 1953 4432 lise

832 4460 839 4476 '
1157 4461 1313 4540 pertinent
1335 4459 1450 4538 partim
1474 4458 1514 4520 ad
1529 4457 1707 4520 animarum
1721 4457 1864 4526 salutem.
1880 4474 1953 4539 par·

406 4613 447 4674 De
460 4613 528 4674 aliis
540 4610 770 4693 difficultatibus
783 4611 862 4674 circo
878 4613 1004 4675 Bellum.
1157 4546 1953 4716 {¹383„gomi,Cllglgtffiessjxffidlffiuplongss

1157 4725 1220 4806 pite
1235 4722 1466 4787 ventilabimus.

349 4825 504 4904 Ouoeritur
524 4825 634 4906 primo,
651 4845 689 4886 on
702 4824 741 4885 sit
754 4825 954 4894 necessarium,
971 4823 1051 4907 quod
1062 4827 1103 4887 sit

308 4919 339 4978 in
352 4925 431 4979 stetu
444 4915 554 4997 pratioe
576 4915 627 4975 ille
649 4914 703 4994 qui
715 4915 848 4994 applicat
860 4914 1035 4996 suffragium
1049 4913 1101 4976 ltu-

303 5007 354 5088 jus
375 5003 486 5073 Bulloe,
510 5012 563 5064 aut
585 5003 673 5065 altum
697 5002 858 5083 quamlibet
882 5002 1102 5084 indulgentium
1422 4991 1447 5049 Ῑ)
1459 4991 1484 5050 U
1494 4989 1518 5053 Β
1529 4989 1542 5051 l
1553 4991 1579 5053 U
1591 4990 1621 5052 Μ
1652 4991 1676 5051 l·

307 5089 1102 5260 dillilloelutpldielemilldnlldllleiAilidieiall
1214 5154 1461 5237 delectatatio
1470 5157 1500 5218 io
1509 5153 1773 5218 ordinationum
1790 5151 1891 5214 Belle

307 5271 414 5333 videre
428 5268 502 5331 licet
514 5266 545 5327 in
560 5265 656 5328 Trull.
669 5263 691 5324 l.
702 5267 733 5340 l,
750 5261 780 5324 d.
798 5267 846 5342 10,
863 5264 1012 5344 prodesse
1027 5265 1101 5327 Bul·
1442 5243 1665 5325 expedflt'tm·

307 5359 371 5422 lam
392 5357 538 5419 defuncto
559 5351 702 5436 quamvis
724 5351 881 5431 accipiens
895 5357 927 5415 et
939 5353 1100 5432 applicans

309 5449 337 5510 ci
361 5465 423 5512 non
449 5445 489 5507 sit
508 5443 540 5504 in
564 5441 682 5524 gratia3
710 5439 784 5526 quia
807 5441 949 5504 Pontifex
964 5461 1001 5504 ee
1019 5461 1090 5526 oper
1197 5438 1346 5516 Quaeritur
1362 5439 1473 5524 primo,
1489 5457 1648 5526 quamnam
1662 5437 1829 5522 laenitatem
1843 5435 1949 5498 raab

1157 3915 1193 3962 DE
1207 3909 1421 3962 rtcutmlltus
1435 3911 1614 3958 cortmsstarl
1623 3909 1950 3962 cettentttsutucum.
