3974 6348
284 426 342 484 311

280 631 337 690 per
357 612 545 674 miraculum
568 609 648 689 visu,
670 609 884 688 irregularitas
912 607 1030 669 obsessi
1054 624 1073 667 a

1013 419 1127 482 LIBER
1150 422 1216 484 Vll.

1169 607 1230 687 §E
1248 610 1288 684 Is,
1302 623 1373 668 cum
1389 626 1450 687 quo
1467 609 1677 688 dispensatur,
1694 609 1788 671 debet
1801 609 1917 688 proprie
1945 613 1978 662 aa

281 700 434 775 daemone,
460 701 486 762 si
509 701 633 761 daemon
655 699 837 777 expellatur,
863 699 953 759 Suar.
975 696 1005 758 d.
1021 700 1071 772 11,
1129 715 1195 756 6666
1210 695 1352 758 subditus
1366 697 1511 776 Episcopi
1527 697 1748 776 dispensantis,
1761 695 1806 757 ita
1820 701 1854 756 ut
1867 697 1916 756 ba-

280 807 303 847 s.
322 791 349 863 1,
367 807 397 848 6.
415 791 454 860 6;
480 787 547 848 Fili.
574 785 722 864 Salsedo,
748 786 823 847 Diua
847 791 878 846 et
901 784 1075 846 communis
1129 784 1204 845 beat
1225 784 1418 845 domicilium
1433 790 1488 847 aut
1502 785 1613 846 saltem
1629 785 1719 865 quasi
1734 784 1918 845 domicilium

282 893 353 936 cum
376 877 454 935 Bon.
480 872 509 934 d.
533 878 562 950 7,
589 893 618 954 q.
644 875 674 949 5,
695 892 729 953 p.
749 875 779 949 2,
795 891 825 932 6.
843 876 879 944 5;
896 871 966 933 talis
981 871 1076 932 etiam
1130 872 1163 931 iu
1183 872 1321 943 dioecesi,
1339 872 1510 934 habitando
1525 891 1582 953 per
1596 875 1750 954 maj0rem
1764 873 1839 934 anni
1853 891 1917 950 par·

282 967 329 1024 est
343 961 556 1042 irregularitas
580 979 619 1020 ex
640 959 789 1039 conjugio
810 964 950 1020 cessante
972 957 1076 1019 blatri·

1131 965 1206 1037 torn,
1224 963 1278 1021 aut
1292 964 1327 1021 ut
1341 961 1381 1021 sit
1401 979 1511 1040 vagus
1531 965 1595 1023 Nec
1613 961 1729 1024 66111611
1749 980 1818 1022 6666
1836 979 1918 1040 pere

282 1050 398 1126 monio,
422 1049 498 1111 item
521 1067 559 1109 ex
583 1048 694 1109 militia
713 1049 833 1109 secluso
849 1046 1030 1114 homicidio,
1047 1051 1078 1106 ct
1132 1049 1269 1128 gripum,
1291 1051 1389 1111 Castr.
1411 1070 1441 1111 6.
1467 1053 1497 1112 8.
1522 1051 1592 1130 lpse
1613 1055 1720 1110 autem
1741 1050 1920 1129 dispensans
1977 1103 1978 1106 ,

283 1137 488 1213 mutilatione,
514 1136 539 1196 si
566 1135 678 1196 militia
701 1141 819 1208 cesset;
850 1135 1076 1214 irregularitas,
1133 1136 1920 1218 debetcsseverusEpiscopusdispensandi,unde
1976 1149 1978 1216 g

284 1243 380 1305 quam
406 1224 524 1286 habent
545 1223 837 1291 curialcstustitia,
863 1223 925 1284 imo
947 1222 1080 1286 alludi·
1133 1225 1396 1305 Arcbiepiscopus
1410 1230 1554 1305 respectu
1570 1226 1768 1288 subditorum
1783 1225 1923 1304 Episcopi
1976 1256 1978 1265 ·

284 1331 335 1373 ces
359 1312 390 1373 16
414 1311 646 1389 criminalibus,
672 1311 698 1373 61
729 1329 890 1392 nunquam
919 1311 1078 1391 cooperati
1134 1314 1342 1392 suffraganei,
1369 1315 1462 1376 ctiam
1492 1314 1618 1393 qnando
1647 1319 1719 1375 actu
1748 1313 1854 1375 visitat
1879 1313 1923 1374 661

283 1400 400 1463 sintin
423 1418 520 1462 66666
543 1399 714 1480 sanguinis,
732 1418 802 1480 quae
827 1398 974 1460 habuerit
988 1400 1080 1458 ellec-

1135 1399 1262 1479 quando
1282 1401 1316 1462 tlt
1334 1400 1503 1479 appellatio
1527 1401 1568 1460 ad
1590 1399 1704 1479 ipsum,
1728 1404 1785 1462 aut
1805 1400 1922 1480 quando
1976 1417 1978 1484 ,

283 1491 349 1548 turn
365 1487 600 1549 deformationis
621 1487 766 1564 hominis,
791 1486 918 1566 quando
943 1485 1080 1547 officium
1135 1487 1308 1566 Episcopus
1329 1488 1595 1567 dispensationem
1618 1488 1734 1568 injuste
1755 1493 1861 1567 negat,
1883 1505 1925 1546 se·
1976 1487 1978 1568 1

1136 1575 1275 1636 cundum
1291 1577 1381 1637 Suar.
1407 1576 1522 1637 Sanch.
1540 1579 1640 1638 Castr.
1657 1597 1686 1636 6.
1703 1580 1734 1650 6,
1752 1575 1924 1653 dispensare
1976 1595 1977 1598 ¹

1137 1683 1200 1725 non
1215 1667 1327 1742 potest.
1346 1664 1406 1726 Alii
1427 1671 1533 1724 tamen
1555 1664 1762 1743 probabiliter
1779 1660 1925 1724 66616611-
1976 1651 1978 1718 ἶ

1138 1754 1213 1812 cunt
1227 1753 1337 1813 saltem
1352 1751 1384 1813 in
1399 1771 1474 1813 casu
1495 1751 1714 1832 appellationis
1730 1751 1771 1812 ob
1787 1749 1926 1830 injustam
1976 1773 1978 1816 1

1139 1839 1381 1919 denegationem
1420 1840 1671 1920 dispensationis.
1708 1841 1811 1900 Docet
1843 1839 1926 1899 etiam
1976 1837 1978 1882 t

1139 1927 1229 2006 Pign.
1247 1935 1269 1988 t.
1286 1931 1316 2004 6,
1332 1947 1408 1991 cous.
1420 1933 1470 2006 99,
1486 1948 1516 1990 6.
1540 1931 1589 2006 39,
1607 1933 1717 1989 contra
1732 1928 1813 1989 alios
1828 1927 1926 1988 Archi·
1969 1885 1978 2050 1

284 1574 361 1635 illud
375 1575 548 1654 deponunt,
560 1579 673 1652 cessat,
690 1575 735 1634 uti
750 1579 835 1636 recte
851 1593 923 1636 cum
944 1591 1081 1635 commu-

286 1663 316 1722 ni
333 1665 424 1725 Suar.
441 1663 472 1726 d.
488 1668 572 1741 17,6.
584 1667 615 1741 l,
632 1683 662 1725 6.
675 1667 704 1724 2.
722 1664 811 1736 Quod
827 1664 854 1724 si
869 1663 939 1743 quis
954 1663 985 1734 in
999 1662 1081 1722 bello

286 1751 380 1813 etiam
390 1752 476 1832 justo
492 1752 617 1814 iecisset
630 1751 835 1813 homicidium
848 1751 898 1812 vel
913 1749 1084 1812 mutilatio·

286 1859 369 1918 nem,
386 1844 441 1903 aut
455 1843 481 1902 si
495 1841 597 1903 ludex
620 1840 670 1900 vel
694 1840 773 1901 alius
794 1840 826 1900 in
842 1841 954 1901 ellectu
971 1855 1084 1917 coope-

287 1933 373 1989 ratus
396 1929 506 1990 luisset
528 1945 631 1989 causae
653 1927 742 1988 eliusi
766 1925 939 2007 sanguinis,
963 1930 1086 1987 contra-

286 2017 382 2079 xisset
408 2018 674 2096 irregularitatem
701 2035 738 2076 ex
768 2015 892 2078 delectu
920 2013 1082 2082 lenitatis,

288 2124 358 2187 quae
373 2105 528 2184 indigeret
545 2106 651 2184 aliqua
675 2103 919 2183 dispensatione,
945 2101 991 2162 uti
1013 2119 1086 2163 cum

289 2194 358 2254 aliis
372 2193 438 2254 nic.
455 2213 486 2256 6.
504 2196 593 2270 1071,
611 2196 641 2253 61
656 2192 778 2254 dicetur
792 2210 811 2253 a
827 2211 858 2255 6.
875 2195 945 2254 517.

221 2295 263 2340 tos
329 2283 391 2362 §a
413 2282 445 2344 Si
470 2283 539 2362 quis
562 2281 669 2360 plures
688 2279 783 2341 etiam
805 2279 947 2360 ejusdem
961 2279 1087 2359 generis

291 2370 537 2450 irregularitates
551 2369 728 2437 incurrerit,
739 2389 770 2430 6.
781 2388 812 2449 g.
826 2368 866 2429 ob
881 2368 1087 2430 homicidium

291 2460 406 2539 saepius
428 2458 557 2536 lactum,
582 2459 678 2520 debet
702 2457 875 2537 dispensari
900 2457 932 2516 16
957 2455 1087 2535 singulis

292 2549 404 2610 saltem
416 2547 448 2608 16
463 2567 591 2628 genere,
607 2552 640 2610 at
663 2548 695 2608 in
711 2545 887 2619 communi;
904 2545 984 2606 sicut
1005 2546 1088 2606 enim

292 2637 411 2717 pluries
435 2636 577 2699 contrahi
602 2639 705 2716 potest
728 2635 840 2696 eadem
868 2651 1012 2712 censura,
1043 2633 1088 2693 uti

294 2726 413 2788 dictum
436 2730 494 2802 est,
519 2726 563 2785 ita
582 2729 613 2786 61
628 2723 854 2804 irregularitas,
872 2740 941 2802 quae
956 2721 1088 2800 proinde

292 2812 447 2891 indigebit
473 2811 614 2890 pluribus
649 2809 960 2890 dispensationibus,
989 2808 1085 2870 Rodr.

294 2901 409 2980 aliique
423 2900 513 2961 multi
528 2906 638 2962 contra
651 2900 767 2961 Dicast.
783 2902 915 2974 611177,
934 2903 963 2959 et
978 2897 1066 2959 alios.

228 2983 269 3030 ³⁰⁰
333 2991 394 3070 57.
411 2989 641 3067 lrregularilas‚
658 3006 728 3067 qua
743 2987 914 3049 incurritur
933 3004 952 3046 a
971 2986 1089 3047 Clerico

295 3077 564 3140 excommunicato
594 3074 916 3138 excommunicatione
943 3074 1088 3155 majore,

295 3183 459 3243 suspenso,
475 3162 653 3240 intardicto,
665 3167 915 3243 praesumptuose
926 3181 963 3224 ac
973 3166 1091 3224 temere

296 3255 460 3314 exercente
489 3251 672 3313 solemniter
698 3255 804 3312 actum
832 3248 958 3311 Ordinis
985 3248 1088 3325 sacri,

297 3357 392 3421 quem
406 3339 512 3414 habet,
526 3343 573 3401 est
586 3344 747 3400 reservata
756 3340 861 3417 Papae,
873 3335 946 3398 11661
960 3354 1093 3399 censura

296 3430 361 3491 lata
375 3431 456 3490 esset
470 3428 510 3488 ab
525 3428 587 3489 alio
603 3445 698 3508 quam
714 3429 809 3505 Papa,
820 3429 896 3504 Gap.
911 3429 939 3501 l,
952 3428 996 3487 De
1011 3429 1091 3486 6661.

300 3535 421 3578 excom.
439 3516 470 3576 in
486 3519 523 3590 6;
539 3515 638 3577 Krim.
656 3514 677 3576 l.
693 3519 724 3593 5,
741 3535 772 3576 6.
790 3519 859 3577 215.

230 3603 272 3650 ³⁰⁷
339 3606 399 3684 18.
426 3603 575 3676 Quamvis
597 3601 630 3666 S.
656 3603 886 3667 Poeniteatiurr'a
908 3602 1053 3667 absolvat
1075 3619 1094 3662 a

301 3693 443 3756 sensuris
465 3692 559 3755 etiam
583 3692 616 3752 16
639 3692 764 3754 casibus
787 3693 930 3772 publicis,
957 3695 1094 3754 attamen

300 3801 366 3845 non
379 3781 541 3860 dispensat
554 3797 650 3858 super
663 3780 894 3860 irregularitate
910 3798 982 3841 cum
997 3797 1096 3840 saecu-

299 3871 430 3947 laribus,
443 3868 501 3929 nisi
516 3868 548 3928 in
563 3868 688 3930 casibus
702 3868 848 3950 6661611161
861 3886 936 3930 nam
946 3867 1021 3929 dum
1031 3865 1096 3945 agi-

301 3964 353 4022 tur
379 3959 419 4019 dc
446 3956 644 4019 absolutione
673 3961 704 4019 et
727 3956 960 4036 dispensatione
983 3955 1093 4021 simul,

301 4063 426 4124 semper
440 4044 586 4122 absolvit,
603 4045 658 4105 sed
673 4045 834 4125 dispensat
852 4063 925 4108 cum
943 4041 1094 4119 clausula,

302 4133 473 4194 dummodo
488 4133 651 4213 praemissa
665 4135 728 4197 sint
743 4135 877 4213 occulta,
889 4134 1009 4196 Tiburt.
1018 4150 1052 4212 p.
1065 4133 1095 4208 3,

303 4241 327 4282 e.
348 4224 378 4283 6.

236 4321 277 4367 tas
346 4309 442 4384 06661
455 4310 505 4370 60.
521 4340 562 4352 -
577 4304 657 4380 Quid
670 4302 836 4366 addendum
850 4306 887 4367 sit
906 4307 987 4372 circa
1000 4319 1099 4392 potes·

305 4408 392 4460 tatem
412 4396 556 4480 Episcopi
576 4395 606 4455 iu
627 4394 822 4475 dispensanda
845 4395 1100 4477 irregularitate?

306 4481 1096 4565 R.§737rid.sess.24,c.6.l)eres.sichabet:

306 4573 408 4636 Liceat
427 4570 582 4653 Episcopis
596 4570 627 4630 in
641 4569 914 4651 irrepularitatilus
927 4572 1059 4634 omnibus
1072 4582 1101 4634 et

305 4660 534 4744 suspensionibus
547 4657 707 4722 castelleto
721 4657 833 4720 occulto
846 4660 1098 4741 provenientibus,

307 4759 428 4832 eccepto
440 4769 484 4817 eu,
501 4767 568 4831 que
580 4748 676 4809 oritur
694 4768 731 4808 crc
749 4747 902 4810 homicidio
916 4749 1096 4826 volitatorio,

308 4849 337 4900 et
349 4839 473 4921 exceptis
487 4839 555 4900 aliis
569 4836 699 4898 deductis
713 4835 753 4898 ad
763 4837 864 4915 sorum
878 4838 1099 4914 contentiosum,

308 4927 487 5010 dispensare.
501 4925 547 4986 Et
568 4925 599 4985 iu
619 4924 845 5006 quibuscumque
857 4926 969 4987 casibus
982 4924 1102 4986 occultis

308 5017 396 5079 ctiam
425 5015 500 5077 Serti
527 5015 706 5096 Apostolicoe
733 5017 884 5077 reserantis
907 5015 1103 5098 delinquentes

309 5123 503 5188 quoscumque
513 5104 569 5164 sibi
581 5103 708 5164 subditos
721 5103 752 5163 iu
766 5104 883 5165 dr'oeccsi
895 5122 950 5164 sua
959 5123 1017 5184 per
1030 5104 1103 5185 serp·

310 5213 354 5254 sos
367 5201 420 5254 661
440 5192 593 5255 Vicnriuru
607 5191 648 5253 erl
667 5191 702 5252 td
721 5190 885 5272 specialiter
903 5191 1103 5273 deputandum

314 5279 346 5340 16
368 5281 435 5360 soro
462 5280 643 5342 couscientia
664 5281 757 5360 pratis
779 5280 943 5348 absoluere,
969 5281 1104 5362 imposita

311 5367 480 5450 penitentie
493 5368 631 5434 salutari.

1141 2015 1323 2095 episcopum
1338 2035 1401 2078 non
1422 2035 1513 2096 posse
1528 2017 1711 2096 dispensare
1733 2015 1767 2075 16
1789 2014 1927 2093 irregula-
1975 2053 1978 2090 ,

1141 2103 1232 2165 ritate
1252 2104 1302 2163 661
1321 2105 1525 2184 suspensione
1547 2123 1619 2166 cum
1642 2103 1770 2166 subdito
1794 2100 1925 2183 Episcopi
1975 2093 1978 2190 1

1143 2193 1333 2271 suffraganei
1347 2194 1496 2272 absentis,
1511 2193 1563 2274 qui
1574 2194 1734 2255 Vioarium
1751 2193 1794 2255 ad
1809 2193 1926 2254 hocnoc

1142 2280 1320 2359 deputavit3
1338 2301 1412 2343 nam
1432 2283 1526 2344 etiam
1542 2301 1604 2344 non
1624 2283 1721 2344 habet
1735 2282 1834 2344 talem
1844 2280 1927 2362 juris·
1976 2275 1978 2362 i

1142 2367 1310 2430 dictionem
1325 2369 1356 2429 in
1371 2371 1465 2432 talem
1476 2369 1648 2446 subditum,
1662 2369 1720 2431 nisi
1736 2369 1770 2430 in
1787 2369 1927 2430 casibusa
1976 2369 1978 2448 1

1142 2457 1217 2518 lure
1233 2458 1398 2535 expressis,
1416 2459 1517 2539 qualis
1532 2476 1593 2519 non
1609 2461 1657 2520 est
1671 2458 1735 2520 hic.
1974 2461 1978 2534 j

1182 2546 1200 2624 §
1215 2548 1245 2606 3.
1262 2545 1363 2607 Etiam
1379 2565 1440 2608 non
1456 2550 1588 2626 possunt
1601 2547 1631 2608 vi
1643 2547 1730 2609 Trid.
1750 2547 1803 2608 bic
1818 2546 1928 2624 dispen·
1945 2563 1978 2628 rar

1143 2650 1212 2693 sare
1227 2633 1350 2694 Praelati
1366 2635 1547 2716 Regulares,
1562 2634 1706 2714 quamvis
1721 2634 1834 2696 aSede
1844 2637 1929 2712 Apos-
1976 2631 1978 2686 t

1143 2719 1237 2782 tolica
1260 2721 1398 2784 habeant
1420 2722 1451 2783 in
1474 2741 1548 2784 suos
1572 2722 1828 2802 jurisdictionem
1854 2720 1928 2800 quasi

1143 2809 1372 2888 Episcopalem,
1389 2811 1464 2891 quia
1477 2810 1603 2891 proprie
1618 2828 1681 2871 non
1696 2813 1772 2872 sunt
1786 2809 1926 2890 Episcopi,
1973 2826 1978 2902 1

1144 2897 1183 2958 de
1199 2898 1543 2981 quibussolisloquitur
1561 2899 1643 2961 Trid.
1660 2918 1719 2960 nec
1734 2899 1854 2960 babent
1866 2897 1929 2958 dite·
1975 2907 1978 2986 1

1144 2987 1252 3064 cesim,
1270 2993 1301 3050 et
1315 2987 1359 3050 ita
1372 2988 1467 3050 etiam
1477 2988 1574 3050 habet
1587 2989 1760 3050 declaratio
1776 2987 1860 3066 apud
1873 2985 1928 3048 Gal·
1973 2991 1978 3074 1

1144 3074 1218 3136 lem.
1235 3094 1341 3155 supra,
1367 3077 1542 3157 docentque
1557 3076 1652 3138 etiam
1668 3078 1762 3138 Suar.
1781 3080 1814 3137 61
1828 3072 1926 3138 Sanch.
1976 3079 1978 3166 1

1146 3162 1183 3226 16
1197 3163 1258 3224 dec.
1275 3164 1296 3224 1.
1313 3167 1343 3241 E,
1360 3183 1385 3225 c.
1403 3167 1453 3241 11,
1477 3183 1509 3226 rr.
1530 3169 1560 3241 7,
1587 3164 1675 3244 Pign.
1694 3181 1806 3242 supra,
1823 3160 1926 3242 Spercl.
1973 3168 1978 3246 1

1146 3251 1206 3312 dec.
1225 3255 1293 3329 ltl,
1309 3271 1340 3313 6.
1353 3256 1402 3330 92,
1416 3259 1528 3314 etcum
1539 3270 1575 3314 eo
1586 3253 1726 3332 plurimi,
1738 3256 1850 3314 contra
1863 3253 1928 3312 1166-

1147 3341 1207 3421 riq.
1223 3340 1319 3402 Rodr.
1337 3342 1427 3421 Sayr.
1445 3342 1526 3404 xvii.
1539 3344 1623 3404 Port.
1640 3343 1739 3404 castr.
1756 3344 1790 3402 61
1798 3340 1880 3401 alios.
1891 3341 1929 3399 16

1147 3433 1253 3491 autem
1267 3430 1387 3510 possint
1400 3431 1430 3492 61
1446 3431 1573 3494 altarius
1588 3430 1760 3511 privilegii,
1777 3428 1874 3490 sideri
1885 3427 1929 3487 de
1974 3399 1978 3514 1

1147 3516 1224 3577 beni
1246 3515 1330 3578 diota
1353 3519 1471 3578 6111.
1498 3517 1628 3579 Addunt
1652 3520 1743 3580 Garz.
1764 3520 1796 3578 et
1810 3515 1859 3577 6111
1871 3529 1929 3575 cum

1147 3606 1240 3664 Leur.
1264 3621 1360 3682 supra
1382 3623 1413 3666 6.
1430 3608 1461 3682 3,
1487 3604 1581 3666 etiam
1606 3623 1668 3666 non
1690 3623 1786 3684 posse
1801 3603 1929 3666 Praebtos

1148 3691 1301 3772 Episcopo
1312 3693 1485 3770 inferiores,
1499 3693 1643 3774 quamvis
1653 3693 1797 3754 habeant
1801 3689 1929 3773 jurisdic·
1975 3727 1978 3770 1

1148 3781 1267 3842 tionem
1281 3781 1474 3844 ordinariam
1495 3785 1527 3843 et
1544 3781 1633 3863 quasi
1649 3781 1865 3860 Episcopalem
1878 3795 1929 3837 res

1149 3875 1242 3949 pactu
1265 3871 1474 3948 saecularium,
1497 3870 1553 3932 sed
1575 3870 1634 3931 hos
1653 3870 1772 3931 debere
1788 3882 1928 3930 recurrere
1974 3865 1978 3964 1

1150 3956 1191 4018 61
1206 3956 1320 4018 Sedem
1341 3957 1564 4036 Apostolieam.
1585 3957 1683 4020 Addit
1697 3956 1823 4037 Pignat.
1838 3952 1928 4033 nequi
1976 3965 1978 4028 1

1151 4045 1223 4106 dem
1246 4063 1337 4124 posse
1360 4046 1391 4106 61
1414 4044 1508 4126 hujus
1525 4044 1683 4106 facultatis
1697 4045 1787 4105 Trid.
1804 4047 1835 4104 61
1846 4040 1928 4102 decla·
1974 4029 1978 4134 1

1151 4132 1271 4194 ratione
1295 4135 1388 4211 Greg.
1405 4134 1485 4209 Xlll,
1511 4132 1695 4212 dispensare
1717 4127 1927 4192 Cardinalcsin
1976 4143 1978 4204 1

1151 4219 1297 4281 Ecclesiis
1321 4219 1484 4297 661111611,
1512 4238 1575 4281 non
1599 4219 1684 4280 enim
1702 4217 1777 4280 ideo
1792 4221 1928 4279 6661666
1975 4209 1978 4308 1

1152 4309 1309 4388 Episcopi.
1976 4309 1978 4322 “

1192 4397 1253 4476 §b
1271 4401 1391 4460 Docent
1415 4399 1506 4461 Suar.
1529 4400 1648 4462 Bonae.
1673 4393 1927 4478 sperandast,

1153 4507 1183 4549 6.
1199 4491 1229 4564 7,
1255 4486 1344 4566 Pign.
1370 4487 1487 4564 etalii,
1515 4488 1609 4550 etiam
1624 4506 1688 4549 non
1712 4480 1927 4566 possevi'ln'd.

1154 4575 1336 4654 dispensare
1360 4575 1537 4654 Capitulum
1562 4577 1644 4636 Sede
1660 4579 1808 4651 vacante,
1822 4570 1887 4652 quia
1897 4563 1927 4626 61

1155 4663 1231 4724 illud
1245 4681 1307 4724 non
1322 4666 1496 4742 transeunt,
1514 4681 1584 4744 qnae
1606 4665 1683 4726 lure
1698 4661 1824 4743 speciali
1838 4673 1928 4722 66666-
1974 4649 1978 4772 1

1155 4753 1272 4813 duntur
1293 4753 1459 4832 Episcopo.
1486 4753 1672 4832 Oppositum
1694 4755 1805 4814 tenent
1821 4744 1926 4822 lienriq.
1975 4773 1978 4878 1

1156 4838 1284 4920 Rodriq.
1302 4840 1552 4918 Sayr.Vent1ig.
1578 4839 1663 4902 Pirh.
1690 4829 1924 4901 Piasec..Bened·

1157 4926 1272 4988 Sanch.
1298 4925 1342 4987 De
1355 4925 1447 4988 Matr.
1466 4925 1488 4988 l.
1504 4930 1533 4994 8,
1551 4925 1580 4990 d.
1597 4929 1708 5003 Qun.
1727 4929 1778 5004 to,
1799 4916 1928 4987 nubile

1156 5013 1207 5093 off.
1233 5012 1333 5094 Epire.
1350 5014 1443 5093 alleg.
1467 5017 1516 5082 89.
1542 5017 1647 5085 6.16;
1670 5015 1759 5076 Lesa.
1784 5013 1924 5073 1666611-

1155 5100 1370 5162 Absolutr'ocas.
1384 5104 1437 5172 1ος
1450 5103 1590 5180 Castrop.
1602 5101 1633 5162 d.
1645 5105 1675 5178 6,
1685 5121 1718 5182 p.
1728 5106 1759 5170 7,
1770 5121 1799 5160 n.
1810 5104 1842 5170 7;
1851 5099 1924 5156 brut·

1157 5189 1189 5248 in
1210 5188 1307 5251 Virar.
1333 5211 1363 5272 q.
1380 5193 1450 5266 178,
1475 5189 1549 5269 qula
1570 5189 1637 5251 haec
1652 5193 1791 5270 potestas
1804 5177 1925 5261 competit

1156 5280 1173 5341 J
1178 5296 1232 5338 ure
1247 5278 1375 5358 quidem
1390 5278 1529 5356 speciali,
1547 5284 1685 5340 attamen
1701 5273 1867 5341 Ordinario.

1196 5368 1257 5446 §b
1282 5367 1386 5429 Verba
1410 5366 1463 5428 illa
1483 5367 1569 5428 Trid.
1594 5368 1627 5427 in
1642 5367 1817 5428 6116666166
1820 5403 1882 5426 ......
1901 5353 1924 5414 in
1942 5361 1970 5410 16
