3968 6346
328 607 353 676 D
653 610 774 682 ianax
797 612 968 684 CASUUM.
1271 613 1297 684 44
1597 619 1635 686 iai

17 795 95 858 citam,
106 808 130 847 n.
148 797 184 847 12.
199 796 239 847 Ad
255 811 365 862 paenam
379 799 490 851 divortii
504 799 603 853 44441414
617 802 787 867 probabilius

17 867 156 916 adulterium
171 870 345 918 commissum
357 872 439 920 etiam
454 883 487 920 ex
502 875 574 921 metu
585 873 671 935 gravi,
688 886 714 922 n.
731 875 785 923 135.

18 936 72 984 lieri
81 939 159 1000 potest
173 938 246 987 inter
259 940 386 1004 conjuges
405 941 440 989 ob
463 942 598 1005 culpabile
620 943 787 992 adulterium

18 1007 110 1056 alterius
122 1008 251 1072 conjugis,
266 1010 358 1060 veleb
373 1011 512 1072 saevitiam,
528 1012 739 1062 sollicitudiuem
752 1014 787 1063 ad

18 1079 143 1138 44444144,
157 1078 282 1127 morbum
294 1081 490 1143 contagiosum,
507 1081 631 1132 4444441444
645 1083 787 1132 matrimo-

18 1145 54 1194 nio
66 1148 299 1210 supervenientem,
318 1163 366 1213 per
388 1154 514 1200 mutuum
540 1165 711 1215 consensum,
727 1156 787 1213 etc,

18 1229 77 1264 aum.
89 1219 138 1277 411,
147 1219 201 1278 426,
215 1231 233 1267 a
247 1231 274 1268 ιι.
286 1221 342 1281 131,
357 1222 410 1270 llo.
426 1221 553 1285 Conjngis
563 1223 666 1273 saevitia
678 1226 716 1272 cst
725 1237 788 1272 cau·

19 1299 40 1334 ra
52 1287 157 1349 diuortii,
172 1289 193 1338 si
209 1289 329 1353 prudens
344 1291 425 1340 timor
438 1291 473 1340 ait
486 1291 576 1355 gravis
599 1293 664 1342 mali
678 1295 787 1342 secuta-

19 1357 44 1416 ri,
56 1369 97 1406 uec
110 1357 231 1408 videatur
245 1361 310 1409 satis
327 1360 480 1410 consultum
501 1375 549 1426 per
570 1365 734 1424 cautionem,
760 1377 787 1413 a.

18 1427 60 1476 446.
78 1428 102 1478 84
122 1443 188 1478 uxor
207 1430 277 1479 male
297 1433 410 1481 tractata
430 1432 465 1481 sit
487 1434 564 1495 quasi
589 1436 673 1498 ejecta
687 1449 703 1483 a
718 1435 788 1495 viro,

19 1498 85 1546 etiam
104 1500 208 1560 neganti
231 1500 363 1551 alimenta
381 1505 408 1551 ct
431 1502 600 1566 conjugalem
616 1504 746 1566 debitum,
762 1509 790 1554 et

19 1565 63 1615 bec
78 1568 102 1616 ia
121 1569 199 1618 exilio
216 1569 265 1620 flat
287 1571 477 1634 adulteratur
499 1575 677 1637 probabiliter
699 1576 787 1625 adbuc

19 1640 88 1698 polest
98 1637 179 1690 lacere
192 1640 352 1702 divortium,
368 1641 388 1690 si
404 1641 570 1694 adulterium
585 1658 641 1695 non
657 1646 787 1696 intende-

19 1705 52 1764 u‘t,
64 1719 106 1756 aec
119 1708 265 1771 prudenter
279 1711 427 1773 praevidere
443 1713 574 1775 potuerit,
586 1727 613 1762 ιι.
630 1715 684 1764 433.
701 1715 790 1764 Potest

21 1773 73 1823 illud
93 1774 145 1825 fleri
166 1779 327 1829 arroteritate
350 1781 472 1843 propria,
494 1782 515 1829 si
532 1783 567 1830 sit
586 1783 737 1844 periculum
762 1783 790 1832 iu

21 1855 87 1902 nora,
97 1845 156 1894 item
165 1845 186 1895 si
196 1847 362 1898 adulterium
370 1849 406 1899 441
421 1853 494 1900 certo
503 1853 687 1912 commissum,
697 1853 789 1902 diror-

21 1913 74 1962 tium
82 1915 162 1978 quoad
172 1921 262 1967 torum
273 1917 331 1967 tisri
342 1923 532 1982 potest,eto.,a
543 1935 569 1972 a.
581 1923 625 1970 434
629 1923 691 1981 ,aaa
703 1924 789 1971 Etiam

20 1986 155 2035 auctoritate
174 1987 283 2050 propria
306 1988 364 2038 fieri
388 1994 477 2052 potest
497 1995 553 2040 tum
573 1991 661 2053 quoad
681 1993 790 2052 torum,

21 2063 85 2132 qiam
94 2057 176 2118 quoad
191 2056 400 2120 habitationem,
410 2061 433 2109 si
444 2075 506 2124 pars
516 2075 570 2110 una
584 2061 687 2111 incidat
698 2063 725 2111 in
737 2062 789 2112 1444·

22 2134 85 2171 resim
97 2137 153 2174 cum
174 2127 334 2188 pertinacia,
349 2142 365 2177 a
379 2142 405 2178 n.
422 2131 474 2178 416.
493 2131 520 2181 84
536 2145 569 2181 ex
584 2131 702 2180 divortio
717 2132 791 2180 orie-

22 2191 56 2236 tur
71 2192 225 2254 scandalum,
244 2195 387 2246 dissolutio
403 2195 461 2247 fieri
476 2197 556 2249 dcbct
570 2202 728 2250 auctoritato
746 2201 790 2250 Ec·

22 2257 207 2324 ululantia.
223 2263 251 2316 84
267 2267 428 2317 auctoritate
449 2271 555 2331 propria
577 2269 677 2320 lactum
696 2272 740 2330 sit,
764 2275 791 2322 ct

23 2329 130 2382 44444444
147 2336 245 2384 statum
270 2348 324 2384 nou
341 2335 499 2398 immutarit,
515 2343 624 2389 tenetur
646 2343 791 2389 nocentem

23 2400 204 2462 reciperasse
220 2404 426 2464 emendaverit;
441 2420 496 2456 nou
517 2411 618 2469 atatem,
641 2409 663 2458 si
686 2409 791 2458 iudicis

22 2471 159 2546 auctoritate
177 2477 340 2536 perpetuum
355 2474 504 2524 disortium
518 2475 617 2526 lactum
636 2478 672 2526 sit
686 2477 720 2528 ob
735 2478 791 2526 tor·

24 2541 216 2603 acutissumis.
233 2544 289 2592 452.
304 2544 456 2594 Disertium
470 2547 552 2596 stiam
567 2547 726 2598 conceditur
740 2562 791 2597 ao-

24 2609 80 2657 reati
93 2615 146 2674 post
163 2612 330 2663 adulterium
346 2615 380 2664 ob
395 2616 528 2666 servitiam
544 2619 676 2681 conjugis,
691 2633 718 2668 u.
736 2621 789 2668 446.

23 2675 68 2726 tion
79 2684 159 2742 polest
177 2681 246 2732 illud
263 2681 320 2732 lieri
336 2683 425 2747 quoad
448 2686 587 2736 vinculum
607 2688 664 2738 siue
685 2689 790 2752 judicio

23 2745 134 2810 Ecclesiae,
148 2751 228 2800 etiam
244 2753 412 2803 Matrimonii
435 2755 486 2804 rati
507 2759 624 2817 tautmn,
639 2771 657 2807 n
681 2761 735 2807 424.
751 2757 790 2808 ad

24 2815 149 2870 divortium
162 2823 243 2872 etiam
261 2823 427 2872 llatrimonii
442 2826 494 2874 rati
509 2829 613 2875 tantum
629 2828 719 2890 quoad
734 2829 791 2876 vin·

23 2887 95 2938 culum
107 2893 260 2954 requiritur,
276 2896 306 2942 44
319 2893 407 2944 ludex
421 2895 521 2944 babeat
534 2896 602 2946 duos
618 2901 699 2947 testes
715 2899 790 2948 omni

23 2960 156 3022 exceptione
171 2965 297 3025 majorca,
308 2963 355 3026 qui
373 2963 406 3013 de
422 2965 552 3027 impedito
566 2964 714 3031 deponant,
729 2971 789 3030 etc,

23 3041 67 3076 aa.
79 3031 126 3080 428.
140 3031 176 3082 td
192 3032 262 3081 illud
281 3032 435 3082 iaciendum
454 3035 541 3084 iudex
556 3042 713 3100 competens
727 3052 791 3101 pro-

23 3095 120 3148 babilius
135 3115 187 3151 non
209 3105 250 3152 est
266 3105 372 3152 lantum
397 3103 542 3167 Episcopus
566 3105 628 3166 loci,
647 3107 790 3156 sedetiam

23 3166 141 3229 domicilii,
155 3186 180 3221 n.
196 3171 250 3222 aaa.
268 3172 307 3222 114
319 3173 471 3224 divortium
487 3176 575 3237 quood
591 3179 678 3226 torum
692 3177 793 3226 44414441

24 3237 140 3302 contessio,
151 3254 230 3304 quam
245 3241 280 3292 de
294 3243 430 3292 adulterio
444 3258 497 3294 ase
513 3248 656 3297 commisso
672 3248 736 3297 iacit
746 3248 791 3298 ille

24 3309 112 3372 444144,
124 3313 168 3374 qui
182 3313 332 3363 divortium
347 3314 440 3376 nollet,
456 3329 482 3364 n.
501 3318 554 3366 428.

268 3417 394 3468 DOCENS
411 3418 522 3471 uulsi.

48 3499 135 3554 Ducena
147 3503 211 3556 talsa
226 3505 327 3570 passim
342 3509 369 3555 et
380 3507 504 3568 scienter,
521 3512 614 3570 peccat
627 3509 755 3572 graviter,
772 3509 789 3560 l.

24 3569 43 3630 ³,
54 3585 75 3635 1).
85 3577 106 3636 2,
120 3590 144 3626 4.
156 3579 208 3628 351.
225 3577 354 3628 14444444
373 3577 436 3627 ialsa
451 3579 583 3629 inducens
597 3580 673 3630 aliud
690 3583 792 3632 malurn

24 3647 102 3702 preter
114 3660 226 3696 errorem
241 3647 341 3712 ipsum,
356 3645 420 3696 iacit
437 3648 575 3711 injuriam,
591 3654 619 3699 ct
633 3653 742 3700 tenetur
758 3651 792 3701 ad

24 3713 80 3762 nala
87 3718 225 3767 4444144444
239 3718 283 3767 441
300 3718 509 3780 compensanda,
522 3732 596 3768 num.
608 3721 662 3768 352.
679 3721 707 3770 84
722 3721 792 3771 Cou-

25 3779 135 3847 4444444,
153 3787 283 3850 Medicus,
308 3789 469 3850 advocatus,
485 3790 629 3851 Professor,
655 3791 793 3854 inculpate

25 3853 99 3906 docuit
110 3857 211 3922 alsam,
226 3872 262 3909 ex
286 3872 339 3922 quo
358 3859 488 3909 damnum
507 3861 639 3923 sequitur,
656 3864 794 3924 comperta

25 3924 125 3988 4441414,
138 3928 217 3978 etiam
232 3933 377 3993 postquam
394 3928 528 3980 dimiserit
544 3929 595 3980 tale
611 3930 794 3992 (4144144414-

24 3991 115 4045 rebitur
132 4011 248 4048 errorem
271 4000 412 4062 corrigere,
427 3999 471 4048 vel
486 3999 615 4050 damnum
631 4015 793 4064 recompen-

25 4069 177 4124 14444353.
193 4070 299 4121 4144444
315 4070 381 4120 44144
394 4071 453 4120 4444
469 4069 573 4132 fraude,
589 4086 623 4121 ex
639 4072 795 4135 ignorantia

26 4133 98 4185 14444
109 4139 222 4200 graviter
236 4140 377 4203 culpabili,
387 4140 409 4190 si
427 4139 498 4190 male
514 4142 665 4192 instructus
679 4155 727 4206 per
743 4141 794 4191 boc

24 4201 136 4257 abductus
149 4212 187 4259 est
200 4225 216 4260 a
231 4211 333 4270 dando,
352 4211 423 4273 quod
445 4210 569 4273 debebat,
586 4215 693 4262 tenetur
716 4212 795 4264 dem-

25 4283 263 4344 aumccmpensare,
278 4281 326 4344 qui
342 4281 380 4330 sic
395 4281 465 4332 mule
479 4281 618 4345 iustruxit,
632 4297 658 4334 n.
668 4285 722 4334 354.

328 4392 464 4443 nomeu.

50 4469 159 4529 1444144444
173 4478 343 4542 probabilius
356 4479 438 4530 etiam
453 4480 577 4544 indigeat
594 4481 794 4546 approbatione

25 4553 65 4605 1114
73 4546 280 4601 confessionibus
295 4551 471 4614 excipiendis,
482 4551 499 4600 1.
510 4553 536 4613 6,
546 4567 572 4616 p.
584 4555 608 4614 2,
619 4567 646 4602 4.
660 4554 731 4603 1485.

313 4655 482 4707 DOCTRlNA.

50 4737 73 4788 Si
86 4745 270 4807 quercetanus
280 4743 404 4794 doctrina
415 4744 600 4809 alicuiuslibri
611 4747 646 4796 sit
659 4745 794 4806 haereticm

27 4811 138 4868 queritur
156 4817 177 4863 4.
193 4816 258 4874 Quae
274 4815 309 4864 sit
323 4813 445 4865 doctrina
465 4820 492 4866 44
510 4829 604 4865 444444
621 4815 692 4865 libri.
712 4819 735 4865 2.
755 4817 795 4866 4ιι

27 4875 63 4926 1114
76 4879 186 4933 doctrina
198 4885 224 4933 in
236 4884 284 4935 illo
294 4897 373 4934 sensu
385 4885 421 4935 sit
430 4884 566 4946 haeretica,
576 4886 593 4934 1.
606 4888 629 4946 1,
640 4899 666 4934 4.
677 4885 731 4934 288.

52 4949 164 5002 Doctrina
182 4954 320 5005 catholica
344 4956 615 5007 circa'Sacramenta.
635 4955 666 5006 V.
687 4958 796 5007 Errores

27 5013 186 5075 macram.

52 5089 161 5144 Doctrina
176 5097 342 5147 Academica.
360 5092 389 5146 V.
404 5095 610 5147 Acadcnu'corum
624 5095 746 5148 doctriua.

52 5159 162 5214 Doctrina
176 5168 294 5218 moralis.
309 5169 341 5220 V.
356 5169 460 5218 Marciis
474 5167 602 5219 (44414144.

328 5273 463 5323 DAEMON.

52 5347 147 5403 Damon
159 5358 246 5418 potest
259 5371 395 5407 assumere
406 5357 520 5409 sormam
531 5355 651 5408 hominis
662 5357 793 5406 innocen·

26 5417 152 5483 salua.
163 5428 229 5478 1482.
240 5428 357 5478 Pecunia
375 5442 391 5479 a
410 5428 532 5479 daemone
545 5431 663 5493 accepto,
675 5429 793 5492 spectato

105 5511 204 5566 iabiu.

843 805 907 856 Jare
922 807 1035 866 naturae,
1050 805 1161 856 retineri
1175 809 1273 870 potest,
1289 805 1342 858 nisi
1353 805 1455 858 sciatur
1465 804 1538 871 quod
1554 807 1637 858 alicui

844 877 880 925 sit
889 875 1001 938 iuratus,
1013 880 1078 927 tuuc
1092 877 1164 926 euim
1175 878 1280 926 restitui
1292 878 1373 927 debet
1385 897 1391 927 ι
1403 878 1436 927 44
1445 879 1509 927 lure
1521 879 1638 942 positivo

843 950 903 1010 post
921 947 1084 997 sententiam
1101 946 1204 997 iudicis
1220 947 1302 997 441444
1320 948 1377 998 dari
1398 949 1573 1012 pauperibus,
1594 948 1636 997 441

842 1016 971 1080 applicari
983 1017 1056 1078 tlsoo,
1068 1017 1084 1066 l.
1097 1019 1121 1076 a,
1132 1030 1158 1081 p.
1169 1019 1193 1078 2,
1205 1031 1231 1068 ιι.
1242 1020 1296 1067 292.

873 1089 1009 1138 Doemonis
1023 1089 1168 1138 invocatio.
1183 1089 1214 1140 V.
1231 1089 1365 1141 Ds'ei'nutr'o.

873 1158 983 1221 Dogma.
999 1159 1030 1209 v.
1049 1158 1144 1208 Canon.

1181 1265 1298 1318 boton.

874 1358 957 1409 Dolor
966 1373 1013 1424 pro
1024 1361 1196 1412 Sacramenta
1212 1359 1383 1411 Paenitentia
1398 1362 1438 1409 est
1453 1359 1582 1410 contritio
1594 1357 1636 1409 ret

843 1430 955 1490 attritio,
967 1428 985 1480 1.
996 1433 1021 1491 6,
1032 1447 1056 1495 p.
1068 1434 1091 1493 2,
1102 1447 1118 1482 4
1129 1446 1155 1481 n.
1171 1433 1225 1480 654.
1237 1431 1274 1480 ad
1287 1431 1491 1482 Sacramentum
1503 1430 1638 1480 Paeniten-

844 1501 888 1550 1444
903 1501 1079 1564 probabiliter
1093 1504 1240 1566 requiritur
1254 1500 1331 1550 dolor
1345 1503 1371 1548 et
1385 1499 1529 1550 detestatio
1544 1500 1637 1560 simul,

844 1581 904 1632 quus
919 1565 948 1613 4ιι
963 1579 994 1614 44
1007 1567 1147 1628 diilerant,
1162 1572 1232 1630 quod
1248 1569 1326 1619 dolor
1338 1570 1374 1618 sit
1387 1569 1421 1618 da
1438 1569 1510 1618 malo
1523 1573 1555 1618 ut
1568 1581 1637 1632 prse-

844 1638 929 1696 seate,
945 1635 1089 1687 detestatio
1104 1637 1136 1688 de
1152 1637 1222 1686 malo
1237 1643 1268 1688 ut
1285 1640 1430 1700 praeterito,
1447 1652 1503 1689 an.
1521 1641 1575 1688 688.
1587 1639 1638 1688 Do·

844 1703 909 1754 loris
923 1707 956 1756 de
972 1708 1088 1769 peccatis
1103 1709 1236 1758 nrotivum
1251 1711 1410 1770 potestesse
1426 1708 1537 1770 malum,
1554 1709 1638 1757 indit·

844 1773 940 1836 terens,
963 1777 1122 1838 humanum,
1138 1779 1292 1836 honestum,
1308 1790 1355 1826 seu
1372 1789 1438 1839 pure
1460 1777 1595 1838 naturale,
1610 1780 1637 1827 et

844 1843 987 1894 honestum
1002 1847 1148 1910 respiciens
1162 1846 1257 1904 Deum,
1270 1857 1301 1893 ac
1315 1857 1363 1908 per
1376 1843 1457 1894 tidem
1473 1850 1635 1908 supernatu-

843 1915 927 1964 ralem
944 1921 1129 1980 propositum,
1144 1917 1248 1980 primus
1261 1914 1340 1964 dolor
1355 1917 1395 1963 eat
1415 1912 1565 1978 peccatam,
1581 1919 1637 1964 tres

845 1990 987 2048 sequentes
1002 2001 1057 2036 ιιοιι
1071 1990 1135 2036 4441
1149 1988 1183 2036 44
1204 1999 1232 2035 44
1250 1983 1324 2044 mali,
1339 1988 1459 2033 attamen
1483 1998 1539 2034 non
1562 1981 1639 2033 44111·

847 2056 924 2105 44444
940 2055 974 2106 44
999 2057 1202 2107 Sacramentum
1221 2053 1409 2113 Poenitentiae3
1431 2055 1504 2102 solus
1527 2054 1639 2116 quintas

846 2130 934 2188 potest
948 2141 1005 2176 csse
1021 2127 1234 2190 supernaturalis
1248 2128 1275 2174 et
1289 2123 1472 2184 4444414444.
1488 2126 1541 2172 414.
1558 2124 1641 2173 Dolor

846 2195 879 2243 de
895 2199 1013 2258 peccatis
1033 2199 1067 2247 ud
1091 2199 1294 2248 Sacramentum
1310 2195 1478 2243 renitentia
1493 2194 1640 2256 requisitus

845 2279 879 2314 cx
893 2271 1010 2330 quatuor
1024 2269 1135 2318 motivis
1154 2267 1302 2317 universim
1318 2265 1425 2328 concipi
1440 2267 1545 2328 potest:
1562 2267 1584 2314 4.
1602 2264 1639 2313 Ex

845 2339 919 2385 metu
933 2349 1028 2399 poenae.
1046 2339 1069 2386 2.
1086 2338 1138 2400 Spe
1154 2335 1266 2399 premii.
1288 2336 1312 2383 3.
1334 2333 1511 2397 Turpituaine
1526 2332 1637 2396 peccati.

844 2407 867 2455 1.
885 2409 1009 2456 84411414
1024 2408 1084 2468 Dei,
1100 2421 1126 2456 u.
1141 2409 1197 2468 418,
1214 2407 1281 2455 1423.
1292 2405 1393 2454 4141444
1407 2403 1508 2454 doloris
1521 2403 1555 2451 de
1570 2415 1639 2452 mor·

844 2477 946 2526 talibus
963 2479 1027 2526 sunt
1040 2477 1198 2540 sequentia:
1221 2479 1242 2525 1.
1261 2474 1376 2524 Unicum
1392 2473 1506 2522 mortale
1521 2471 1640 2521 detraxit

845 2547 970 2608 Angelos,
995 2550 1131 2596 creaturas
1149 2544 1356 2608 perfectissimas
1370 2555 1385 2590 a
1400 2554 1508 2590 summo
1522 2540 1591 2590 coelo
1603 2540 1638 2590 ad

845 2616 900 2665 ima
922 2616 1026 2675 tartari,
1050 2617 1108 2665 sine
1138 2629 1183 2678 spe
1207 2612 1402 2676 redemptionis
1427 2615 1477 2660 aut
1498 2611 1595 2660 venie.
1613 2612 1637 2660 2.

845 2686 955 2736 llortale
972 2688 1081 2736 unicum
1097 2686 1209 2735 induxit
1222 2684 1344 2733 miserias
1359 2695 1453 2732 omnes
1463 2683 1491 2730 44
1506 2681 1639 2732 aldamum

846 2759 920 2820 prius
935 2758 1117 2816 innocentem,
1133 2759 1160 2804 et
1172 2759 1259 2805 totum
1276 2754 1426 2803 hamanum
1440 2764 1535 2814 genus.
1547 2753 1570 2801 3.
1581 2753 1638 2802 Me·

845 2833 920 2878 retur
934 2841 1027 2877 omnes
1045 2826 1142 2876 interni
1158 2839 1260 2889 poerras.
1282 2827 1304 2874 4.
1327 2823 1431 2874 Occidit
1444 2823 1565 2872 animam
1582 2821 1639 2884 spi·

846 2897 991 2957 ritualiter,
1006 2900 1067 2957 etc,
1084 2909 1158 2945 num.
1170 2898 1237 2945 1424.
1250 2895 1350 2944 4141144
1361 2893 1461 2943 doloris
1474 2892 1508 2942 de
1522 2892 1638 2942 veniali·

846 2968 896 3018 bus
919 2971 983 3017 sunt
1004 2987 1010 3017 ι
1031 2971 1053 3016 1.
1072 2968 1156 3017 Omns
1175 2967 1281 3015 veniale
1296 2967 1336 3015 est
1351 2964 1452 3014 malum
1471 2964 1547 3027 ch'us
1563 2963 1638 3014 omni

846 3040 901 3089 alio
916 3040 986 3089 malo
1008 3037 1208 3100 hujusmundi.
1224 3037 1321 3087 bloises
1342 3036 1396 3086 Deo
1419 3034 1589 3098 gratissimus
1603 3033 1638 3082 ob

846 3105 933 3157 levem
952 3109 1122 3158 conlidentite
1141 3108 1248 3171 culpam
1264 3106 1389 3155 exclasus
1404 3108 1473 3154 csta
1490 3107 1560 3154 terra
1575 3116 1639 3166 pro·

847 3179 986 3228 missionis
1002 3197 1008 3228 ι
1024 3179 1091 3228 levis
1110 3179 1336 3228 Bethsamitarum
1354 3177 1497 3226 curiositas
1515 3175 1589 3224 crede
1607 3175 1638 3224 41

846 3249 968 3298 virorum
982 3250 1015 3298 dc
1038 3250 1137 3312 populo
1153 3253 1179 3298 et
1197 3247 1382 3312 accceptabis,
1400 3251 1450 3296 etc.
1475 3247 1498 3294 3.
1523 3246 1638 3296 Unicum

846 3320 953 3369 reniale
969 3321 1100 3384 impedire
1121 3324 1211 3383 potest
1233 3321 1329 3368 scriem
1343 3318 1500 3382 gratiarum.
1515 3318 1538 3366 4.
1558 3315 1639 3365 'follit

847 3389 998 3450 respectum
1013 3389 1114 3439 divinae
1124 3390 1254 3453 blajestati
1265 3389 1398 3448 debitum,
1409 3391 1470 3449 etc,
1481 3399 1556 3436 nam.
1568 3386 1637 3435 1424.

848 3458 930 3508 Dolor
943 3459 1094 3508 venialium
1118 3473 1165 3522 pro
1185 3461 1358 3510 Sacramenta
1376 3457 1457 3507 debet
1471 3469 1527 3506 esse
1543 3457 1639 3506 hones·

848 3532 901 3589 tus,
917 3541 1005 3589 verus,
1021 3529 1149 3590 formulis,
1165 3528 1388 3592 supernaturalis,
1402 3525 1547 3587 sensibilis,
1558 3529 1586 3575 et
1599 3524 1638 3574 ei-

846 3599 925 3660 flcax,
949 3603 1071 3662 respectu
1095 3601 1210 3663 alicujus
1235 3600 1329 3650 sallem
1351 3597 1476 3658 venialis,
1497 3609 1512 3645 a
1531 3609 1559 3644 ιι.
1582 3597 1638 3656 681,

847 3673 901 3720 9142.
917 3669 999 3719 Dolor
1013 3670 1046 3719 de
1061 3669 1221 3720 mortalibus
1235 3671 1316 3720 debet
1330 3682 1387 3719 esse
1398 3667 1578 3726 voluntarius,
1592 3667 1639 3716 ho·

848 3741 949 3798 nesius,
965 3751 1057 3801 verus,
1072 3740 1202 3798 formalis,
1219 3739 1322 3800 siflcax,
1337 3737 1483 3796 sensibilis,
1498 3737 1639 3786 universa·

848 3808 891 3868 lis,
902 3809 1122 3870 supernaturalis,
1133 3823 1161 3859 n.
1172 3812 1227 3870 851,
1242 3824 1257 3858 4
1272 3823 1298 3858 4.
1311 3811 1366 3858 682.
1378 3808 1464 3858 Debet
1478 3803 1638 3870 praecedere,

847 3879 940 3928 reterri
958 3883 984 3928 41
997 3879 1095 3930 durare
1111 3881 1241 3943 usquead
1255 3879 1464 3938 absolutionem,
1478 3889 1504 3925 n.
1521 3877 1600 3936 6544
1612 3887 1638 3924 4.

847 3951 901 3998 684.
917 3949 990 3999 ldem
1005 3949 1083 4000 dolor
1102 3952 1130 4001 iu
1146 3951 1222 4014 praxi
1237 3964 1292 3999 non
1307 3949 1406 3999 suiticit
1420 3947 1453 3998 ad
1468 3947 1559 4010 plures
1573 3957 1639 3994 con-

848 4019 986 4081 fessiones,
1002 4033 1017 4069 a
1034 4033 1061 4069 ιι.
1077 4023 1131 4071 411.
1147 4022 1174 4072 84
1195 4021 1306 4084 physice
1321 4021 1474 4083 perseveret
1488 4016 1584 4066 saltem
1598 4017 1641 4063 te·

849 4091 949 4150 uniter,
965 4093 991 4139 ct
1006 4090 1146 4139 ordinetur
1168 4090 1202 4139 ad
1226 4103 1325 4139 noram
1343 4087 1553 4145 absolutionem,
1568 4081 1640 4132 suitl-

849 4161 896 4220 cit,
911 4173 937 4209 n.
957 4161 1012 4210 413.
1029 4160 1109 4222 Signa
1124 4159 1283 4209 sufficientia
1300 4159 1357 4207 veri
1379 4157 1483 4208 doloris
1506 4157 1569 4204 sant
1586 4173 1593 4202 ι
1618 4153 1640 4203 si

849 4229 939 4278 media
955 4230 1109 4292 praescripta
1132 4231 1196 4278 aunt
1214 4228 1346 4290 adbibita,
1364 4226 1521 4277 occasiones
1539 4225 1640 4285 vitatae,

849 4311 978 4348 numerus
992 4303 1163 4362 pcccatorum
1178 4299 1348 4358 imminutus,
1366 4297 1388 4346 si
1404 4297 1538 4360 poenitens
1555 4294 1641 4355 dieat,

849 4368 982 4418 aestatim
1006 4372 1066 4432 post
1085 4371 1235 4432 peccatum,
1250 4370 1297 4417 aut
1315 4367 1491 4417 inconcione
1513 4379 1571 4415 ease
1589 4367 1643 4415 tac·

849 4441 907 4488 tura
924 4439 1026 4500 dolore,
1042 4443 1069 4489 et
1087 4440 1212 4489 statuisse
1228 4437 1360 4500 confiteri,
1376 4439 1397 4486 si
1415 4437 1488 4486 dicat
1503 4437 1529 4485 et
1542 4447 1640 4498 agnos-

849 4513 892 4559 cat
913 4521 940 4558 ae
964 4521 1092 4572 maguum
1108 4511 1284 4573 peccatorem,
1299 4509 1322 4557 si
1346 4507 1461 4557 sollicite
1480 4505 1642 4556 confiteatur

850 4580 931 4629 etiam
956 4577 1516 4637 444444444144444144444444441444444,
1533 4578 1594 4636 etc,
1613 4587 1639 4624 n.

849 4651 903 4711 654,
920 4651 988 4699 1434.
1005 4647 1087 4698 Dolor
1105 4649 1138 4699 de
1157 4647 1316 4698 mortalibus
1331 4650 1473 4698 revocatur
1491 4659 1539 4710 per
1554 4645 1641 4707 quod·

849 4733 956 4783 cunque
972 4719 1083 4769 mortale
1101 4723 1194 4783 postea
1210 4719 1394 4778 commissum,
1406 4719 1537 4780 quautam
1556 4717 1597 4764 est
1613 4715 1641 4763 in

850 4791 945 4840 ordine
960 4790 993 4838 ad
1010 4789 1208 4850 remissionem,
1224 4803 1249 4838 n.
1266 4790 1319 4838 411.
1336 4788 1418 4838 Dolor
1431 4787 1465 4836 de
1480 4784 1642 4835 mortalibus

850 4863 877 4908 et
887 4859 1040 4908 venialibus
1051 4871 1084 4906 ex
1094 4859 1195 4906 motivo
1204 4858 1350 4907 uniuersali
1362 4855 1474 4906 cadente
1483 4857 1643 4918 superatae·

850 4923 1642 4992 queprobabiliterquerevocaturquoadmorteliapersub·

849 5010 964 5062 sequens
974 4998 1088 5057 veniale,
1101 4999 1130 5046 in
1141 4998 1216 5061 praxi
1226 5002 1318 5047 tamen
1329 4997 1440 5060 expedit
1452 4994 1538 5045 alium
1551 4997 1641 5043 actum

848 5068 950 5118 doloris
963 5069 1060 5117 elicere
1074 5069 1144 5116 circa
1158 5067 1294 5127 mortalia,
1310 5069 1357 5116 aut
1372 5066 1488 5130 priorem
1501 5064 1642 5123 innovare,

849 5151 877 5188 ιι.
892 5141 947 5188 415.
959 5138 1032 5187 ldern
1042 5137 1187 5186 dicendum
1197 5138 1278 5186 estde
1293 5137 1463 5186 dolorccirca
1472 5134 1603 5194 veritalis,
1620 5134 1642 5182 si

849 5211 941 5272 postea
954 5207 1030 5256 aliud
1039 5207 1144 5256 reniale
1159 5209 1353 5266 committatur,
1369 5220 1395 5254 n.
1406 5207 1459 5254 418.
1472 5203 1605 5254 contritio
1615 5205 1643 5252 in

849 5279 1034 5329 communicat
1045 5277 1122 5327 dolor
1131 5292 1162 5326 ac
1170 5277 1313 5327 detestatio
1324 5274 1570 5338 pcccaticommissi
1581 5285 1644 5322 curn

849 5349 987 5414 proposito
1005 5345 1177 5406 emendandi,
1194 5359 1220 5396 n.
1236 5347 1290 5397 654.
1307 5345 1444 5395 Dividitur
1458 5343 1485 5391 iu
1497 5341 1643 5406 perlectam

848 5431 907 5485 quas
923 5417 1044 5468 absolute
1060 5417 1098 5467 sic
1112 5415 1223 5484 dicitur,
1239 5419 1265 5466 et
1282 5416 1309 5466 in
1326 5413 1511 5486 imperfectam
1530 5423 1590 5474 quae
1605 5411 1644 5462 di·

1521 5501 1536 5562 i
