3976 6348
345 575 403 634 202

346 757 490 821 haeresim
513 755 628 822 fuerint
648 757 773 838 relapsi,
796 763 827 822 et
845 758 903 822 hos
923 760 956 822 in
977 760 1043 823 1010
1068 777 1142 822 con·

345 846 485 909 scientiae
500 849 635 908 tantum.

384 939 414 997 2.
432 935 570 997 'fouendi
587 941 618 998 et
640 936 765 1015 legendi
788 936 884 997 libros
898 936 1071 1016 prohibitos
1079 936 1140 998 haa-

344 1025 524 1101 retioorum,
551 1024 591 1085 ad
616 1026 761 1085 effectum
786 1043 839 1084 eos
862 1024 1079 1104 impugnandi,
1110 1028 1142 1086 et

343 1114 420 1174 alios
436 1113 670 1191 quomodolibet
693 1111 878 1190 prohibitos,
904 1118 1018 1192 praeter
1043 1131 1140 1191 opera

343 1199 585 1264 Carolihlolinaei
601 1205 631 1260 ct
649 1199 985 1279 Nicolaihluohiavalli,
996 1221 1032 1263 ac
1044 1201 1140 1262 libros

343 1288 382 1349 de
397 1288 565 1366 astrologia
575 1287 744 1367 judiciaria
758 1288 983 1368 principaliter,
1000 1289 1140 1351 antinoi-

342 1377 463 1453 denter,
479 1377 528 1437 vel
543 1377 605 1437 alia
619 1376 729 1456 quovis
744 1377 838 1438 modo
854 1378 892 1438 de
908 1397 946 1438 ea
953 1383 1136 1456 tractantes,

342 1465 385 1527 ita
400 1470 516 1542 tamen,
533 1470 567 1527 ut
585 1465 654 1525 libri
680 1483 718 1525 ex
739 1463 799 1526 illis
819 1465 991 1527 Provinciis
1012 1484 1074 1528 non
1096 1466 1138 1526 01-

342 1554 492 1615 ferantur.

382 1644 411 1703 3.
441 1641 647 1720 Dispensandi
668 1641 699 1701 in
718 1645 828 1719 3011,
847 1643 980 1723 simplici
999 1649 1030 1704 et
1045 1643 1137 1705 misto

342 1735 463 1792 lantum
499 1748 570 1791 oum
604 1731 794 1809 pauperibus
828 1733 859 1792 in
896 1735 1135 1811 contrahendis,

342 1819 373 1879 in
402 1819 569 1879 contractis
597 1837 668 1880 vero
696 1838 768 1880 cum
798 1821 953 1883 haereticis
976 1822 1137 1884 conversis

343 1908 504 1987 (quamvis
518 1925 673 1986 pauperos
698 1926 759 1969 non
775 1910 853 1988 sint)
874 1911 969 1971 etiam
983 1911 1014 1970 in
1029 1929 1137 1972 sccun-

342 1997 383 2057 do
397 1995 529 2074 simplici
545 2001 576 2055 et
590 1995 707 2057 misto:
733 2001 764 2057 et
790 1997 822 2056 in
846 1996 894 2058 his
918 1997 1041 2058 casibus
1065 2017 1138 2077 pro-

342 2085 404 2144 lem
427 2089 603 2161 susceptam
628 2083 807 2144 declarandi
839 2086 1022 2164 legitimam,
1048 2087 1136 2147 dum-

341 2173 436 2233 modo
464 2172 496 2232 in
520 2170 657 2232 secundo
680 2189 743 2232 non
762 2173 894 2253 attingat
917 2175 1054 2254 primum
1067 2195 1137 2256 gra-

342 2259 429 2321 dum.

380 2354 410 2410 1.
421 2346 625 2426 Dispensandi
640 2365 735 2427 super
757 2349 980 2428 impedimento
1002 2351 1136 2433 publicae

340 2436 511 2499 honestatis
522 2433 651 2515 justitia
666 2456 703 2497 ex
713 2440 910 2516 sponsalibus
919 2443 1133 2522 proveniente.

379 2530 409 2589 5.
425 2523 631 2603 Dispensandi
646 2543 741 2604 super
750 2527 974 2607 impedimento
985 2532 1134 2609 criminis,

341 2620 452 2677 neutro
480 2619 586 2674 tamen
610 2612 744 2693 conjuge
765 2616 977 2696 machinante,
995 2620 1136 2682 0010011-

339 2701 446 2764 tuendi
457 2700 509 2782 jus
523 2699 649 2778 petendi
663 2701 806 2762 debitum
820 2706 983 2770 amissum.

378 2796 407 2854 6.
425 2789 630 2869 Dispensandi
645 2790 677 2850 in
695 2790 918 2870 impedimento
941 2799 1136 2878 cognationis

338 2879 517 2960 spiritualis,
533 2883 744 2958 praeterquam
758 2880 839 2944 iuter
859 2883 1016 2948 levantem
1038 2892 1069 2950 et
1091 2888 1136 2949 le-

338 2974 456 3031 vatum.

377 3064 407 3120 7.
437 3061 492 3120 Hae
515 3075 589 3119 vero
613 3055 862 3120 matrimoniales
886 3060 1136 3140 dispensationes

337 3147 483 3210 videlicet
500 3149 530 3220 3,
552 3147 716 3222 1,.1016,
743 3163 805 3207 non
827 3149 1052 3227 concedantur,
1076 3149 1135 3210 nisi

337 3235 583 3311 001001000010,
616 3232 787 3295 dummodo
815 3237 928 3298 mulier
954 3243 1045 3318 rapta
1072 3255 1135 3299 non

335 3326 440 3402 fuerit,
462 3329 494 3386 01
513 3323 645 3400 0110010
663 3321 768 3399 100111,
786 3322 817 3382 10
833 3326 1135 3406 00100101010010110

336 3411 599 3490 0001000110101,
623 3408 701 3470 0110
720 3409 1004 3488 dispensationibus
1026 3414 1135 3496 hujus-

335 3500 419 3561 modi
435 3498 611 3559 declaretur
620 3496 674 3556 illa
684 3515 830 3575 expressa
841 3501 971 3561 concedi
982 3506 1133 3582 tanquam

334 3585 458 3647 aSedis
472 3584 659 3664 Apostolicae
679 3584 835 3664 delegato,
862 3588 903 3648 ad
926 3608 1021 3669 quem
1043 3593 1134 3652 elfec-

333 3678 399 3736 tum
411 3673 506 3736 etiam
516 3678 607 3735 tenor
620 3671 800 3753 hujusmodi
816 3675 1002 3738 facultatum
1017 3677 1133 3740 infera-

333 3769 394 3841 tur,
407 3782 478 3825 cum
486 3761 685 3841 expressione
699 3765 860 3842 temporis,
872 3766 913 3826 ad
922 3767 1006 3846 quod
1016 3767 1133 3831 fuerint

333 3871 499 3929 concessae,
516 3851 593 3912 alias
609 3851 701 3911 nullae
716 3853 787 3914 sint.

371 3947 391 4005 8
405 3941 610 4021 Dispensandi
625 3945 656 4002 et
669 3943 881 4004 commutandi
894 3949 966 4006 vota
976 3945 1129 4024 simplicia

331 4033 363 4093 in
378 4031 439 4092 alia
454 4048 559 4110 opera,
577 4027 713 4106 exceptis
728 4029 809 4090 votis
824 4030 981 4093 Castitatis
1002 4039 1034 4094 et
1049 4033 1132 4094 Reli-

331 4140 441 4202 grona.

370 4216 389 4275 9
404 4210 609 4290 Dispensandi
624 4209 656 4269 in
672 4210 953 4290 irregularitatibus
968 4229 1006 4272 ex
1016 4212 1130 4274 delicto

331 4300 452 4363 occulto
479 4304 602 4359 tantum
624 4298 891 4377 provenientibus,
923 4306 1055 4379 excepta
1078 4321 1127 4380 ea,

331 4405 401 4469 quae
416 4405 453 4446 ex
468 4385 635 4447 homicidio
651 4387 827 4448 voluntario
843 4389 1048 4451 contrahitur.

372 4480 419 4538 10.
430 4474 619 4538 Absolvendi
635 4474 675 4534 ab
690 4475 834 4536 omnibus
849 4476 973 4538 casibus
987 4497 1130 4540 reserva-

330 4569 369 4629 tis
384 4566 479 4628 etiam
493 4565 524 4624 in
539 4564 629 4626 Bulla
643 4565 746 4626 Goenae
767 4565 902 4642 Domini,
928 4565 960 4625 in
984 4567 1059 4628 locis
1083 4572 1129 4630 ta·

330 4675 413 4732 men,
430 4653 483 4715 ubi
499 4653 626 4731 impune
640 4659 824 4731 grassantur
835 4653 981 4715 haereses,

371 4748 418 4806 11.
435 4742 606 4822 Delegandi
620 4741 812 4819 simplicibus
832 4743 1054 4805 Sacerdotibus
1073 4763 1127 4823 po-

329 4836 473 4895 testatem
488 4829 693 4892 benodicendi
708 4835 902 4908 paramenta,
919 4838 950 4892 et
964 4832 1026 4894 alia
1040 4838 1126 4892 uten-

328 4922 397 4983 silia
411 4921 450 4981 ad
467 4919 660 4982 Sacrificium
675 4918 776 4979 Missae
792 4920 978 4997 necessaria,
995 4921 1047 4980 ubi
1064 4939 1126 4982 non

327 5009 495 5072 intervenit
508 5025 599 5068 sacra
613 5006 735 5080 Unctio,
749 5010 780 5066 et
789 5007 1010 5068 reconciliandi
1019 5009 1127 5069 Eccle-

327 5099 388 5160 sias
404 5098 538 5177 pollutus
554 5113 636 5174 aqua
655 5095 695 5155 ab
717 5095 871 5174 Episcopo
894 5095 1070 5173 benedicta,
1094 5099 1126 5158 et

326 5184 358 5244 in
374 5202 448 5247 casu
463 5183 656 5245 necessitatis
679 5183 774 5244 etiam
795 5201 878 5263 aqua
906 5183 946 5244 ab
970 5185 1124 5264 Episcopo

327 5290 389 5332 non
403 5273 579 5336 benedicta.

369 5362 418 5422 11.
434 5359 691 5422 Communicandi
711 5359 769 5420 has
788 5358 952 5421 facultates
966 5361 999 5422 in
1021 5363 1123 5422 totum

328 5448 378 5510 vel
393 5449 424 5508 in
439 5453 571 5526 partem,
589 5453 683 5526 prout
697 5465 775 5527 opus
791 5466 859 5510 esse
869 5449 1045 5510 secundum
1055 5447 1123 5529 ejus

328 5535 551 5601 conscientiam
578 5535 777 5618 judicaverit,
805 5535 1026 5600 Sacerdotibus
1054 5536 1122 5620 ido„

1014 569 1087 636 tle.
1112 572 1163 637 Vl.
1186 572 1287 635 PARS
1310 567 1362 636 111.

1197 759 1262 820 0010
1283 759 1315 820 10
1345 757 1549 822 conversione
1573 759 1751 821 animarum
1777 755 1978 821 laborantibus

1195 846 1226 908 in
1250 848 1326 910 locis
1347 853 1454 908 tamen
1476 847 1705 924 hereticorum,
1729 846 1784 909 ubi
1808 847 1979 928 prohibetur

1195 935 1376 997 exercitiam
1398 931 1560 996 catholicae
1583 933 1756 1015 religionis.

1235 1025 1283 1086 13.
1316 1021 1431 1084 Utaudi
1460 1021 1579 1083 eisdem
1613 1021 1816 1084 facultatibus
1852 1023 1882 1084 in
1908 1023 1975 1085 locis

1195 1113 1390 1173 Nuntiaturae
1404 1127 1469 1172 suae
1484 1115 1618 1173 tantum.

1236 1205 1283 1263 11.
1301 1202 1339 1262 Et
1353 1200 1490 1280 praefatae
1505 1199 1669 1263 facultates
1682 1200 1795 1282 gratis,
1810 1201 1916 1264 etsine
1926 1200 1979 1261 ulla

1193 1288 1338 1350 mercede
1346 1294 1561 1365 exerceantur,
1572 1288 1743 1367 duraturae,
1754 1307 1916 1370 quousque
1923 1307 1978 1350 mu·

1193 1398 1267 1440 0010
1283 1377 1389 1440 Nuntii
1403 1375 1573 1455 Apostolioi
1588 1375 1717 1439 Colonia
1729 1377 1889 1458 fungetur.

1232 1466 1342 1527 Eidem
1355 1465 1612 1545 Nuatioperolios
1623 1465 1978 1528 Litteroaeticmconceasc

1192 1561 1279 1614 ercet
1292 1560 1445 1633 sequentes,
1461 1569 1534 1632 quos
1546 1551 1716 1612 continuata
1725 1553 1977 1614 scrienumeiarnn

1191 1640 1239 1701 hic
1249 1640 1353 1722 000010
1364 1637 1504 1719 reseram.

1233 1732 1281 1791 15.
1305 1731 1523 1808 Quoscumque
1547 1729 1683 1792 Clericos
1710 1731 1837 1792 illarum
1856 1731 1977 1810 partium

1191 1837 1247 1899 pro
1263 1817 1446 1880 necessitate
1461 1815 1616 1878 dictarum
1630 1820 1856 1897 Ecclesiarum,
1878 1827 1977 1882 01010-

1191 1913 1272 1970 tatas
1286 1905 1436 1986 requisita
1450 1904 1602 1966 habentes
1612 1908 1818 1985 promovendi
1829 1909 1872 1970 ad
1882 1926 1976 1970 omnes

1191 1997 1328 2062 Ordines
1352 1995 1443 2057 titulo
1473 1993 1654 2057 ratomcnii
1682 1998 1733 2058 vel
1760 1998 1976 2059 Beneficiorum

1191 2103 1247 2146 seu
1260 2082 1425 2160 Missionis,
1442 2081 1537 2144 etiam
1552 2086 1640 2145 extra
1653 2088 1807 2164 tempora,
1835 2105 1875 2148 ac
1897 2087 1975 2148 inter·

1191 2173 1282 2236 stitiis
1296 2190 1358 2234 uon
1372 2171 1513 2248 servatis,
1531 2171 1652 2233 etiamsi
1663 2172 1695 2234 in
1705 2179 1855 2254 suscepto
1863 2175 1973 2250 Ordine,

1191 2265 1358 2343 antequam
1383 2260 1424 2321 ad
1451 2259 1546 2321 alium
1574 2267 1833 2341 promoveantur,
1866 2282 1898 2324 sa
1924 2281 1973 2323 non

1192 2350 1399 2413 exercuerint.

1232 2443 1280 2502 16.
1293 2436 1351 2501 Ubi
1365 2437 1496 2516 penuria
1509 2437 1642 2516 piscium
1657 2445 1715 2515 est,
1733 2439 1830 2502 etiam
1847 2443 1972 2519 tempore

1192 2525 1447 2605 Ouedragesimae
1471 2525 1674 2605 dispensandi
1700 2527 1732 2588 in
1756 2547 1812 2590 000
1839 2548 1971 2604 ovorum,

1191 2614 1420 2677 lacticiniorum
1437 2617 1468 2675 01
1481 2613 1635 2676 carnium.

1233 2706 1280 2764 11.
1293 2701 1486 2764 Absolvendi
1501 2701 1690 2765 simoniacos
1704 2704 1736 2764 iu
1746 2704 1815 2766 foro
1828 2705 1972 2768 couscien-

1191 2793 1260 2870 tiae,
1277 2790 1413 2852 dimissis
1427 2807 1553 2869 001000
1572 2790 1755 2869 Beneficiis,
1777 2799 1809 2856 01
1823 2795 1917 2856 rebus
1929 2811 1973 2872 per

1190 2881 1357 2944 simoniam
1371 2879 1518 2941 obtentis.

1231 2972 1279 3032 18.
1298 2969 1519 3048 Quoscumque
1533 2967 1712 3047 saeculares,
1725 2973 1757 3031 et
1770 2971 1936 3051 Regulares
1947 2971 1969 3031 in

1190 3058 1343 3138 dignitate
1358 3055 1578 3118 Ecclesiastico
1596 3056 1784 3120 constitutos
1804 3058 1968 3139 deputandi,

1191 3146 1243 3228 qui
1258 3144 1447 3207 benedicant
1461 3145 1631 3221 Ecclesiae,
1649 3147 1849 3224 coemetcria,
1866 3149 1966 3222 altaria,

1190 3253 1371 3314 campanas,
1395 3237 1426 3294 et
1446 3231 1508 3294 alia
1529 3232 1674 3293 utensilia
1693 3234 1815 3311 Missae,
1840 3235 1928 3297 etiam
1943 3236 1984 3295 in*

1191 3323 1304 3404 quibus
1325 3340 1415 3383 sacra
1436 3320 1542 3382 unctio
1564 3321 1750 3398 adhibetur,
1774 3341 1860 3404 aqua
1873 3324 1982 3386 etoleo

1190 3413 1230 3473 ab
1245 3411 1350 3491 aliquo
1365 3409 1520 3488 Episcopo
1535 3408 1720 3471 benedictis.

1230 3504 1279 3563 19.
1296 3501 1375 3560 Cum
1389 3496 1581 3576 pauperibus
1601 3497 1764 3559 catholicis
1782 3497 1964 3578 dispensandi

1189 3589 1220 3649 in
1236 3587 1374 3649 secundo
1388 3603 1461 3647 cum
1475 3586 1567 3647 tertio
1582 3587 1695 3664 gradu,
1707 3586 1784 3648 item
1798 3589 1832 3648 in
1847 3587 1963 3650 secundo

1188 3676 1320 3756 simplici
1336 3673 1497 3736 affinitatis
1511 3692 1549 3735 ex
1563 3679 1636 3735 actu
1651 3675 1834 3753 1010100110,
1846 3694 1899 3755 010
1908 3693 1938 3736 co

1187 3765 1294 3828 tractis
1308 3768 1340 3825 et
1353 3761 1576 3825 contrahendis
1590 3762 1811 3826 Matrimoniis.

1227 3857 1275 3915 10.
1293 3855 1354 3912 Ρο1
1372 3849 1508 3928 seipsum
1530 3849 1580 3909 vel
1603 3848 1699 3909 alium
1723 3849 1870 3913 visitandi
1890 3869 1924 3931 qo

1186 3959 1321 4020 cumque
1335 3937 1509 4012 Ecclesiae,
1526 3936 1734 4014 Monastcria,
1756 3940 1870 4000 011000
1882 3955 1933 3999 000

1185 4031 1279 4106 10110,
1303 4033 1335 4090 01
1356 4025 1524 4106 [regularia
1543 4025 1638 4086 etiam
1662 4027 1919 4102 mendicantium,
1937 4045 1951 4085 0

1186 4115 1481 4198 quomodocumque
1505 4117 1669 4190 exempta,
1693 4131 1730 4174 ac
1753 4115 1893 4193 80111Αο

1185 4208 1252 4268 lioae
1268 4202 1448 4265 immediate
1463 4199 1623 4280 subjecta,
1639 4201 1690 4262 vel
1705 4219 1900 4282 quocumque
1911 4197 1943 4260 ali

1185 4291 1349 4371 privilegio
1359 4289 1486 4350 suffulta
1498 4307 1505 4347 :
1518 4288 1672 4348 Personas
1687 4305 1798 4349 omnes
1809 4287 1903 4350 Saecul

1185 4386 1217 4442 et
1236 4379 1405 4459 Regulares
1427 4375 1523 4437 etiam
1543 4379 1723 4454 exemptae,
1747 4377 1868 4457 quoties
1889 4372 1932 4434 vid

1183 4470 1268 4532 bitur
1285 4488 1291 4530 :
1308 4470 1347 4529 Et
1361 4467 1393 4526 in
1408 4466 1532 4526 illorum
1547 4469 1680 4543 statum,
1703 4483 1827 4543 mores,
1843 4460 1946 4540 discip'

1184 4577 1257 4620 nam
1277 4557 1425 4636 incapite
1449 4559 1480 4616 01
1503 4555 1654 4615 membris
1668 4554 1861 4636 inquirendi,
1876 4552 1932 4614 relo

1183 4647 1301 4723 mandi,
1318 4644 1472 4721 mutandi,
1489 4642 1680 4722 corrigendi.

1222 4740 1272 4797 el.
1295 4737 1411 4796 Contra
1431 4731 1662 4808 inobedientes,
1687 4733 1840 4807 falsarios,
1864 4749 1913 4790 usu

1182 4823 1260 4900 rios,
1283 4827 1438 4900 raptores,
1455 4818 1677 4894 incendiarios,
1694 4822 1726 4881 et
1739 4820 1817 4879 alios
1830 4815 1925 4878 arimin

1181 4930 1232 4974 sos
1252 4910 1347 4972 etiam
1366 4911 1545 4986 exemptos,
1568 4923 1743 4987 eorumque
1761 4907 1900 4980 10010100,

1181 5004 1323 5081 captores
1342 4997 1566 5077 cujuscumque
1582 4994 1760 5075 dignitatis,
1776 4992 1927 5065 ordinis,v

1180 5086 1368 5149 conditionis
1380 5105 1388 5146 :
1400 5103 1455 5164 per
1472 5084 1554 5144 viam
1569 5083 1778 5147 accusationis
1792 5080 1839 5144 vel
1852 5079 1904 5139 den

1179 5175 1335 5252 tiationis,
1357 5179 1412 5234 001
1426 5191 1463 5233 ex
1478 5171 1581 5232 officio
1596 5171 1798 5250 simpliciter,
1813 5169 1899 5230 sines

1178 5267 1245 5346 pitu
1256 5262 1367 5345 judicii
1378 5259 1567 5342 inquirendi,
1580 5263 1612 5320 et
1625 5259 1826 5338 procedendi,
1838 5271 1884 5316 reo

1177 5350 1413 5434 pronuntiandi.

1218 5447 1267 5504 11.
1284 5444 1402 5502 Horum
1418 5436 1603 5514 criminum,
1620 5437 1696 5498 item
1712 5428 1906 5499 matrimoniul

1177 5535 1209 5595 et
1223 5545 1438 5612 quascumque
1452 5525 1530 5590 alias
1546 5542 1658 5589 causas
1672 5521 1919 5589 Ecclesiasticasv
