3986 6350
601 579 653 643 llll
675 579 707 640 S.
737 573 946 638 CRUCIA'I'AE
972 571 1115 638 BULLA.

49 767 224 830 commutari
248 767 289 830 ab
310 765 485 848 Episcop03
511 781 587 845 ergo
609 763 704 826 etiam
718 761 832 823 virtute

49 856 155 928 ilullre;
180 853 337 935 siquidem
358 871 415 932 per
434 852 527 914 istam
548 853 680 931 possunt
694 866 833 912 commu-

49 943 100 1004 tari
125 947 249 1020 cuncte,
278 946 392 1024 preter
425 941 486 1004 tria
513 940 683 1020 assignata,
718 938 830 1001 Thom.

49 1029 153 1092 Suueb.
178 1031 277 1094 Trull.
303 1032 417 1092 Antou.
449 1033 576 1092 Gomez.
610 1028 700 1092 Dian.
730 1026 830 1088 Tolet.

48 1119 154 1180 leand.
170 1120 277 1182 Mend.
294 1139 324 1180 u.
341 1121 379 1183 85
395 1117 504 1180 etalii.

80 1210 108 1268 2.
132 1208 249 1271 Votum
279 1205 430 1268 castitatis
457 1203 667 1268 conditionale
695 1203 831 1283 poenale,

48 1313 128 1375 posse
151 1295 249 1358 etiam
272 1295 457 1358 commutari
480 1313 537 1376 per
551 1295 693 1367 Bullam;
719 1293 834 1372 probe·

47 1389 92 1445 tur
104 1383 214 1445 eadem
229 1385 362 1462 ratione,
380 1383 495 1464 etquis
509 1385 630 1444 nonest
643 1383 751 1442 votum
766 1397 834 1442 cas-

49 1470 133 1532 titatis
146 1469 333 1550 perfectum,
347 1477 378 1532 et
391 1469 466 1552 quia
480 1489 543 1532 non
553 1471 588 1530 llt
601 1474 730 1550 propter
740 1469 834 1530 allec-

48 1563 106 1619 tum
118 1557 158 1619 ad
173 1557 217 1636 id,
234 1558 320 1638 quod
334 1557 536 1638 promittitur.

1624 571 1682 636 395

889 758 1076 841 conjugibus
1104 775 1165 819 non
1196 760 1300 837 potest
1333 758 1519 821 commutari
1553 761 1679 834 votum,

887 847 1014 929 quando
1029 849 1068 909 de
1081 847 1240 909 communi
1256 863 1409 909 consensu
1424 849 1594 920 voverunt3
1606 845 1682 927 quia

888 939 934 996 est
948 939 1056 996 votum
1069 935 1246 1015 perlectum
1262 934 1422 1010 castitatis,
1448 934 1492 996 itu
1514 937 1550 996 ut
1571 950 1681 994 eorum

888 1027 998 1085 neuter
1017 1024 1115 1105 possit
1136 1041 1194 1084 uec
1217 1027 1323 1102 petere
1347 1022 1499 1099 debitum,
1528 1039 1586 1083 nec
1610 1020 1681 1084 red·

888 1109 973 1173 dere.

926 1207 956 1261 9.
978 1201 1093 1261 Votum
1121 1216 1184 1259 non
1207 1199 1412 1261 contrahendi
1431 1198 1678 1275 Matrimonium,

887 1307 944 1367 per
966 1287 1091 1348 Bullam
1112 1305 1203 1366 posse
1227 1287 1423 1364 commutari,
1449 1289 1608 1368 quianon
1633 1289 1681 1348 est

887 1379 996 1439 votum
1009 1375 1159 1438 castitatis
1178 1375 1334 1455 perlectae.
1361 1377 1467 1454 Neque
1491 1380 1602 1438 contra
1624 1391 1681 1434 vo·

886 1468 954 1527 tum
976 1463 1104 1540 iaceret,
1131 1463 1184 1543 qui
1206 1481 1268 1525 non
1292 1462 1505 1525 contrahendo
1534 1465 1682 1544 peccaret

887 1555 996 1614 contra
1022 1557 1143 1614 sextum
1170 1551 1318 1631 Decalogi
1345 1555 1549 1632 praeceptum.
1576 1554 1682 1615 Potest

81 1648 108 1708 3.
133 1647 252 1707 Votum
267 1645 419 1708 castitatis
433 1645 653 1722 conditionale,
671 1642 755 1725 quod
771 1661 833 1704 non
887 1640 981 1702 etiam
995 1639 1180 1702 commutari
1202 1642 1311 1700 votum
1334 1638 1507 1718 accipiendi
1530 1638 1681 1702 Ordinem

48 1733 153 1814 pendet
175 1751 196 1793 a
218 1733 399 1796 conditione
423 1732 626 1812 contingenti,
656 1731 711 1793 sed
735 1733 831 1806 certa,
888 1731 1038 1802 Sacrum;
1054 1729 1129 1809 quis
1149 1747 1212 1791 non
1235 1733 1283 1788 est
1305 1732 1413 1789 votum
1437 1727 1599 1804 castitatis,
1623 1725 1680 1788 sed

49 1839 103 1884 uon
115 1839 182 1883 csse
207 1821 431 1898 conditionale,
457 1821 512 1881 sed
534 1821 724 1896 absolutum,
746 1822 777 1881 et
790 1818 835 1880 ita
888 1819 986 1878 status
1001 1817 1176 1898 cujusdam,
1193 1815 1245 1876 cui
1258 1814 1385 1876 castitas
1399 1831 1522 1876 annexa
1536 1818 1593 1877 est.
1619 1814 1682 1876 lta-

49 1927 103 1971 uou
114 1925 206 1988 posse
219 1925 279 1988 per
289 1908 411 1970 Bullam
421 1907 619 1984 commutari,
635 1926 666 1968 v.
679 1925 710 1986 g.
723 1905 748 1967 si
763 1905 834 1986 quis
888 1924 948 1986 que
963 1922 1025 1966 non
1041 1907 1186 1985 peccaret
1200 1907 1308 1965 contra
1321 1906 1441 1981 votum,
1467 1905 1521 1984 qui
1542 1901 1682 1983 graviter

50 2001 166 2058 roraret
189 1996 368 2058 castitatem
391 1995 450 2058 sub
474 1995 663 2072 conditione,
681 1993 765 2074 quod
780 1993 832 2056 Sol
887 1994 971 2056 circe
998 1993 1174 2056 castitatem
1206 1991 1401 2071 delinqueret
1432 1996 1505 2055 ente
1538 1990 1681 2054 ordinem

50 2084 174 2148 oriretur
187 2084 327 2146 crastiua
341 2085 402 2145 die.
888 2085 1077 2161 susceptum.

82 2177 109 2236 l.
138 2174 249 2252 Neque
284 2173 379 2234 etiam
413 2189 472 2250 per
497 2172 620 2234 Bullam
647 2171 833 2234 commutari
928 2169 1280 2250 lO.Votumconjugale
1304 2169 1455 2232 castitatis
1479 2185 1570 2248 posse
1593 2183 1681 2228 cour-

49 2279 129 2342 posse
152 2265 264 2323 votum
287 2259 411 2339 poenale
435 2260 474 2322 de
501 2261 634 2322 materia
661 2264 830 2340 reservata,
888 2257 1017 2330 mutari;
1048 2257 1121 2337 quia
1143 2259 1190 2318 est
1216 2259 1325 2318 votum
1347 2255 1497 2318 castitatis
1520 2253 1676 2334 partialis3

50 2347 164 2429 quando
179 2347 244 2410 tale
258 2351 366 2410 votum
388 2349 423 2410 lit
444 2348 477 2408 in
494 2365 621 2427 poenam
635 2347 754 2427 peccati
766 2347 834 2428 jam
889 2345 947 2407 nisi
976 2345 1054 2407 forte
1082 2343 1266 2407 auctoritate
1290 2343 1463 2422 Pontificie,
1488 2342 1548 2404 boc
1572 2343 1682 2402 votum

49 2436 206 2513 commissi,
232 2435 283 2498 vel
307 2435 392 2516 quod
415 2435 631 2512 committitur,
652 2436 779 2516 quando
798 2437 834 2496 llt
890 2432 984 2494 statui
1012 2432 1103 2493 alicui
1132 2449 1289 2493 annexum
1316 2430 1420 2507 suerit,
1448 2448 1479 2491 v.
1508 2448 1539 2509 g.
1558 2425 1682 2490 Ordinis

51 2529 158 2586 retum.
182 2523 292 2600 Retio,
327 2524 402 2603 quia
424 2522 560 2585 conditio
583 2540 644 2584 non
672 2521 834 2600 suspendit
888 2513 1682 2600 MilitariS,inquoequites,quiprofessioncmemit·

51 2629 239 2688 consensum,
259 2629 316 2672 nec
331 2614 379 2672 est
391 2609 586 2690 contingens,
603 2609 647 2670 ita
662 2613 696 2670 ut
710 2609 750 2670 ab
765 2608 833 2689 ejus
888 2612 968 2686 tunt,
985 2608 1159 2670 castitatem
1174 2607 1371 2687 conjugalem
1385 2609 1513 2679 voveut3
1536 2601 1680 2685 quamvis

50 2698 253 2780 contingentia
272 2699 313 2759 sit
335 2697 431 2760 etiam
451 2697 635 2776 contingens
656 2697 830 2759 substantia
888 2696 1032 2758 videatur
1044 2694 1206 2774 probabile
1216 2693 1307 2774 juxta
1321 2693 1680 2774 opinioncmncgantem

50 2791 77 2848 et
87 2787 232 2866 obligatio
247 2787 323 2864 voti,
350 2789 542 2867 quapropter
565 2789 673 2848 votum
688 2791 834 2846 censetur
888 2783 946 2845 bos
960 2803 1028 2844 esse
1046 2801 1138 2845 veros
1159 2782 1341 2863 Religioscs,
1365 2780 1450 2862 quod
1474 2783 1582 2843 votum
1604 2777 1682 2841 illud

50 2873 226 2938 absolutum.
888 2871 1037 2934 castitatis
1051 2871 1224 2952 conjugalis
1239 2869 1337 2949 possit
1355 2867 1543 2931 commutari
1563 2867 1596 2928 in
1617 2867 1680 2943 his,

80 2967 109 3028 5.
129 2965 198 3026 Non
221 2979 314 3042 posse
338 2963 523 3024 commutari
547 2963 656 3024 votum
681 2963 833 3026 castitatis
889 2958 1155 3040 quemadmodum
1169 2957 1202 3017 in
1217 2956 1286 3018 aliis
1301 2955 1498 3037 conjugibus.

49 3049 84 3112 ad
96 3055 219 3112 centum
234 3068 349 3124 auuos;
371 3051 446 3130 quie
467 3053 614 3112 censetur
633 3055 831 3130 perpetuum,
929 3051 977 3108 ll.
990 3049 1082 3125 Resp.
1097 3045 1186 3119 Quod
1196 3049 1305 3108 votum
1316 3043 1539 3126 disjunctivum
1547 3044 1683 3103 estcom-

49 3139 113 3218 quia
124 3138 164 3200 ab
177 3138 271 3199 annis
286 3137 346 3215 bis,
361 3137 394 3197 in
408 3137 522 3218 quibus
536 3136 599 3199 tale
614 3139 835 3216 votumpotest
888 3133 1041 3196 mutabile
1056 3151 1113 3212 per
1127 3132 1262 3209 Bullam,
1280 3131 1424 3212 quumvis
1445 3150 1509 3192 una
1530 3129 1597 3211 ejus
1619 3127 1684 3190 voti

50 3225 117 3303 ieri,
132 3243 194 3287 non
209 3225 315 3304 potest
335 3223 405 3304 quis
428 3224 601 3304 prudenter
624 3223 682 3284 sibi
706 3224 834 3302 promit
888 3241 961 3304 pars
975 3223 1015 3284 sit
1025 3223 1167 3285 Pontillci
1177 3225 1348 3299 reservata,
1362 3218 1534 3283 dummodo
1545 3219 1607 3280 alia
1620 3235 1684 3280 nou

9 3371 10 3374 ,
49 3317 107 3375 tere
120 3312 217 3374 vitam
232 3313 316 3374 ultre
330 3316 456 3374 centum
471 3328 579 3374 annos.
888 3313 1074 3384 reservetur3
1091 3310 1165 3391 quia
1175 3313 1222 3371 est
1232 3311 1262 3370 in
1274 3310 1434 3372 voluntate
1445 3308 1523 3389 ejus,
1535 3307 1586 3388 qui
1598 3305 1685 3367 vovit

83 3403 110 3464 6.
126 3404 220 3464 Posse
235 3401 422 3463 commutari
436 3403 544 3462 votum
563 3399 724 3477 castitatis,
747 3400 833 3481 quod
889 3397 1003 3478 eligere
1018 3403 1139 3478 partem
1157 3397 1241 3460 illam
1263 3397 1403 3460 muteriae
1426 3415 1488 3459 nou
1503 3397 1681 3472 reservatae,

49 3487 154 3552 fectum
168 3491 217 3550 est
231 3486 273 3549 ad
295 3486 422 3566 aliquod
444 3490 581 3567 tempus,
597 3507 627 3548 v.
644 3505 675 3566 g.
696 3492 832 3567 quatuor
889 3501 958 3565 quae
969 3485 1197 3548 commutabilis
1208 3489 1264 3546 est.
1283 3485 1347 3548 Sed
1363 3483 1389 3544 si
1404 3485 1548 3564 elegisset
1562 3484 1685 3563 partem

50 3577 97 3637 ant
119 3576 230 3638 decem
252 3591 362 3652 annos,
388 3572 463 3655 quia
485 3591 547 3636 uon
569 3577 617 3638 est
638 3579 834 3637 reservatum
888 3574 1027 3636 meteriae
1045 3577 1225 3650 reservate,
1246 3573 1442 3635 communior
1462 3571 1566 3652 opinlc
1590 3575 1686 3650 negat

51 3663 190 3740 Pontifici,
207 3662 295 3743 quod
309 3679 371 3722 non
387 3668 434 3723 est
446 3667 645 3743 perpetuum.
663 3663 726 3724 Sed
741 3661 766 3722 si
781 3679 833 3724 vo·
888 3662 1073 3724 commutari
1088 3680 1193 3741 posse;
1211 3660 1354 3742 quemvis
1376 3661 1515 3724 Meldcro
1536 3657 1686 3722 defendat

51 3768 116 3813 rens
130 3755 210 3813 esset
220 3750 289 3830 jem
304 3749 405 3812 aetatis
419 3750 553 3811 multum
567 3758 735 3830 provecta,
752 3771 781 3813 v.
798 3770 830 3830 g.
888 3750 1076 3812 contrariam
1085 3749 1272 3812 senteutiam
1283 3749 1418 3813 etDiana
1428 3749 1601 3824 dicut,cum
1612 3764 1685 3827 pro·

52 3837 281 3919 nonagenarius,
299 3839 354 3898 aut
367 3838 581 3916 centenarius,
597 3838 834 3902 considerandae
887 3838 1048 3901 habilitate
1062 3856 1178 3918 magna
1192 3837 1316 3899 detondi
1331 3855 1433 3917 pesse.
1460 3834 1574 3899 Mende
1589 3835 1685 3899 etiam

51 3931 114 3984 sunt
133 3925 222 3988 istius
245 3931 277 3986 et
299 3922 446 3987 valetudo
462 3929 493 3986 et
507 3926 600 4003 vires,
627 3945 665 3988 an
686 3927 833 4007 prudenti
888 3923 1355 4005 idaffirmat,mcdopostquam
1364 3924 1529 3986 materiam
1544 3939 1683 3983 reserva·

49 4013 155 4091 judicio
169 4013 270 4094 possit
282 4011 388 4074 vivere
403 4013 485 4074 ultra
499 4012 609 4074 decern
627 4017 682 4076 eut
697 4017 833 4093 quatuor
888 4017 952 4075 tam
968 4014 1107 4092 elegerit,
1124 4031 1186 4074 non
1200 4016 1314 4076 voveat
1332 4012 1450 4085 denuo;
1477 4010 1551 4092 quia
1575 4015 1683 4070 votum

51 4115 149 4177 sonos,
165 4100 207 4161 ad
221 4116 301 4180 quos
314 4098 390 4161 iacit
403 4101 522 4176 votum,
540 4099 653 4180 quiesi
667 4101 756 4163 istius
769 4102 835 4164 vita
888 4101 965 4162 illud
980 4118 1042 4162 non
1056 4100 1147 4162 luite
1166 4099 1318 4179 principio
1333 4103 1548 4172 reservatum
1565 4115 1641 4176 ergo
1653 4096 1678 4158 si

51 4189 189 4266 prolixior
212 4206 275 4249 non
298 4191 444 4266 speretur
466 4187 561 4248 debet
583 4188 702 4250 censeri
725 4207 834 4270 perpe·
889 4205 952 4249 non
966 4187 1069 4249 denuo
1084 4189 1139 4249 irat
1152 4191 1271 4264 vetum,
1287 4204 1350 4248 uon
1366 4191 1468 4266 potest
1481 4185 1592 4248 electio
1616 4203 1680 4246 ma-

51 4281 130 4339 tuum
156 4281 188 4340 ct
220 4279 447 4358 consequenter
480 4276 589 4356 nequit
622 4295 679 4357 per
712 4280 835 4340 Bullum
890 4276 976 4338 leriae
990 4281 1183 4337 reservatum
1199 4274 1321 4346 lacere;
1340 4275 1478 4336 Meldero
1497 4283 1519 4336 t.
1543 4277 1573 4351 2,
1591 4279 1679 4334 tract.

52 4367 236 4428 commutari.
891 4369 940 4443 10,
957 4383 1023 4447 cop.
1042 4369 1073 4442 5,
1089 4364 1156 4425 dab.
1177 4366 1234 4437 103
1250 4364 1364 4426 Mende
1379 4363 1455 4446 disp.
1473 4367 1522 4442 26,
1538 4381 1569 4424 u.
1587 4364 1655 4424 lle.

85 4456 113 4513 l.
139 4453 241 4530 Illum,
272 4453 326 4534 qui
360 4451 573 4532 virginitatem
600 4455 701 4532 vovit,
730 4455 835 4519 animo
932 4455 978 4514 le.
996 4453 1085 4525 Quod
1100 4451 1261 4533 probabile
1280 4455 1311 4513 et
1323 4455 1427 4517 tutum
1441 4452 1492 4529 sit,
1514 4453 1687 4514 commuta·

8 4623 9 4626 Ἴ
52 4538 192 4604 dmtunat
205 4541 384 4604 abstinendi
397 4560 430 4603 se
444 4561 464 4603 e
477 4540 579 4621 primo
599 4547 670 4603 actu
687 4561 833 4620 venereo,
891 4541 917 4602 ri
932 4559 1024 4620 posse
1038 4559 1096 4620 per
1115 4539 1239 4602 Bullam
1261 4543 1369 4602 votum
1393 4539 1545 4602 castitatis
1569 4539 1687 4600 lactum

8 4653 10 4706 i
52 4645 106 4708 quo
120 4631 253 4692 violatur
266 4630 440 4710 virginitas,
457 4647 548 4709 posse
563 4648 621 4710 per
634 4633 757 4693 Bullam
780 4632 837 4693 ob-
891 4633 1019 4708 propter
1032 4634 1150 4689 metum
1162 4627 1314 4689 levemab
1324 4627 1492 4690 intrinseco
1510 4630 1684 4703 causatum,

8 4723 10 4746 ³
52 4715 140 4778 liuere
153 4719 432 4781 commutationem
446 4717 521 4794 voti,
549 4718 623 4797 quia
644 4718 704 4782 hoc
727 4724 836 4782 votum
891 4718 965 4797 quia
978 4715 1161 4796 simpliciter
1174 4733 1238 4777 non
1253 4719 1300 4778 cst
1314 4715 1507 4796 perlectum3
1531 4715 1687 4796 siquidem

8 4807 10 4888 ᾗ
54 4809 95 4868 est
106 4807 255 4870 castitatis
269 4807 421 4886 partialis.
890 4805 979 4866 deest
992 4804 1035 4865 illi
1051 4803 1200 4884 perfectio
1214 4802 1368 4866 libertatis
1382 4805 1414 4866 et
1435 4802 1684 4882 spontaneitatis,

8 4907 10 4978 ς
86 4897 112 4958 8.
127 4896 243 4959 Votum
258 4913 321 4956 non
334 4896 460 4975 petendi
476 4895 618 4959 debitum
641 4913 733 4974 posse
753 4914 836 4958 com·
886 4894 977 4974 juxta
1004 4892 1196 4955 coactionem
1226 4895 1257 4953 et
1278 4889 1545 4962 involuntarium
1565 4890 1683 4951 Bonae.

8 4983 10 5102 p
52 4985 157 5045 moturi
177 4985 319 5047 alterutri
340 4985 511 5065 conjugum
526 4991 557 5047 et
570 4985 745 5065 utriusque,
762 4985 836 5065 quia
889 4984 975 5044 Less.
998 4984 1077 5060 Aug.
1108 4983 1184 5042 Nev.
1214 4981 1291 5043 Fun.
1321 4981 1409 5043 Dian.
1442 4980 1541 5041 'l'rult
1578 4977 1682 5040 Mend.

53 5073 94 5134 est
113 5077 220 5136 votum
242 5072 393 5134 castitatis
420 5073 572 5152 partialis.
604 5072 707 5134 Etiam
734 5077 837 5152 potest
891 5071 1002 5130 ulli.

52 5160 227 5223 commutari
242 5160 331 5222 alteri
356 5160 524 5240 conjugum
545 5165 651 5221 votum
674 5160 834 5238 castitalis,
931 5159 979 5218 l3.
997 5155 1086 5229 Quod
1100 5155 1125 5216 si
1142 5155 1212 5235 quis
1225 5155 1320 5217 faciat
1334 5155 1425 5234 plura
1439 5157 1513 5217 vote
1534 5152 1685 5215 castitatis

54 5249 129 5328 quod
140 5249 215 5312 iecit
228 5249 295 5310 sine
309 5249 436 5310 licentia
449 5248 578 5309 alterius
592 5252 663 5327 post
676 5249 837 5310 Matrimo-
890 5243 1042 5324 partialis,
1060 5263 1090 5305 v.
1107 5263 1139 5323 g.
1157 5246 1266 5304 votum
1281 5261 1342 5304 non
1357 5239 1563 5304 contrahendi
1578 5239 1686 5301 Matri-

53 5331 131 5395 uium
156 5338 426 5409 consummatum
457 5334 532 5416 quia
558 5354 621 5398 non
650 5339 697 5396 est
729 5327 835 5397 votum
889 5332 1041 5408 monium,
1059 5331 1249 5410 etposthoc
1270 5329 1486 5392 votumetiarn
1507 5325 1684 5392 abstinendi

54 5422 193 5485 eastitatis
221 5423 378 5502 perlecta,
407 5422 563 5502 siquidem
590 5424 733 5483 remanet
764 5440 836 5484 cum
890 5439 923 5482 se
937 5421 977 5481 ab
992 5438 1055 5481 uua
1079 5419 1183 5498 specie
1207 5418 1348 5494 luxuriae,
1374 5420 1406 5478 et
1428 5423 1538 5496 postea
1559 5414 1600 5474 ab
1622 5413 1685 5478 alie

8 5595 10 5632 Ι
55 5509 233 5592 obligatione
248 5509 387 5574 solvendi
407 5511 558 5575 debitum.
587 5510 649 5576 Sed
672 5509 835 5598 utriusque
889 5509 1004 5590 specie,
1021 5512 1080 5570 otc.
1097 5507 1141 5575 ite
1157 5509 1189 5573 ut
1203 5505 1234 5566 iu
1245 5504 1390 5572 amnibus
1401 5502 1480 5566 votis
1490 5500 1582 5562 simul
1593 5499 1683 5582 junc-

8 5657 10 5696 l
