3976 6348
321 553 379 612 260

320 731 559 817 jurisdictionis.
577 728 758 791 Dubitatum
774 730 879 786 autem
894 727 954 798 est,
980 741 1018 782 an
1048 721 1119 797 Epi-

326 839 439 901 scopus
467 819 601 881 existens
629 820 717 877 77777
744 833 832 875 suam
848 812 1008 874 dioecesim
1023 809 1120 888 possit

324 909 483 972 subditum
512 925 604 967 suum
630 921 808 965 censurare.
841 902 1004 961 Affirmant
1033 898 1117 974 Splc.

327 1002 405 1060 Nav.
431 995 523 1057 Avila
546 998 578 1054 et
602 992 666 1068 alii,
692 991 717 1051 si
738 1009 833 1051 causa
853 989 892 1048 sit
910 988 952 1048 ita
972 988 1066 1061 77777,
1087 987 1121 1042 777

325 1087 394 1167 ejus
408 1082 544 1162 cognitio
561 1099 622 1141 non
635 1079 823 1158 requiratur,
837 1077 911 1156 quia
922 1081 988 1135 tum
999 1073 1121 1133 videtur

325 1189 448 1235 cessare
464 1169 544 1231 ratio
560 1166 780 1247 prohibitionis
796 1185 803 1237 ;
822 1184 838 1225 7
853 1169 964 1225 contra
974 1159 1121 1241 probabi-

324 1262 385 1322 lius
399 1262 516 1337 negant
539 1256 591 1316 alii
614 1273 685 1316 cum
710 1255 798 1314 Dclb.
816 1253 851 1313 de
868 1257 990 1312 77777777.
1007 1249 1079 1308 Ε77.
1092 1269 1117 1309 c.

331 1351 380 1424 lE,
398 1344 428 1406 d.
444 1349 474 1423 6,
491 1343 565 1424 quia
579 1347 867 1422 quantumcumque
883 1356 977 1399 causa
1001 1338 1040 1396 sit
1061 1338 1121 1395 clo-

326 1454 374 1511 ra,
403 1433 484 1493 ferre
514 1447 680 1491 censuram
708 1434 756 1489 est
783 1435 870 1488 actus
895 1424 1120 1505 jurisdictionis

329 1520 547 1596 contentiosa,
563 1535 658 1599 quam
672 1517 703 1575 in
715 1516 815 1576 alieno
827 1514 981 1575 territorio
999 1531 1120 1572 exerce-

327 1628 360 1670 re
376 1628 437 1671 non
451 1613 563 1687 potest,
581 1606 655 1686 quia
669 1605 711 1665 ibi
732 1604 868 1664 tribuual
889 1622 951 1663 uon
973 1603 1077 1662 babet.

372 1697 391 1776 ἓ
417 1700 447 1756 7.
476 1693 635 1756 vicarium
661 1692 842 1753 Generalem
867 1691 1010 1768 Episcopi
1031 1709 1120 1767 posse

333 1785 401 1847 sine
415 1781 541 1864 speciali
556 1781 704 1842 mandato
719 1781 800 1840 ferre
815 1798 978 1839 censuram
994 1781 1122 1838 censent

329 1875 424 1935 Suar.
442 1870 558 1933 Sancb.
576 1873 665 1931 Garz.
683 1871 765 1929 Gutt.
785 1868 883 1928 Gibal.
902 1868 1010 1942 Sbroz,
1027 1869 1118 1926 Leuc.

329 1963 361 2020 io
382 1959 478 2022 Vicae.
491 1979 520 2040 q.
539 1961 606 2034 777,
624 1960 697 2030 778;
722 1957 820 2016 7777777.
843 1975 873 2016 n.
900 1959 987 2031 7679,
1014 1959 1122 2013 contra

335 2048 458 2129 Ugolin.
476 2047 566 2123 Sayr.
584 2051 615 2105 et
635 2045 723 2121 alios,
745 2042 817 2123 quia
840 2043 906 2102 baec
927 2043 1061 2120 pertinet
1083 2041 1122 2100 ad

333 2138 521 2216 potestatem
541 2133 732 2195 ordinariam
747 2131 872 2206 Vicani,
891 2132 942 2211 qui
964 2151 1000 2190 ex
1015 2133 1122 2207 Capu

333 2227 377 2286 Dc
393 2224 523 2286 consult.
541 2223 572 2282 777
587 2225 617 2298 6,
643 2227 674 2280 77
692 2239 729 2280 ex
744 2222 818 2298 Cap.
843 2221 974 2280 17777777
999 2223 1042 2279 De
1071 2239 1123 2295 ap-

329 2313 402 2393 pell.
419 2311 451 2372 in
465 2313 496 2387 6,
513 2309 588 2371 facit
602 2326 699 2368 unum
713 2308 851 2368 tribunal
867 2327 938 2368 cum
956 2307 1120 2385 Episcopo.

369 2402 430 2480 58.
457 2398 555 2460 Sedes
581 2415 708 2472 vacans,
735 2397 800 2457 sive
819 2397 933 2474 potius,
951 2396 1123 2457 secondum

329 2487 413 2549 dicta
431 2486 453 2546 l.
476 2488 506 2562 6,
523 2503 590 2564 par.
614 2487 643 2558 2,
662 2502 692 2543 n.
713 2486 803 2544 abac.
821 2483 962 2543 Vicarius
978 2483 1120 2560 Capituli.

329 2576 404 2638 sede
417 2577 560 2650 vacante,
576 2575 678 2650 potest
688 2571 751 2631 sicu
762 2571 946 2649 tEpiscopus
960 2572 1039 2630 serre
1054 2590 1123 2630 ecn-

331 2682 432 2739 suras,
450 2666 482 2723 ct
495 2661 658 2722 absolvere
673 2660 713 2720 ab
728 2659 782 2734 eis,
800 2663 854 2719 aut
868 2659 1012 2737 delegare
1024 2664 1123 2736 potes-

328 2755 426 2814 tatem
449 2747 641 2810 ordinariam
661 2746 857 2823 absolvendi,
875 2747 918 2806 uti
935 2748 1124 2806 sufficienter

332 2836 489 2917 colligitur
503 2854 540 2896 ex
555 2853 624 2913 cap.
642 2834 725 2895 unic.
742 2837 786 2893 De
802 2834 876 2913 maj.
894 2839 925 2894 et
939 2836 1030 2894 obed.
1045 2835 1073 2892 in
1091 2837 1120 2909 6,

330 2932 361 2990 ct·
374 2945 412 2986 cx
426 2923 512 2986 Trid.
528 2943 592 2984 sess.
609 2927 658 2998 al,
675 2942 700 2983 c.
719 2925 766 2998 76,
790 2922 826 2983 de
840 2923 895 3002 res.
923 2943 958 2983 ac
983 2924 1123 3001 pluribus

329 3013 428 3076 videri
462 3017 565 3093 patest
604 3011 688 3090 apud
725 3011 911 3071 Leurenium
942 3013 972 3070 77
1007 3011 1124 3070 licerio

328 3110 432 3184 qaoest.
448 3104 518 3177 375,
534 3102 604 3175 776,
622 3102 653 3160 77
667 3101 751 3160 Lesa
768 3099 800 3158 in
815 3102 905 3160 Auct.
923 3119 953 3160 v.
971 3099 1124 3159 7777777777

329 3209 389 3252 cos.
403 3193 451 3252 70.

369 3279 430 3358 59.
460 3275 597 3338 Clericus
625 3275 810 3355 conjugatus
832 3295 893 3336 non
919 3281 1019 3354 potest
1043 3277 1123 3335 serre

330 3383 495 3439 censuraS,
526 3363 583 3423 nisi
613 3369 775 3440 separatus
803 3381 822 3422 a
850 3364 982 3443 conjugo
1012 3363 1121 3438 7777777,

330 3459 362 3514 77
389 3453 472 3514 edito
501 3451 647 3530 utrinque
676 3456 747 3511 voto
777 3451 846 3510 talis
875 3452 1034 3511 castitatis.

370 3541 450 3620 §lo
483 3539 632 3616 Superior
660 3539 725 3616 ipse
758 3539 893 3598 existens
925 3540 957 3598 in
993 3558 1125 3598 corisum

332 3634 364 3691 et
390 3626 555 3693 vitandus,
582 3643 749 3687 censurare
771 3645 832 3686 nnn
858 3631 973 3705 potest,
1001 3646 1058 3686 nec
1082 3629 1124 3687 al-

330 3716 390 3778 teri
414 3716 599 3794 potestatem
620 3713 777 3792 delegare,
804 3716 912 3774 saltem
933 3735 966 3774 rc
990 3716 1122 3792 integro,

331 3803 406 3884 quia
430 3799 607 3882 jurisdictio
633 3800 701 3880 ejus
725 3807 772 3861 est
793 3819 954 3881 suspensa.
980 3804 1078 3863 lirim.
1106 3822 1125 3862 7

332 3911 364 3953 n.
381 3891 468 3951 76377.

371 3979 390 4056 ς
404 3981 453 4038 77.
469 3977 649 4039 iurisdictio
666 3979 869 4056 Superiorem
894 3979 1122 4057 religiosorum,

332 4067 442 4130 saltem
471 4085 591 4144 eorum,
622 4067 675 4146 qui
703 4066 850 4144 specialia
878 4069 1033 4128 territoria
1062 4087 1124 4128 nou

332 4153 462 4230 liabent,
487 4173 549 4215 non
569 4158 617 4215 est
635 4155 783 4215 conclusa
797 4157 889 4214 certis
910 4155 1024 4215 linibus
1043 4157 1125 4216 loco-

333 4259 414 4318 rum,
431 4241 486 4302 sed
501 4247 632 4321 possunt
646 4242 703 4302 sibi
719 4242 859 4302 subditos
879 4243 992 4320 citare,
1017 4263 1124 4303 censu-

334 4347 414 4404 rare,
431 4345 558 4408 capere,
576 4329 766 4408 ubicumque
788 4329 860 4406 sint,
877 4334 908 4390 et
931 4333 1054 4390 nemine
1070 4332 1125 4391 im-

333 4415 468 4494 ploratu,
496 4417 537 4475 uti
564 4415 682 4477 habent
701 4419 779 4478 lura
802 4423 833 4477 77
856 4419 1030 4478 communis
1054 4439 1125 4480 oum

333 4501 422 4563 Delb.
439 4501 468 4562 d.
486 4505 516 4578 5,
532 4523 554 4564 s.
572 4507 601 4580 2,
617 4525 648 4564 7.
664 4508 714 4566 el.

376 4593 486 4667 Qcoect.
503 4595 533 4652 7.
559 4625 600 4636 —-
621 4591 699 4664 (777777
714 4591 878 4653 addendum
896 4595 936 4654 sit
951 4596 1027 4654 circo
1049 4597 1124 4662 illos,

335 4679 367 4738 in
385 4697 456 4759 quos
479 4678 581 4757 sertor
603 4689 749 4742 censura?
772 4685 807 4742 ll.
829 4683 847 4760 ξ
870 4687 898 4743 7.
915 4684 1128 4762 Archiepisco-

336 4784 394 4844 pus
418 4765 499 4825 77777
524 4784 585 4826 non
613 4773 714 4845 potest
741 4787 888 4830 censuras
912 4771 943 4830 in
969 4773 1128 4832 subditum

336 4853 481 4933 Episcopi
510 4855 718 4935 suffraganei,
749 4857 806 4917 nisi
831 4858 935 4919 visitet
962 4865 1048 4935 actu,
1079 4861 1128 4920 777

336 4941 377 5002 ad
392 4941 494 5020 ipsum
510 4941 696 5004 devolvatur
705 4949 1125 5025 causaperappellationcm.

336 5030 411 5107 Cap.
435 5026 692 5092 Venerabilibost.
710 5034 753 5092 De
773 5037 852 5094 seut.
875 5052 1026 5097 excomm.
1045 5037 1075 5095 iu
1097 5041 1126 5112 6,

336 5118 414 5180 lton.
426 5116 525 5179 ltrim.
542 5137 572 5178 n.
592 5122 679 5180 7679.

268 5241 295 5286 ,0
375 5205 436 5282 §E
453 5205 610 5285 Episcopi,
628 5210 771 5286 quamvis
791 5213 963 5289 procedant
987 5218 1020 5274 ut
1044 5215 1128 5272 dolo-

282 5307 285 5312 ·
334 5291 401 5371 gati
425 5292 528 5372 Papae,
553 5293 629 5356 item
649 5297 754 5357 Nuntii
775 5301 955 5376 Apostolici,
981 5303 1089 5376 Leonti
1109 5321 1127 5361 a

336 5378 435 5442 latere
449 5397 511 5442 non
525 5388 656 5460 possunt
670 5391 779 5446 contra
794 5387 955 5464 religiosos
967 5396 1127 5468 7777777777

338 5468 419 5531 77777
433 5485 591 5550 censuras,
608 5473 666 5534 nisi
680 5473 713 5536 id
727 5473 758 5534 in
774 5476 876 5554 specie
892 5495 1073 5539 concessum
1089 5480 1128 5539 sit.

1063 539 1136 600 LlB.
1162 539 1226 598 Vll.

1173 719 1242 795 illis,
1261 720 1362 780 Pollia.
1379 719 1414 781 777
1430 723 1498 800 1777.
1517 731 1537 782 t.
1554 727 1584 794 7,
1601 742 1626 781 7.
1646 725 1673 797 7,
1691 743 1722 781 u.
1745 725 1799 794 523
1817 722 1903 782 llrim.
1917 744 1938 782 7.

1177 812 1262 883 77737,
1280 828 1316 866 ex
1333 810 1428 868 liullis
1445 811 1529 886 apud
1545 811 1639 869 777777.
1659 819 1681 869 t.
1700 815 1729 885 E,
1747 830 1795 890 qq.
1814 811 1906 888 depol.
1919 833 1940 891 q.
1978 805 1979 816 ³

1174 899 1223 970 oo,
1247 903 1303 954 oct.
1321 900 1350 955 5.
1370 899 1463 957 Notat
1478 902 1582 957 7777777
1603 898 1709 956 Ρ77777.
1728 919 1757 957 n.
1779 901 1828 971 56,
1850 900 1872 956 si
1889 918 1944 957 cen-

1175 1002 1247 1041 sura
1263 987 1379 1043 7777777
1394 991 1503 1045 777777
1518 1005 1667 1063 personas
1692 986 1914 1046 Ecclesiasticus
1932 1007 1945 1046 a

1174 1074 1248 1132 7777
1265 1074 1420 1132 communi
1433 1093 1489 1150 per
1505 1075 1761 1134 constitutionem
1786 1079 1883 1152 Papae,
1906 1083 1945 1134 777
1978 1129 1979 1132 ,

1175 1161 1487 1220 statutab'untiorum
1499 1162 1947 1238 Apostolicorum,subnornine

1174 1267 1316 1326 personae
1336 1250 1559 1309 Ecclesiasticec
1584 1250 1810 1327 comprehendi
1835 1251 1948 1326 Religio
1978 1259 1979 1298 ἱ

1175 1355 1236 1412 sos,
1254 1337 1346 1396 etiam
1362 1337 1457 1397 laicos
1473 1343 1503 1398 77
1516 1338 1677 1398 llouiales.
1696 1337 1794 1397 Addit
1806 1338 1911 1398 Sancb.
1926 1339 1949 1396 77
1977 1327 1979 1344 7

1175 1445 1251 1486 coris.
1271 1425 1292 1485 l.
1309 1430 1338 1502 6,
1356 1447 1380 1486 c.
1392 1432 1421 1501 o,
1438 1426 1467 1486 d.
1486 1430 1514 1503 l,
1532 1447 1549 1486 o
1565 1447 1595 1486 7.
1613 1431 1661 1487 28.
1680 1426 1783 1486 Etiam
1805 1428 1906 1487 Corae.
1927 1435 1949 1486 77
1976 1471 1979 1538 q

1176 1513 1949 1592 llcnciq.siEpiscopusprocesseritpercensuram,

1176 1602 1269 1660 ctiam
1285 1603 1367 1661 bona
1382 1603 1454 1678 lide,
1472 1609 1581 1662 contra
1596 1609 1790 1680 exemptum,
1809 1603 1839 1661 id
1850 1604 1951 1662 esseio·
1976 1619 1979 1714 7

1176 1691 1313 1750 calidum
1330 1691 1395 1768 ipso
1410 1695 1496 1767 7777,
1514 1692 1544 1750 77
1572 1697 1703 1768 utroque
1729 1692 1809 1766 foco,
1830 1691 1896 1770 quia
1913 1691 1951 1750 7777
1977 1727 1979 1762 ,

1177 1783 1223 1838 est
1237 1780 1375 1837 clausula
1391 1779 1525 1838 irritans.
1545 1781 1653 1838 Posset
1667 1785 1773 1838 tamen
1791 1779 1952 1838 6777777777
1977 1767 1979 1806 ³

1177 1867 1359 1925 deuuutiure.
1372 1869 1506 1945 aliquem
1523 1885 1589 1925 esse
1605 1866 1671 1942 ipso
1687 1868 1763 1926 Jure
1782 1873 1813 1926 77
1827 1867 1902 1926 77777
1915 1883 1953 1924 77·
1976 1807 1979 1910 l

1178 1956 1441 2015 coumumicatum
1464 1956 1503 2014 ob
1528 1955 1677 2014 delictum
1706 1953 1876 2030 notorium,
1896 1953 1953 2032 quin
1977 1959 1979 2030 ᾗ

1178 2041 1371 2100 denuntiatio
1388 2042 1463 2100 nihil
1479 2041 1576 2114 addit,
1596 2047 1626 2098 et
1642 2041 1672 2098 in
1690 2039 1821 2100 notoriis
1843 2059 1899 2100 non
1917 2059 1953 2099 77-
1977 2033 1979 2092 l

1179 2129 1311 2206 quiritur
1326 2131 1461 2207 coguitio
1481 2129 1649 2208 judicialis,
1676 2129 1766 2206 l’ign.
1792 2139 1814 2189 t.
1840 2134 1868 2205 7,
1891 2149 1952 2188 cons.

1179 2223 1226 2293 777,
1252 2227 1272 2278 t.
1298 2223 1327 2293 8,
1354 2239 1429 2278 77777.
1459 2222 1525 2278 lats.
1550 2221 1593 2276 Do
1613 2220 1698 2277 Luca
1714 2218 1742 2274 io
1758 2217 1880 2277 77777777.
1896 2216 1952 2276 eccl.
1977 2219 1979 2288 7

1179 2307 1249 2367 77777.
1269 2312 1316 2367 li.
1334 2309 1439 2368 l'ideri
1452 2307 1696 2385 potestdeLuca
1707 2306 1828 2366 ibidem
1838 2307 1952 2367 et-Krim.
1977 2303 1978 2306 ’

1180 2415 1211 2453 7.
1236 2399 1324 2466 lost,
1342 2401 1371 2455 et
1390 2396 1524 2454 maxime
1548 2395 1635 2472 Pign.
1654 2403 1674 2452 7.
1693 2397 1723 2468 7,
1741 2415 1821 2454 cous.
1841 2398 1886 2470 77,
1906 2414 1953 2452 cn.
1977 2461 1979 2472 ζ

1182 2487 1227 2557 77,
1246 2485 1296 2542 ubi
1313 2485 1351 2542 de
1367 2483 1426 2542 hac
1441 2489 1593 2560 potestate
1609 2481 1755 2560 Episcopi
1773 2483 1955 2543 contrnlleli-
1975 2485 1979 2554 7

1179 2573 1283 2649 giosos
1299 2572 1396 2630 multa
1413 2571 1541 2630 babent.
1977 2561 1979 2634 7

1219 2661 1236 2735 ξ
1250 2663 1278 2718 3.
1297 2659 1467 2735 Episcopus
1480 2665 1581 2736 potest
1595 2661 1760 2721 subditum
1776 2679 1868 2720 suum
1888 2663 1956 2719 extra
1975 2637 1979 2736 7

1179 2748 1338 2809 dimcesim
1357 2748 1540 2806 existentem
1560 2749 1658 2826 ligare
1681 2767 1829 2824 censura,
1852 2747 1955 2827 quando
1975 2741 1979 2864 7

1179 2857 1228 2896 res
1244 2843 1289 2896 est
1304 2843 1367 2896 tam
1383 2836 1558 2910 manifesta,
1577 2843 1687 2896 utnon
1709 2838 1750 2898 sit
1773 2857 1853 2916 opus
1873 2835 1956 2914 cogni
1974 2869 1979 2960 p

1179 2926 1262 2985 tione
1279 2943 1390 2998 causo,
1409 2924 1456 2983 777
1478 2925 1603 3001 quaudo
1622 2925 1689 3003 jam
1710 2931 1786 2986 77777
1809 2925 1908 2984 linbila
1924 2929 1957 2982 est

1179 3014 1315 3091 cognitio
1332 3031 1445 3086 ceusu,
1463 3015 1604 3088 Castrop.
1623 3013 1654 3072 d.
1671 3017 1697 3088 l,
1713 3032 1743 3090 p.
1758 3017 1789 3089 5,
1805 3034 1835 3073 n.
1847 3015 1873 3072 3.
1886 3015 1956 3084 ltcm,

1180 3101 1440 3180 quandocumque
1457 3119 1589 3159 censura
1605 3101 1645 3159 ob
1661 3101 1815 3159 delictum
1835 3101 1959 3160 manifes-

1179 3197 1245 3249 tum
1260 3207 1320 3246 7777
1338 3188 1436 3244 lector
1451 3205 1506 3264 per
1521 3188 1653 3246 modum
1668 3189 1778 3248 statuti
1798 3185 1958 3248 universali·
1976 3195 1979 3264 ξ

1179 3285 1226 3337 ter
1241 3276 1533 3352 777777777777777777
1550 3295 1672 3351 umore,
1691 3278 1748 3336 sed
1771 3297 1829 3354 per
1851 3265 1979 3336 modunl

1180 3367 1340 3426 sententio·
1356 3365 1552 3442 particularis
1568 3366 1597 3422 777
1614 3371 1735 3425 certam
1748 3373 1781 3426 77
1792 3365 1959 3426 determina-
1976 3341 1979 3462 7

1180 3462 1242 3515 lum
1267 3472 1443 3531 personum,
1468 3457 1498 3510 et
1521 3453 1600 3510 77777
1617 3453 1815 3529 disparitatis
1831 3458 1884 3529 cst,
1902 3451 1958 3529 qnia
1975 3467 1979 3554 7

1180 3549 1328 3603 statutum
1344 3542 1480 3626 7777777777.
1494 3540 1573 3615 loco,
1591 3541 1750 3600 sordentia
1765 3535 1959 3602 autcmafficlt
1977 3557 1979 3628 3

1180 3648 1357 3710 7777777777,
1389 3624 1577 3706 ubicumque
1606 3630 1646 3690 sit
1671 3649 1678 3700 ;
1706 3649 1784 3706 ergo
1811 3649 1878 3689 cum
1906 3628 1979 3700 77777

1180 3719 1332 3778 sententia
1350 3735 1410 3775 7777
1427 3717 1565 3794 required
1584 3723 1752 3776 externum
1777 3719 1892 3777 77777777
1913 3715 1958 3773 lic·
1977 3701 1979 3792 7

1179 3807 1282 3880 minis,
1304 3825 1333 3864 7.
1356 3825 1386 3882 g.
1410 3805 1737 3881 corrrpreliensionem,
1760 3806 1818 3864 sed
1838 3803 1979 3882 coerceat}

1179 3895 1265 3953 illum
1277 3893 1306 3950 iu
1319 3893 1412 3949 rebus
1422 3891 1639 3967 invisibilibus,
1655 3911 1715 3951 non
1728 3892 1957 3952 turbatalienarn

1177 3981 1425 4064 jurisdictionem
1444 3999 1450 4052 ;
1468 3999 1542 4056 ergo
1559 3985 1662 4057 potest
1677 3981 1820 4041 77777777
1836 3981 1921 4039 777777
1934 3975 1957 4033 77
1977 3971 1979 4036 7

1180 4071 1282 4131 7777777
1297 4069 1424 4143 ditione,
1442 4069 1551 4146 Engel.
1570 4072 1591 4127 7.
1611 4071 1660 4144 377,
1673 4089 1702 4130 n.
1716 4072 1767 4129 33.
1785 4068 1862 4130 tide
1874 4066 1959 4126 dicen·
1975 4057 1979 4176 7,

1182 4161 1300 4220 daau.
1318 4161 1368 4217 73.
1722 4225 1725 4230 ,
1971 4183 1979 4275 p

1219 4250 1236 4327 ξ
1253 4252 1278 4306 7.
1297 4246 1444 4317 Quamvis
1458 4249 1544 4322 Lugo
1561 4245 1590 4304 77
1605 4265 1680 4325 resp.
1700 4265 1776 4305 uror.
1794 4245 1817 4305 l.
1833 4247 1861 4320 a,
1878 4242 1905 4302 d.
1919 4243 1957 4312 77,
1975 4277 1979 4356 p

1181 4342 1212 4397 ct
1226 4336 1276 4396 alii
1290 4339 1400 4413 putent
1414 4333 1603 4410 Episcopum
1620 4353 1681 4392 nou
1698 4353 1795 4410 posse
1812 4335 1889 4392 ferre
1902 4345 1960 4388 cen-

1181 4441 1285 4484 suram
1305 4423 1336 4479 iu
1355 4421 1556 4498 peregrinum
1575 4419 1605 4477 in
1623 4439 1680 4479 sua
1696 4420 1828 4480 dioecesi
1843 4431 1960 4478 commo·

1182 4517 1314 4584 7777777,
1332 4510 1405 4587 quia
1421 4528 1486 4568 non
1502 4509 1596 4568 babet
1612 4515 1806 4586 potestatem
1830 4509 1858 4566 in
1874 4520 1959 4584 perse

1182 4619 1266 4676 nam,
1295 4600 1333 4658 ad
1359 4617 1452 4677 qoam
1477 4597 1571 4656 debet
1595 4597 1667 4657 scrri
1689 4598 1858 4673 sententia,
1875 4602 1958 4654 tamen

1183 4689 1233 4748 alii
1250 4706 1321 4745 cum
1337 4687 1445 4760 7777777.
1463 4703 1493 4744 n.
1511 4687 1561 4756 35,
1584 4684 1819 4758 contradicunt,
1846 4681 1912 4761 quia
1930 4677 1959 4736 si·

1184 4776 1245 4836 cuti
1261 4779 1391 4852 possunt
1406 4773 1477 4831 77777
1491 4773 1584 4848 leges,
1603 4773 1717 4851 quibus
1733 4773 1908 4849 obligentur
1921 4783 1959 4842 pe

1184 4863 1310 4938 regi-ini,
1329 4881 1358 4921 7.
1376 4880 1407 4936 g.
1425 4861 1464 4919 dc
1479 4879 1538 4918 uon
1556 4859 1718 4936 gestandis
1734 4860 1846 4933 armis,
1862 4857 1900 4915 777
1914 4851 1959 4912 illis

1183 4951 1304 5027 legibus
1319 4949 1432 5026 poterit
1447 4949 1518 5007 addi
1536 4965 1679 5021 censura,
1704 4951 1734 5007 ct
1751 4948 1824 5007 talis
1843 4939 1960 5026 peregri·

1185 5057 1242 5096 nus
1257 5037 1378 5096 rationo
1393 5035 1495 5094 delicti
1511 5037 1564 5094 7777
1579 5035 1726 5095 subditus
1742 5037 1908 5113 Episcopo,
1922 5045 1958 5086 sc

1185 5127 1320 5185 curidum
1337 5127 1410 5202 Cap.
1429 5125 1483 5184 ult.
1499 5122 1533 5182 dc
1555 5127 1622 5202 soro
1645 5131 1770 5202 77777777.
1797 5123 1871 5183 llinc
1885 5117 1959 5178 dccet

1185 5215 1252 5272 77777.
1271 5221 1299 5271 et
1316 5233 1352 5270 ex
1368 5211 1577 5270 7777777777777
1594 5213 1626 5270 S.
1645 5213 1764 5289 Congr.
1783 5211 1869 5289 rign.
1893 5215 1911 5281 7,
1935 5205 1956 5276 l,

1183 5324 1257 5360 7777,
1277 5307 1343 5370 7777,
1361 5322 1389 5360 n.
1403 5305 1430 5376 77,
1449 5299 1637 5378 Episcopum
1654 5319 1747 5377 posse
1769 5301 1849 5358 77777
1867 5309 1957 5356 censu·

1183 5410 1249 5448 77777
1267 5391 1294 5448 777
1312 5390 1405 5446 :dium
1420 5387 1620 5464 Episcopum,
1638 5388 1702 5446 77777
1720 5387 1817 5447 etiam
1829 5387 1856 5444 iu
1868 5376 1957 5444 :tubi

1182 5479 1369 5556 Episcopum
1386 5476 1413 5532 777
1430 5475 1586 5535 territorio
1601 5475 1648 5534 sui
1665 5476 1813 5554 Episcopi
1829 5474 1958 5544 suut-agr·
