3976 6348
678 505 729 571 ou
750 505 1013 572 MA'l'lthONlO.
1603 509 1662 571 209

59 692 243 779 appellationes
265 689 469 771 admittendi,
493 697 635 756 attamen-
650 693 717 755 sine
732 713 813 774 pra-
867 694 1009 773 pluribus
1031 691 1237 773 prudentibus
1258 691 1480 770 Confessariis,
1502 697 1534 756 et
1547 711 1663 774 appro-

16 806 18 848 l
55 785 140 867 jndicio
161 783 407 858 Ordinariorum,
433 779 539 862 quoad
561 797 672 841 causas
695 780 813 842 benefr-
866 781 949 843 batis
963 782 1002 842 ab
1018 781 1194 842 Ordinario.

16 858 18 941 Ι
58 875 124 936 eieles
135 873 163 932 in
177 871 277 951 prima
288 869 436 931 instantia
449 889 455 929 :
468 866 692 947 pronuntiandi
707 867 739 926 in
753 867 813 927 illis
907 871 956 930 33.
973 871 1052 931 Item
1066 887 1085 930 a
1104 869 1244 930 censuris
1259 867 1383 929 inflictis
1397 873 1508 929 contra
1521 869 1663 950 injicien-

17 950 19 1004 l
58 961 123 1021 etam
144 957 329 1033 summarie,
354 956 553 1035 simpliciter,
579 955 645 1016 sine
669 955 811 1033 strepitu,
868 961 915 1020 tes
936 975 1048 1018 manus
1068 958 1221 1019 violentas
1235 956 1267 1016 iu
1282 955 1417 1017 Clericus
1431 957 1481 1016 vel
1496 959 1663 1036 Presbyte-

57 1047 176 1110 calefacti
193 1044 320 1106 veritate
335 1043 485 1122 inspecta.
868 1063 936 1123 ros,
957 1045 1129 1107 dummodo
1149 1063 1211 1106 non
1232 1043 1272 1105 sit
1285 1049 1393 1105 secuta
1407 1062 1492 1104 mors
1506 1046 1555 1106 vel
1571 1043 1661 1105 muti-

17 1151 18 1155 *
82 1139 118 1196 tt.
128 1136 237 1196 causas
252 1131 407 1212 ejusmodi
422 1129 490 1192 aliis
505 1130 682 1212 delegandi,
694 1128 813 1192 ferendi
867 1133 955 1210 latio,
967 1134 1016 1194 vel
1031 1133 1141 1195 fractio
1156 1132 1284 1209 ossium,
1300 1132 1400 1193 tamin
1414 1131 1539 1192 casibus
1561 1132 1663 1211 publi-

57 1221 177 1304 puaslibet
198 1237 348 1281 censuras
373 1225 404 1279 et
430 1237 541 1298 peenas
569 1224 678 1280 contra
705 1216 815 1278 inobe-
868 1222 913 1282 cis
928 1237 1023 1300 quam
1038 1221 1184 1300 privatis,
1202 1225 1309 1282 secuta
1327 1225 1433 1280 tamen
1453 1221 1550 1298 partis
1574 1220 1663 1281 satis·

57 1310 227 1386 dientes,eto.
240 1306 422 1388 apponendi
435 1305 636 1368 interdictum
646 1304 814 1368 Ecclesias-
868 1309 1014 1385 factione,
1041 1327 1113 1368 curu
1135 1308 1324 1386 obligatione
1347 1306 1478 1384 parendi
1500 1305 1662 1368 sententie

56 1400 134 1460 leam.
868 1396 933 1456 sive
958 1393 1154 1458 ordinationi
1170 1394 1326 1456 Ordiuarii
1349 1393 1421 1470 loci,
1445 1393 1498 1455 ubi
1520 1398 1663 1456 secutum

82 1489 119 1548 at.
141 1487 324 1547 duramenta
356 1501 562 1563 quacumque
595 1483 636 1543 ad
668 1482 814 1542 ellectum
868 1483 962 1545 fuerit
989 1483 1158 1560 delictum,
1189 1483 1247 1543 sub
1275 1499 1370 1560 poena
1394 1482 1606 1544 reincidentiae
1629 1480 1661 1540 in

56 1573 137 1654 gandi
150 1573 301 1634 duntaxat
315 1571 507 1653 quibuslibet
520 1569 692 1632 relaxandi.
868 1573 996 1634 easdem
1011 1589 1170 1648 censuras,
1188 1571 1215 1630 si
1235 1568 1414 1631 satisfacere
1436 1575 1468 1632 ct
1489 1568 1661 1648 respective

82 1665 119 1722 tt.
133 1663 382 1738 Quoscumquea
403 1659 652 1738 quibuscumque
674 1656 814 1718 censuris
867 1676 979 1739 parere
995 1656 1250 1736 contempserint.

55 1753 77 1810 et
90 1748 174 1827 penis
193 1747 377 1826 simpliciter
396 1747 447 1807 vel
468 1746 509 1807 ad
529 1746 695 1820 cautelam,
721 1747 815 1822 prout
908 1749 957 1808 aa.
978 1748 1013 1807 ln
1034 1745 1159 1807 casibus
1180 1749 1303 1805 tautum
1318 1743 1447 1804 occultis
1461 1741 1661 1822 dispensandi

56 1837 223 1912 lurisluerit,
240 1835 434 1897 absolvendi.
455 1834 558 1896 Etiam
576 1831 760 1895 absolvendi
774 1831 814 1892 ab
868 1853 941 1896 eum
962 1834 1007 1894 eis
1029 1833 1083 1913 qui
1108 1832 1160 1913 jus
1184 1833 1311 1910 petendi
1329 1831 1470 1893 debitum
1496 1831 1662 1910 conjugale

56 1922 359 1999 excommunicatione,
385 1921 515 2001 aliisque
538 1921 717 1998 sententiis,
741 1938 815 1981 cen·
868 1921 1039 1984 amiserant
1049 1920 1088 1982 ob
1099 1920 1284 1982 affinitatem
1294 1918 1577 1998 supervenientem,
1590 1933 1662 1978 cum

56 2009 263 2088 eurisetpceuis
282 2008 518 2086 Ecclesiasticis,
531 2013 563 2070 et
576 2007 812 2088 temporalibus,
868 2011 956 2091 gravi
981 2008 1166 2089 paenitentia
1187 2009 1333 2086 salutari,
1357 2011 1477 2070 remota
1498 2007 1662 2068 occasione

55 2117 112 2177 quas
123 2097 186 2158 ideo
200 2097 400 2160 incurrerint.
868 2097 1020 2178 peccandi
1035 2114 1107 2158 cum
1120 2097 1226 2158 uxoris
1240 2115 1295 2156 seu
1310 2096 1413 2157 mariti
1428 2095 1662 2175 consanguineo

82 2189 120 2246 tt.
130 2185 334 2263 Quacumque
344 2183 501 2244 Beneficia
510 2181 728 2244 Ecclesiastico
741 2181 815 2242 sim·
868 2188 918 2248 vel
933 2184 1168 2264 consanguinea
1181 2185 1364 2264 respective.

55 2273 123 2351 plicia
141 2279 224 2333 extra
246 2271 522 2350 Metropolitanus,
553 2269 756 2332 cathedrales
783 2273 816 2328 et
908 2275 957 2334 35.
971 2272 1177 2351 Dispensandi
1193 2273 1233 2333 ad
1248 2272 1419 2351 petendum
1433 2270 1573 2334 debitum
1589 2290 1661 2333 con·

54 2360 207 2440 tellegiatas
220 2355 814 2438 Ecclesias,perobitumillorumulti·
864 2361 973 2443 jugale
1004 2379 1076 2422 cum
1110 2361 1147 2422 iis
1175 2361 1229 2442 qui
1252 2366 1325 2423 voto
1349 2360 1481 2440 simplici
1510 2361 1661 2422 castitatis

55 2463 147 2507 uarum
166 2465 381 2528 possessorum
400 2453 487 2508 extra
502 2449 675 2508 Romanam
688 2444 814 2506 Curium
869 2449 1004 2526 astricti,
1021 2449 1280 2529 transgrediendo
1303 2450 1407 2528 ipsum
1422 2453 1540 2526 votum,
1557 2449 1662 2512 Matri-

54 2535 184 2612 raeantia,
214 2534 415 2611 conferendi,
442 2535 613 2596 dummodo
636 2534 690 2595 illa
713 2533 810 2608 aliae,
868 2538 1009 2601 monium
1032 2543 1263 2615 contraxerunt,
1286 2557 1358 2600 oum
1376 2537 1562 2616 paenitentia
1579 2536 1661 2596 salu·

55 2639 126 2701 paam
142 2625 259 2685 ratione
277 2624 434 2684 mensium
447 2624 699 2703 Apostolicorum
713 2637 815 2682 reser-
868 2626 939 2702 tari,
956 2631 987 2686 et
1008 2625 1198 2704 obligatione
1218 2625 1365 2687 servandi
1387 2629 1506 2701 votum,
1530 2627 1661 2701 excepto

54 2715 108 2771 vata
118 2729 172 2772 non
186 2711 314 2772 fuerint.
869 2731 926 2774 usu
941 2712 1141 2790 Matrimonii,
1159 2717 1192 2774 et
1204 2712 1289 2774 idem
1303 2717 1405 2774 totum
1419 2711 1565 2774 servandi
1580 2729 1662 2774 mor·

81 2801 120 2859 n.
134 2799 347 2877 concedendi,
368 2805 404 2860 ut
423 2801 506 2861 bona
524 2797 697 2859 immobilia
714 2797 815 2857 Rene-
869 2805 923 2864 tuo
939 2819 994 2862 seu
1009 2805 1134 2862 mortua
1148 2800 1293 2881 conjuge.

53 2883 166 2946 ficturum
184 2887 216 2947 in
239 2887 487 2966 emphyteusim,
507 2886 563 2946 scd
578 2903 640 2946 uon
655 2885 738 2946 ultra
751 2886 815 2944 tres
910 2891 959 2950 36.
972 2888 1178 2968 Dispensandi
1192 2906 1288 2966 super
1300 2886 1524 2967 impedimento
1539 2887 1660 2949 occulto

52 2972 261 3050 generationes,
287 2972 346 3033 sub
369 2989 473 3034 annuo
497 2989 617 3034 munuc
641 2989 703 3033 uun
727 2986 816 3030 exue·
870 2975 1028 3038 affinitatis
1042 2975 1244 3054 proveniente
1260 2993 1299 3036 ex
1313 2976 1425 3054 copula
1439 2975 1547 3036 illicita
1556 2975 1587 3035 in
1597 2975 1663 3054 pri-

52 3055 124 3119 deute
144 3077 296 3121 summam
317 3059 456 3140 quinque
478 3061 682 3136 ducatorum,
704 3058 736 3117 iu
751 3055 816 3116 uvi·
868 3082 933 3142 me,
950 3065 1000 3125 vol
1013 3063 1045 3124 in
1060 3063 1161 3142 primo
1181 3068 1212 3126 et
1227 3063 1380 3139 secundo,
1398 3066 1430 3124 et
1443 3061 1580 3123 secundo
1595 3067 1661 3123 tau-

52 3143 152 3208 dentcm
164 3149 304 3228 ipsorum
317 3147 547 3210 Beneficiorum
561 3147 725 3210 utilitatem
741 3143 817 3206 ahe—
870 3157 938 3214 tum
951 3152 1062 3232 gradu,
1077 3152 1203 3231 quando
1219 3152 1322 3232 agitur
1336 3150 1375 3211 de
1386 3149 1582 3213 Matrimouio
1594 3149 1663 3229 jam

52 3238 143 3296 nentur
155 3241 184 3297 et
196 3239 426 3315 permutentur.
870 3245 1049 3318 contracto,
1075 3259 1112 3301 ac
1133 3239 1227 3301 etiam
1248 3239 1474 3314 contrahendo,
1491 3237 1661 3298 dummodo

80 3323 120 3382 28.
134 3321 329 3383 concedendi
343 3320 527 3384 monitorias
541 3325 573 3384 et
582 3321 723 3401 poeuules
737 3320 816 3382 litte
870 3329 1033 3390 immineat
1046 3328 1221 3408 periculum
1234 3327 1373 3389 scandali
1390 3347 1397 3387 :
1415 3345 1472 3387 nee
1488 3326 1585 3406 possit
1599 3325 1663 3387 dis·

52 3411 337 3490 rascoutraignotos
355 3409 590 3487 malefactores,
607 3415 662 3470 aut
675 3408 816 3471 conscios
870 3418 1013 3498 pensatio
1037 3436 1057 3478 a
1079 3417 1115 3479 S,
1131 3417 1365 3478 *Poenitenmria
1388 3416 1565 3495 expectari,
1591 3431 1662 3475 eum

52 3497 165 3558 revelare
179 3499 368 3560 differentes.
871 3507 958 3586 gravi
970 3505 1154 3584 poenitentia
1170 3505 1310 3582 salutari,
1323 3510 1355 3566 et
1364 3509 1485 3565 remota
1499 3503 1663 3566 occasione

79 3588 119 3648 tt.
141 3587 292 3649 Omnibus
313 3585 427 3650 Christi
454 3587 600 3649 fidelibus
627 3587 714 3666 pium
739 3603 816 3666 opus
870 3594 1021 3675 peccandi
1038 3613 1109 3655 cum
1122 3595 1416 3674 consanguineavel
1429 3593 1662 3672 consanguineo

52 3677 241 3738 mercantibus
253 3679 379 3736 centum
389 3677 591 3756 autplurium
601 3677 724 3738 dierum
738 3675 817 3738 citra
871 3686 987 3762 putatae
1002 3701 1057 3743 seu
1073 3682 1172 3762 putati
1193 3681 1350 3762 conjugis,
1367 3700 1438 3742 cum
1453 3699 1517 3761 qua
1530 3697 1583 3740 seu
1600 3694 1662 3759 quo

50 3775 143 3821 uuum
162 3764 376 3844 Indulgentiae
397 3765 601 3826 concedendi.
622 3767 704 3826 Vere
718 3765 816 3844 poeni·
871 3774 944 3832 ante
958 3771 1194 3832 matrimonium
1207 3774 1408 3850 peccaverat,
1426 3772 1575 3831 renovato
1591 3785 1663 3828 con·

51 3849 161 3912 tentibus
183 3854 354 3931 confessis,
381 3859 412 3916 et
433 3855 746 3931 communicantibus,
763 3852 817 3933 qui
872 3877 965 3920 sensu
979 3860 1023 3921 ita
1037 3864 1138 3937 caute,
1155 3865 1190 3920 ut
1204 3861 1265 3937 rei,
1282 3879 1338 3920 seu
1352 3877 1413 3920 reae
1429 3857 1576 3920 delictum
1592 3875 1663 3916 nus-

50 3938 189 4003 saeularas
203 3943 254 4004 vel
270 3944 430 4022 regulares
444 3944 600 4005 Ecclesiae
614 3949 669 4006 aut
681 3942 817 4022 capellas
873 3967 967 4027 quam
983 3949 1158 4028 detegatur.

50 4025 136 4089 huna
148 4031 195 4090 vel
210 4030 335 4092 duabus
350 4030 423 4091 anni
438 4031 658 4093 festivitatibus
671 4032 818 4093 visitave·
912 4039 960 4097 37.
978 4037 1167 4099 Absolvendi
1183 4035 1355 4116 Religiosos
1370 4034 1593 4116 cujuscumque
1609 4034 1663 4093 Or·

48 4113 106 4192 unt,
119 4120 146 4178 et
158 4135 214 4197 pro
229 4119 347 4179 unione
361 4118 609 4182 Christianorum
623 4119 816 4198 Principum,
873 4123 971 4201 dinis,
989 4123 1083 4185 etiam
1104 4143 1123 4184 a
1142 4123 1281 4184 censuris
1298 4127 1329 4182 et
1350 4120 1473 4182 casibus
1488 4118 1664 4198 Superiori-

49 4201 104 4264 tdei
120 4207 283 4268 Catholicae
303 4207 530 4286 propagatione
544 4225 653 4287 preces
667 4207 815 4282 fuderint,
872 4213 932 4273 bus
945 4211 1009 4272 suis
1023 4211 1199 4286 reservatis,
1212 4209 1242 4269 in
1255 4209 1377 4270 casibus
1392 4212 1497 4268 tamen
1513 4206 1661 4267 occultis:

49 4303 93 4367 pro
104 4293 150 4354 tui
164 4293 214 4356 die
229 4299 352 4374 septem
367 4312 532 4374 annorum,
550 4301 581 4358 et
594 4297 726 4358 totidem
740 4313 819 4376 qua·
873 4305 905 4362 et
925 4318 996 4360 eum
1018 4298 1077 4358 illis
1096 4297 1296 4377 dispensandi
1316 4313 1411 4374 super
1433 4295 1663 4374 irregularitate

48 4375 247 4460 tagenarum.
873 4408 911 4450 ex
925 4388 1093 4450 violatione
1108 4404 1310 4447 censurarum
1325 4389 1497 4461 contracta,
1515 4389 1546 4445 et
1559 4384 1663 4463 quoad

77 4468 118 4530 ³0.
129 4471 337 4552 Concedendi,
349 4479 385 4537 ut
397 4482 539 4554 tempore
554 4475 712 4536 interdicti
721 4477 818 4554 Apes·
873 4477 1020 4556 fugitivos
1042 4479 1074 4537 et
1093 4479 1270 4554 apostatas,
1287 4473 1382 4534 etiarn
1401 4471 1584 4534 absolvendi
1622 4470 1664 4531 ad

49 4552 114 4615 tohci
126 4557 155 4618 in
169 4561 278 4641 aliquo
292 4563 361 4625 loco
375 4563 533 4643 privatim,
545 4569 577 4626 et
586 4564 692 4645 januis
706 4563 819 4625 clausis
874 4565 1122 4642 reincidentiam,
1139 4564 1239 4624 donec
1257 4561 1408 4625 redierint
1426 4562 1467 4622 ad
1481 4579 1570 4623 suam
1585 4559 1664 4620 Reli·

48 4641 199 4710 celebretur
212 4651 245 4711 iu
262 4652 388 4712 familiae
402 4653 580 4731 prasentia.
874 4655 1018 4736 gionem,
1046 4652 1227 4733 praescripto
1252 4652 1370 4712 eisdem
1397 4649 1580 4731 congruenti
1603 4655 1665 4708 ter·

78 4735 118 4795 tl.
133 4739 354 4802 Committendi
379 4741 437 4802 has
455 4742 620 4804 facultates
639 4741 670 4802 in
690 4743 756 4804 toto
770 4742 820 4802 vel
874 4743 959 4804 mino
984 4741 1024 4802 ad
1045 4741 1242 4802 redeundum
1256 4740 1305 4802 vel
1327 4739 1578 4815 reincidendum,
1595 4753 1666 4814 pro-

48 4811 171 4900 haene.
874 4831 972 4892 hibito
989 4829 1109 4890 eisdem
1131 4828 1278 4890 exercitio
1297 4845 1425 4888 suorum
1444 4826 1595 4889 Ordinum
1615 4842 1666 4885 use

69 4911 222 5008 'Sepueutcs
229 4923 378 5000 practerea
391 4915 545 4997 facultates
558 4927 746 4980 scatescere
755 4919 820 4980 Poe·
875 4937 936 4999 que
951 4919 991 4980 ad
1006 4917 1151 4979 reditum.

46 5003 192 5066 tttotticria
210 5004 466 5073 extraordinarie,
487 5013 516 5067 et
527 5025 583 5087 pro
596 5005 664 5087 soro
677 5009 821 5068 concion·
915 5009 964 5070 38.
978 5005 1165 5068 Nuntiatura
1179 5002 1370 5067 Coloniensis
1385 5000 1601 5080 complectitur
1611 5002 1666 5062 Co·

49 5083 88 5144 th
97 5107 223 5153 meeum
236 5089 351 5152 duodus
359 5090 485 5152 Nectite
495 5093 671 5173 Apostoliee'a
678 5113 739 5175 pro
753 5104 822 5156 tem-
875 5095 1043 5171 lenienses‚
1054 5091 1319 5173 Moguntinenses,
1327 5091 1538 5166 trevirenses,
1548 5091 1667 5168 Argen-

47 5186 104 5254 parre
113 5177 244 5242 umato
257 5197 322 5241 suec
335 5179 534 5242 Nuntiaturoe.
875 5185 1029 5259 tinenses,
1047 5183 1225 5261 Spireuses,
1241 5177 1497 5254 wormatienses,
1513 5178 1667 5238 Monaste-

80 5265 121 5325 as.
131 5267 326 5329 Absolvendi
340 5285 358 5328 a
372 5269 512 5330 censuris
526 5274 635 5332 eontra
650 5271 824 5333 duellantes
877 5272 1007 5348 rienses,
1017 5269 1283 5348 osnabrugenses,
1297 5265 1580 5342 rader-bomensor,
1590 5267 1668 5328 Leo-

51 5345 169 5434 intlietis,
187 5360 255 5418 tam
270 5357 305 5416 in
322 5357 443 5419 casibus
461 5359 594 5438 publicis
609 5379 704 5440 quam
718 5361 824 5439 priva·
878 5360 1012 5435 ilienses,
1029 5357 1338 5434 Luxemburgenses,
1362 5357 1395 5415 et
1412 5353 1580 5414 Rhenanus
1598 5369 1668 5430 par-

53 5435 190 5518 taetiam
203 5463 279 5508 cum
294 5443 444 5508 facultate
464 5447 690 5528 subdelegandi
705 5448 759 5510 uni
775 5447 824 5508 vel
878 5451 941 5525 tes,
958 5449 1149 5526 caeterasque
1165 5443 1339 5508 Germaniae
1353 5439 1525 5517 inferioris,
1547 5445 1579 5502 et
1591 5439 1669 5502 Daci

114 5555 147 5621 r.
165 5558 219 5624 lv.
1553 5549 1590 5608 ft
