3976 6348
313 610 372 672 254

314 797 390 874 Gap.
415 813 469 856 un.
499 793 544 856 De
569 792 695 876 Pcrifie.
719 801 784 874 port
804 801 939 875 portum,
965 793 1108 874 quamvis

314 899 477 960 puerperae
496 881 615 961 possint
638 881 742 942 statim
765 885 836 959 post
855 886 980 960 partum
1000 880 1108 941 venire

314 970 356 1031 ad
369 969 551 1046 Ecclesiam,
568 973 706 1030 attamen
721 969 816 1030 etiam
831 970 862 1028 in
877 987 959 1030 nova
981 971 1050 1048 lege
1074 969 1108 1031 li·

313 1059 374 1120 cite
389 1077 545 1120 emanere.
562 1062 592 1119 2.
610 1060 677 1118 Non
702 1061 774 1118 ante
798 1061 835 1118 25
856 1076 876 1118 a
898 1063 990 1136 partu
1012 1058 1106 1133 diem,

314 1163 371 1207 nec
386 1145 471 1223 alibi,
488 1164 583 1225 quam
598 1145 629 1204 in
645 1145 783 1206 Ecclesia
801 1145 1022 1206 benedicende
1037 1146 1111 1205 sunt

313 1253 486 1314 puerperae.
502 1237 533 1295 3.
549 1237 584 1295 ln
600 1235 855 1313 pmnampeceati
869 1235 1109 1313 mulieresque

313 1341 351 1382 ex
369 1323 477 1384 ilhcito
502 1321 670 1383 concubitu
699 1326 906 1400 pepererunt,
931 1323 990 1384 sub
1017 1339 1110 1400 poena

312 1410 525 1490 suspensionis
540 1427 577 1470 eo
593 1409 660 1489 ipso
682 1409 878 1470 incurrendae
902 1429 964 1472 non
982 1409 1109 1470 benedi·

313 1502 435 1559 eantur.
450 1501 481 1558 4.
503 1497 576 1559 Sine
602 1501 771 1575 pompaei
794 1497 834 1557 ad
857 1515 1014 1557 summum
1037 1514 1110 1557 rum

312 1585 412 1648 tribus
423 1585 546 1646 leminis
557 1585 803 1646 deducantur.5.
813 1587 880 1646 Non
895 1585 995 1646 halin
1011 1583 1110 1645 domi·

313 1673 384 1733 nica
399 1673 448 1732 rel
462 1673 541 1733 festo
557 1672 626 1732 lori.
643 1675 674 1733 6.
688 1672 796 1731 Nullus
813 1671 982 1747 parochus,
1001 1674 1108 1732 Sacer-

313 1761 370 1822 dos
384 1761 434 1822 rel
448 1761 585 1822 Clericus
600 1760 694 1821 debet
708 1760 887 1820 convivium
910 1760 1031 1820 mulieri
1051 1778 1109 1838 pu-

313 1849 441 1910 rillcatm
455 1848 641 1910 instructum
660 1847 870 1927 trequentare.
894 1851 924 1907 7.
948 1849 1015 1907 Non
1037 1848 1109 1908 sub·

313 1937 462 1998 stituatur
475 1936 588 1997 mulier
598 1935 793 2013 purificanda
803 1934 945 1996 inlocum
955 1934 1108 1995 defunctae

313 2043 488 2104 puerperae,
505 2044 563 2086 nec
578 2025 618 2085 ad
633 2025 769 2084 cadaver
787 2023 942 2084 defunctae
961 2023 993 2082 in
1016 2029 1108 2102 partu

313 2114 459 2192 legantur
476 2131 585 2191 preces
604 2111 845 2192 purificationis,
873 2129 931 2172 neo
950 2111 1045 2172 etiam
1065 2111 1109 2170 le-

313 2207 428 2280 gantur
442 2202 473 2262 in
487 2201 617 2282 privatis
632 2200 751 2261 sedibus
770 2217 865 2278 super
878 2199 1107 2278 periclitantem

312 2293 383 2369 post
397 2294 532 2369 partum.

245 2393 288 2440 aas
352 2377 409 2455 52.
422 2379 512 2440 Circa
526 2376 770 2456 prohibitionem
782 2375 878 2453 illam,
895 2393 933 2435 ne
949 2375 1105 2452 mulieres,

313 2467 495 2546 quaeillicito
501 2465 668 2528 concubitu
679 2469 878 2545 pepererunt,
891 2465 1105 2543 purificentur,

313 2554 490 2616 dubitatum
509 2557 556 2615 est
569 2571 609 2613 an
620 2553 650 2614 id
666 2552 857 2631 intelligatur
871 2551 965 2612 eliam
980 2551 1019 2612 de
1034 2550 1104 2628 illis,

313 2661 383 2723 qua
398 2662 436 2704 ex
450 2641 555 2704 illicito
567 2641 733 2703 concubitu
748 2643 970 2719 conceperunt,
986 2639 1041 2700 sed
1053 2657 1108 2718 pa-

184 2745 189 2756 ·
313 2734 399 2793 riunt
412 2732 444 2792 in
465 2729 664 2793 Matrimonia
687 2732 906 2807 antepartum
929 2731 1105 2800 contrecto;

313 2817 621 2897 affirmaruntaliqui,
643 2817 717 2896 quia
730 2821 837 2878 manet
851 2835 957 2893 causa,
974 2820 1008 2877 ut
1022 2814 1106 2876 sitin

312 2925 440 2987 posnam
467 2903 596 2985 peccati.
629 2903 813 2982 Oppositum
840 2903 997 2965 tenuimus
1024 2918 1107 2963 anno

313 2998 403 3072 l'lltl,
419 2999 487 3056 tum
501 2992 659 3074 quietalis
674 3009 757 3053 nunc
780 2992 812 3052 in
831 2990 1029 3053 lllatrimonio
1053 2989 1108 3050 ho-

313 3089 400 3145 neste
415 3082 509 3162 parit,
525 3086 593 3142 tum
606 3081 754 3156 maxime,
775 3079 849 3160 quia
865 3084 1016 3142 statutum
1030 3077 1108 3139 illud

313 3177 359 3234 est
369 3171 504 3252 poenale,
517 3173 548 3232 et
555 3173 678 3231 tantum
688 3168 772 3245 dicit,
780 3167 926 3244 mulieres,
941 3167 1026 3247 quod
1036 3184 1108 3228 con·

969 606 1042 670 LlE.
1067 605 1118 669 Vl.
1142 603 1243 668 PARS
1265 605 1316 669 Ill.

1162 792 1238 853 lices
1262 811 1330 854 esse
1355 793 1566 854 excludendos
1586 793 1840 856 abenedicliono
1853 793 1942 855 matri·

1162 883 1291 943 moniali
1305 887 1337 944 et
1346 882 1540 944 ceremoniis
1549 883 1717 961 sepultura
1728 881 1942 957 ecclesiastice,

1162 972 1207 1032 ita
1220 977 1296 1049 puto
1312 969 1540 1032 excludendam
1555 987 1742 1050 puerperam
1753 970 1943 1032 acatholicum

1164 1058 1204 1119 ab
1233 1057 1292 1119 hac
1314 1057 1532 1119 benedictione
1556 1058 1792 1136 purificationis.
1824 1061 1852 1119 l.
1880 1057 1945 1129 Ouia

1164 1145 1359 1207 ceremoniae
1374 1145 1435 1207 illae
1449 1145 1570 1206 suntab
1584 1146 1725 1207 Ecclesia
1738 1146 1885 1208 instituta
1898 1161 1944 1223 pro

1164 1234 1307 1296 fidelibus
1334 1233 1367 1294 iu
1394 1233 1535 1295 Ecclesia
1555 1239 1587 1295 et
1609 1233 1816 1313 probabiliter
1835 1233 1945 1295 nomine

1164 1322 1310 1384 Ecclesiae
1326 1321 1420 1384 etiam
1435 1323 1514 1384 liunt
1536 1325 1602 1384 istoe
1624 1323 1795 1402 orationes,
1821 1323 1865 1384 uti
1884 1321 1946 1382 insi-

1163 1415 1241 1472 nuat
1255 1409 1370 1472 Sanch.
1388 1409 1440 1472 lic.
1457 1415 1486 1478 7,
1503 1409 1533 1472 d.
1549 1414 1579 1488 9,
1596 1429 1678 1473 num.
1691 1414 1739 1472 l3.
1753 1411 1891 1472 Ecclesia
1903 1428 1946 1470 au-

1162 1503 1226 1560 tem
1241 1516 1303 1560 non
1318 1497 1385 1558 vult
1399 1497 1551 1578 ejusmodi
1576 1500 1734 1561 orationes
1755 1499 1896 1579 publicas
1911 1498 1947 1558 ol·

1163 1587 1244 1648 ferre
1260 1603 1316 1665 pro
1332 1585 1524 1662 acatholicis,
1537 1587 1590 1666 qui
1601 1588 1641 1648 ab
1651 1587 1793 1648 Ecclesia
1802 1587 1948 1650 Catholica

1164 1675 1278 1737 exclusi
1291 1693 1358 1735 esse
1369 1674 1488 1736 volunt.
1501 1679 1530 1736 2.
1548 1675 1630 1747 Quia
1645 1677 1825 1754 acatholici,
1842 1677 1947 1756 quiere

1163 1763 1319 1824 remonias
1333 1762 1480 1824 Ecclesia
1495 1762 1639 1841 irrident,
1655 1764 1777 1843 indigni
1793 1770 1876 1840 sunt,
1891 1765 1947 1846 qui

1162 1853 1221 1914 bus
1235 1852 1295 1913 illae
1309 1850 1530 1913 adhibeantur.
1547 1853 1576 1913 3.
1594 1852 1673 1925 Quia
1692 1854 1772 1914 tales
1797 1852 1947 1914 acatholici

1163 1941 1194 2001 in
1210 1940 1258 2001 his
1272 1939 1348 2001 locis
1372 1939 1553 2000 acatholicis
1567 1940 1714 2019 presumi
1730 1959 1817 2020 saepe
1833 1947 1948 2020 possunt

1164 2046 1230 2089 esse
1245 2026 1392 2088 formales
1407 2025 1557 2102 heretici,
1583 2026 1726 2106 adeoque
1745 2027 1947 2088 excommuni-

1162 2115 1223 2176 cati
1239 2120 1270 2178 et
1283 2113 1427 2194 quamvis
1449 2113 1568 2175 vitandi
1585 2133 1647 2176 non
1661 2115 1723 2177 sint
1747 2133 1768 2177 a
1787 2114 1945 2187 catholicis,

1163 2207 1300 2265 attamen
1315 2200 1390 2280 ipsis
1404 2199 1597 2279 prohibitum
1621 2207 1669 2264 est
1690 2203 1723 2264 in
1744 2203 1861 2264 divinis
1878 2219 1947 2263 com·

1162 2291 1322 2352 municare
1351 2307 1423 2350 cum
1453 2289 1635 2368 catholicis,
1669 2291 1848 2352 secundum
1878 2291 1947 2352 dicta

1163 2380 1218 2441 lit.
1234 2381 1265 2456 6,
1278 2397 1311 2459 p.
1329 2381 1358 2454 2,
1374 2395 1455 2438 num.
1472 2381 1523 2454 al,
1540 2382 1570 2440 et
1584 2378 1719 2440 dicenda
1744 2378 1802 2441 lic.
1828 2385 1857 2447 Ἰ,
1877 2398 1945 2438 omn.

1162 2473 1231 2545 270,
1249 2485 1324 2546 ergo
1343 2465 1492 2528 scandalo
1516 2467 1559 2528 illi
1584 2473 1658 2530 sunt
1679 2467 1817 2529 Parochi
1830 2515 1839 2546 ,
1854 2467 1903 2546 qui
1915 2466 1947 2527 ad

1162 2557 1237 2621 tolia
1251 2553 1445 2616 admittendo
1461 2555 1549 2634 quasi
1574 2554 1727 2618 inducunt
1751 2555 1824 2617 illos
1844 2555 1883 2615 ad
1903 2571 1947 2632 pe

1162 2644 1290 2707 tendam
1300 2642 1396 2704 talem
1406 2641 1481 2720 ipsis
1491 2642 1631 2703 illicitam
1643 2643 1947 2704 communicationem
1966 2655 1980 2764 1

1161 2735 1193 2794 in
1209 2731 1322 2794 divinis
1341 2748 1414 2791 cum
1437 2730 1611 2793 catholicis.
1626 2735 1674 2793 An
1689 2730 1813 2793 licitum
1828 2731 1867 2792 sit
1879 2747 1906 2788 nr

1162 2827 1216 2885 tuo
1240 2818 1414 2881 acatholico
1438 2818 1601 2881 catholicae
1622 2819 1787 2881 Parochiae
1811 2818 1905 2898 inquil
1979 2861 1980 2898 5

1161 2909 1286 2988 pulsare
1301 2922 1470 2986 campanas
1485 2906 1630 2968 catholici
1649 2905 1772 2986 templi,
1793 2905 1908 2967 dicam·

1161 2997 1373 3072 ⁵1,cum.268.
1978 3003 1980 3082 ξ

1201 3083 1261 3162 §a
1279 3084 1356 3144 Cum
1371 3083 1439 3146 haeo
1454 3082 1643 3146 ceremonia
1656 3081 1903 3162 purificationisr
1978 3095 1980 3162 j

1162 3173 1202 3234 sit
1216 3170 1420 3249 necessitatis,
1443 3171 1498 3232 scd
1519 3170 1706 3248 devotionis,
1722 3172 1803 3249 Cap.
1821 3169 1899 3230 unic.
1978 3171 1979 3204 ³

312 3261 398 3321 venit
412 3277 475 3321 non
489 3257 664 3338 conjugatis
680 3277 688 3331 ;
705 3275 779 3336 ergo
799 3275 862 3317 non
877 3262 924 3318 est
938 3256 1108 3317 extenden—
1155 3257 1279 3341 purific.
1292 3265 1361 3338 post
1370 3267 1454 3339 port
1471 3259 1741 3338 putaruntLaym.
1755 3261 1850 3336 Peyr.
1867 3261 1898 3319 Pr

311 3348 387 3410 dum
403 3349 443 3409 ad
458 3346 652 3428 conjugatas,
669 3363 741 3406 cum
757 3342 896 3426 Syncdcs
907 3343 949 3406 ibi
960 3362 1023 3406 non
1033 3349 1108 3423 agat

312 3439 352 3501 de
367 3436 575 3512 Matrimonia,
602 3434 657 3496 sed
677 3434 716 3496 de
736 3435 908 3514 Baptismo.
925 3433 987 3494 Nec
1000 3432 1105 3511 obstet,

312 3527 398 3607 quod
412 3525 542 3606 equalis
557 3523 636 3584 ratio
651 3527 734 3585 esset
756 3523 834 3584 tales
856 3521 1041 3602 conjugatas
1055 3540 1107 3582 ex·

312 3613 458 3676 cludendi
476 3632 484 3686 ;
501 3631 569 3672 nom
583 3611 614 3670 in
630 3609 771 3690 positivis
794 3628 857 3672 non
880 3615 927 3671 est
941 3627 1108 3689 argumen-

311 3701 442 3763 tandum
465 3719 484 3762 a
506 3699 573 3780 pari
601 3698 642 3759 ad
662 3716 730 3777 par,
747 3697 809 3758 imo
825 3717 882 3760 nco
896 3716 916 3757 a
929 3696 1042 3758 minori
1066 3696 1107 3758 ad

312 3787 425 3868 majus,
442 3787 497 3848 sed
513 3785 659 3848 standum
674 3785 779 3846 verbis
789 3785 820 3844 in
836 3786 949 3865 rigore,
966 3802 1036 3865 qua
1051 3803 1108 3863 po-

310 3874 374 3936 tius
400 3874 619 3956 restringenda
645 3879 718 3936 sunt
746 3873 778 3933 in
810 3873 950 3936 materiis
978 3872 1104 3950 odiosis,

310 3964 411 4043 qualis
425 3969 472 4026 est
485 3964 564 4025 haec.

242 4079 283 4126 905
350 4055 410 4133 53.
428 4052 525 4117 Sicuti
542 4051 593 4115 lit.
610 4055 640 4130 2,
656 4071 686 4113 n.
703 4057 742 4116 99
756 4059 784 4113 et
799 4054 867 4129 lla,
894 4051 959 4113 dixi
978 4051 1107 4114 acatho-

1163 3363 1336 3426 puerperas
1351 3362 1442 3423 posse
1457 3364 1474 3406 e
1489 3345 1696 3424 Regularibus
1710 3345 1838 3407 admitti
1852 3345 1889 3406 ad
1902 3363 1936 3424 pu

1161 3435 1378 3511 circationem,
1395 3451 1452 3512 pro
1474 3452 1536 3513 quo
1560 3433 1700 3494 referunt
1714 3432 1946 3495 declarationem

1162 3524 1198 3585 S.
1217 3522 1242 3585 C
1243 3541 1360 3604 onqrep.
1377 3522 1432 3582 sed
1447 3527 1531 3583 recte
1546 3521 1732 3584 contradicit
1747 3522 1871 3602 Pignat.
1888 3525 1908 3581 t.
1920 3523 1944 3592 5,

1161 3609 1286 3672 consult.
1315 3613 1365 3686 76,
1390 3609 1464 3689 quia
1488 3609 1682 3671 consuetudo
1706 3611 1821 3670 saltem
1844 3609 1875 3670 id
1895 3625 1946 3668 res

1160 3699 1269 3760 trinxit
1283 3699 1323 3759 ad
1337 3699 1420 3760 solos
1444 3698 1601 3759 Perochos
1622 3717 1630 3768 ;
1652 3702 1684 3759 et
1697 3698 1786 3760 idem
1807 3698 1881 3758 dicit
1897 3696 1946 3758 alia

1162 3787 1334 3850 declaratio
1357 3787 1391 3848 S.
1418 3785 1561 3868 Corcyreo.
1577 3786 1662 3848 unde
1677 3786 1770 3848 sicuti
1785 3785 1945 3848 benedicte
1976 3755 1978 3856 i

1161 3877 1352 3956 nuptiarum,
1378 3877 1521 3957 quamvis
1544 3895 1607 3937 non
1627 3877 1666 3938 sit
1681 3875 1886 3950 necessitatis,
1908 3877 1945 3933 u·
1976 3875 1978 3898 ⁴

1161 3983 1233 4026 men
1248 3964 1421 4025 secundum
1440 3963 1560 4026 dictae
1582 3983 1664 4026 num.
1694 3966 1766 4042 504,
1793 3964 1829 4025 lit
1850 3959 1945 4023 asolis

1160 4053 1320 4132 Perochis,
1338 4051 1381 4114 ita
1395 4057 1426 4115 et
1440 4053 1507 4114 haec
1526 4051 1725 4114 ceremonia.
