3946 6346
327 562 352 627 E
651 561 772 625 lNDEX
794 547 966 625 CASUUM.
1278 555 1303 618 E
1611 562 1650 621 49

39 755 102 806 144444
119 760 199 801 secum
223 747 401 813 dispensandi
420 748 449 799 in
468 748 501 798 iis
524 747 674 798 4444144444
700 747 800 812 quibus

40 823 225 888 ipscdispeusare
240 822 328 884 potest
342 833 407 869 cum
421 820 477 868 suis
491 818 617 880 subditis,
634 833 660 868 n.
677 820 734 870 471.

61 892 182 956 Episcopus
195 905 251 942 non
271 902 381 940 servans
395 889 570 940 interdictum
585 889 700 940 locales
716 905 743 940 ae
761 889 800 939 la-

40 965 82 1012 tum
93 965 179 1026 peccat,
192 975 220 1011 n.
243 961 298 1012 444.
316 961 344 1012 84
362 959 429 1010 41144
445 972 499 1009 non
517 963 615 1020 servet,
626 958 801 1023 praesumitur

39 1033 152 1092 letteren.
165 1033 218 1082 447.
235 1033 274 1082 444
289 1031 408 1096 episcopi
434 1031 539 1095 possint
558 1029 699 1079 facultates
716 1028 768 1078 44144
783 1040 799 1076 4

40 1103 91 1153 8444
110 1103 252 1166 4444141444
276 1115 337 1152 cum
360 1105 491 1165 potestate
514 1113 544 1150 ea
567 1100 628 1151 aliis
648 1095 799 1149 communi·

40 1171 101 1222 44444
113 1185 254 1234 concessas,
271 1171 472 1222 communicare
486 1170 518 1220 ad
530 1174 634 1220 certum
643 1173 748 1231 tempus
759 1165 801 1216 vel

41 1243 63 1290 44
75 1245 227 1305 perpetuum,
250 1240 380 1306 pendete
394 1240 533 1290 voluntate
548 1237 718 1290 sanctissimi
733 1235 800 1285 tales

39 1311 162 1362 4441444444
175 1313 358 1372 concedentis,
373 1311 450 1375 cujus
464 1307 610 1360 declaratio
626 1309 682 1372 peti
702 1307 799 1368 debet,

39 1382 77 1438 to.
89 1397 110 1446 p.
119 1385 140 1442 4,
150 1395 174 1432 4.
189 1385 259 1442 1598;
275 1382 293 1431 1.
308 1385 332 1444 6,
348 1395 373 1446 p.
388 1384 411 1441 3,
427 1395 455 1430 4.
471 1381 525 1430 847.

61 1453 163 1516 Episcopi
188 1453 216 1502 in
244 1453 385 1502 Germania
407 1452 508 1502 babent
536 1451 636 1501 multas
660 1447 801 1499 4444144444

37 1525 84 1574 41444
91 1522 316 1573 communicandas
328 1537 344 1572 a
360 1523 427 1573 Sede
435 1520 587 1585 lpossotica
607 1532 674 1584 quas
688 1519 801 1569 4144444

38 1593 134 1650 babent,
162 1603 186 1640 v.
216 1605 244 1655 g.
276 1590 451 1656 dispensandi
480 1593 508 1640 iu
536 1591 616 1642 rebus
637 1589 732 1648 variis,
752 1587 801 1638 ab·

37 1663 135 1712 solvendi
147 1664 179 1713 ab
195 1663 303 1728 haeresi,
317 1667 379 1724 etc.;
401 1663 419 1713 1.
434 1665 460 1724 6,
476 1665 534 1727 44,
545 1677 571 1713 n.
589 1663 643 1720 aaa,
661 1661 677 1710 l.
695 1662 720 1721 6,
735 1674 761 1723 p.
776 1661 801 1720 4,

38 1746 57 1782 4.
68 1735 112 1784 616.
126 1733 300 1796 Perregutem
314 1732 488 1784 cancellarius
504 1733 582 1783 initio
602 1731 721 1794 cujusvis
736 1731 803 1778 Pou-

38 1801 130 1852 tiilcatus
139 1803 299 1868 promulgari
314 1801 421 1853 solitam
438 1805 599 1852 revocantur
612 1800 754 1850 facultates
767 1797 802 1848 ab

38 1873 82 1936 ipso
92 1877 250 1924 autecessore
265 1875 335 1937 Papa
351 1873 506 1924 immediate
517 1885 650 1923 concessas
665 1869 803 1934 Episcopis

38 1941 77 2002 46,
86 1956 107 2005 4.
121 1943 142 2002 4,
155 1954 180 1991 4.
194 1943 248 1991 848.
257 1941 379 2006 Episcopi
391 1942 420 1991 in
431 1942 572 1992 Germania
596 1944 623 1990 44
637 1941 720 1990 etiam
732 1937 800 1988 alibi

38 2010 118 2062 babent
131 2015 288 2075 potestatem
310 2012 478 2062 concedendi
502 2011 628 2062 oratorie
646 2009 750 2075 privata
770 2021 804 2058 ex

36 2080 92 2144 44444
114 2094 196 2141 mursa,
219 2083 304 2131 etiam
331 2081 365 2132 ad
394 2082 506 2146 longum
530 2085 647 2144 tempus,
663 2074 719 2141 44,
735 2092 760 2143 p.
778 2079 802 2138 2,

38 2153 114 2200 4464.
127 2153 244 2216 Episcopi
265 2153 294 2202 iu
317 2151 360 2202 bis
379 2151 530 2202 Germaniae
553 2151 677 2214 partibus
699 2150 804 2200 hebent

38 2222 142 2284 speciales
156 2221 294 2274 facultates
304 2222 471 2274 concedendi
486 2225 648 2286 potestatem
659 2221 765 2284 tegendi
778 2222 805 2270 44

39 2291 150 2343 retinendi
167 2293 249 2344 libras
264 2293 416 2354 hereticos,
431 2292 449 2343 t.
464 2295 490 2354 7,
504 2305 532 2344 4.
547 2293 601 2352 396,
621 2292 674 2341 393.
691 2291 806 2340 Possunt

39 2361 183 2424 probabilius
197 2376 246 2426 444
261 2375 308 2412 sua
325 2362 439 2413 Dioecesi
456 2367 544 2412 certos
558 2363 641 2412 libros
652 2360 804 2426 prohibere,

39 2431 174 2495 velationes
194 2432 392 2497 propositiones
412 2445 566 2495 censurare,
585 2445 613 2482 n.
629 2434 683 2484 494.
704 2431 805 2482 Eorum

39 2514 129 2551 4444444
142 2505 245 2552 444444
262 2505 346 2562 certa,
361 2514 387 2552 n.
399 2503 453 2554 394.

63 2570 188 2635 Episcopus
197 2572 417 2623 monasteriensis
426 2571 600 2624 facultatibus
615 2573 671 2622 suis
685 2575 807 2623 extraor-

39 2637 134 2689 dinariis
143 2642 179 2692 444
197 2645 286 2707 potest
302 2655 351 2705 pro
362 2641 526 2694 Neo-Studio
537 2642 672 2703 6444444,
682 2641 807 2705 quamvis

40 2707 145 2760 biclocus
157 2713 246 2763 stricte
256 2724 313 2762 uon
321 2712 357 2764 sit
371 2711 499 2763 Dioecesis
512 2713 743 2774 bionasterieusis,
753 2711 770 2762 1.
781 2713 805 2774 6,

40 2780 188 2840 ptume

63 2849 193 2916 Episcopus
208 2851 352 2904 4444444444
371 2855 397 2904 44
414 2853 664 2904 excommunicatus
678 2851 807 2903 viundus

40 2921 184 3042 pmssabssm
197 2923 288 2974 aalide
306 2928 445 2974 consecret
468 2923 623 2986 Ecclesiam,
646 2923 709 2985 46,
732 2936 758 2987 p.
781 2923 806 2983 2,

41 3003 61 3038 4.
97 2993 117 3042 4.

64 3062 194 3130 Episcopus
208 3065 236 3114 ia
253 3067 339 3130 prima
355 3065 484 3118 instantia
502 3063 584 3117 debet
600 3077 760 3128 cognoscere
775 3061 809 3113 de

41 3134 237 3186 ossismorum
256 3137 436 3198 subditorum,
460 3136 478 3186 t.
499 3137 523 3198 4,
538 3148 566 3186 a.
590 3137 659 3186 1416.
685 3134 809 3186 66141444

41 3203 86 3266 etas
100 3207 135 3255 est
148 3205 286 3269 providere
303 3211 336 3258 nt
357 3220 464 3272 semper
478 3205 570 3258 idonei
586 3205 699 3256 Perochi
716 3219 810 3256 curam

41 3273 219 3335 administrent,
233 3288 260 3326 n.
277 3277 332 3327 666.
348 3277 464 3327 Tenetur
476 3275 510 3326 ad
525 3275 712 3337 residentiam,
728 3275 810 3324 atilli

42 3345 209 3407 competatlae
223 3347 403 3408 alternative,
414 3360 429 3396 4
439 3359 466 3396 n.
476 3348 530 3396 477.
542 3346 647 3398 8444444
656 3359 759 3396 annum
769 3345 811 3396 ul·

41 3415 73 3462 tra
82 3419 129 3465 tres
138 3417 308 3466 meusessine
319 3417 442 3480 legitima
458 3429 537 3467 44444
550 3415 631 3478 absit,
648 3419 741 3480 peccat
753 3429 813 3480 gra·

42 3483 107 3546 viter,
125 3484 256 3536 attractus
271 3501 327 3536 non
343 3486 482 3546 tacitanus,
494 3498 521 3535 n.
528 3487 583 3546 864,
593 3499 609 3534 4
620 3499 646 3536 4.
653 3487 706 3536 467.
718 3485 745 3536 Si
756 3496 812 3534 non

42 3553 150 3617 resideat,
165 3557 252 3607 varias
262 3569 355 3620 poenes
369 3555 494 3618 incurrit,
509 3568 535 3604 u.
551 3553 814 3606 876044141444144·

43 3624 129 3676 1444444
138 3627 267 3677 Horarum
278 3626 455 3690 probabiliter
464 3628 571 3676 tenetur
577 3627 684 3676 44444444
693 3625 728 3675 44
737 3623 814 3674 resti·

43 3693 157 3745 tutionem
170 3695 254 3760 partis
264 3695 412 3756 tractuum,
427 3709 455 3744 n.
471 3695 539 3744 1461.
554 3691 634 3744 111444
649 3693 814 3744 9444444444

43 3763 139 3814 contorti
155 3766 241 3828 potest
260 3765 389 3828 Episcopo
410 3783 417 3814 ι
439 3767 460 3815 4.
479 3764 599 3814 Necdum
609 3762 778 3826 confirmato,
788 3765 812 3813 4.

43 3834 185 3886 confirmato
199 3835 222 3884 44
232 3835 303 3898 Papa
313 3833 460 3897 dispenset,
471 3832 514 3883 ret
524 3833 669 3883 necessitas
679 3836 813 3883 sustenta·

45 3905 111 3955 lionis
124 3907 218 3970 exigat,
228 3905 252 3955 2.
262 3905 290 3956 84
303 3903 474 3969 Episcopatui
492 3903 673 3964 rennnciarit,
684 3904 707 3952 4.
718 3903 746 3954 84
755 3905 815 3952 tan·

43 3975 130 4024 tumsit
139 3976 261 4037 titularis,
272 3977 334 4036 etc,
345 3987 372 4023 4.
381 3975 434 4024 946.
446 3973 474 4026 84
489 3973 667 4024 transferatur
682 3973 716 4024 ad
731 3973 814 4022 aliern

44 4045 178 4108 Ecclesiam,
188 4047 261 4110 44444
269 4046 413 4108 vacetipso
419 4045 495 4104 lure;
505 4045 527 4094 si
543 4045 674 4094 tamenin
685 4043 815 4107 capienda

44 4115 339 4177 paseaionesuaeuova
349 4115 814 4180 64414414444444444444,4444414444

43 4197 100 4235 aava
109 4183 247 4236 collatione
261 4185 349 4236 redire
365 4185 399 4236 ad
411 4187 539 4249 priorem,
551 4198 578 4235 n.
589 4187 643 4236 948.
659 4187 687 4237 84
702 4185 816 4236 visitans

44 4253 158 4306 Ecclesiae
170 4254 275 4319 aliquid
289 4257 324 4307 ab
341 4257 380 4306 eis
398 4256 513 4320 accipiat
523 4257 620 4320 4444444
633 4259 757 4320 sumptus
767 4269 815 4307 ne-

43 4325 153 4374 aemias
161 4325 195 4376 ad
205 4326 318 4387 victum,
329 4329 436 4377 tenetur
443 4324 476 4375 ad
487 4325 601 4390 duplum
611 4327 683 4375 inter
692 4339 814 4377 mensem

44 4395 217 4446 nonobstante
232 4396 401 4458 remissione,
416 4395 434 4446 4.
448 4398 473 4458 3,
488 4409 513 4460 4.
525 4397 550 4456 4,
562 4407 588 4444 4.
598 4397 746 4446 46464444
755 4395 816 4444 11144·

44 4466 287 4530 summouendoqne
301 4466 434 4517 moderari
449 4469 547 4530 potest,
557 4466 574 4515 l.
584 4467 608 4526 6,
625 4479 649 4528 4.
661 4468 708 4527 4,4
723 4479 750 4514 4.
762 4465 815 4516 447.

43 4535 120 4586 Potest
131 4539 220 4587 taxare
244 4537 405 4589 rationabile
423 4537 589 4601 stipendium
613 4537 763 4597 Missurum,
779 4535 817 4585 ita

43 4608 189 4657 uterccssus
199 4608 234 4658 sit
248 4607 365 4670 injustus
379 4611 406 4658 44
420 4607 525 4658 restitui
541 4606 651 4668 debeat;
663 4620 717 4656 non
726 4610 817 4657 tamen

44 4679 120 4738 potest
131 4681 220 4728 taxare
236 4677 308 4728 idern
318 4676 486 4742 stipendium
496 4677 690 4741 procursibus,
700 4689 716 4726 a
727 4677 816 4726 4144.

43 4747 93 4798 lton
112 4751 196 4812 potest
217 4748 359 4799 instituere
387 4748 484 4798 testum
503 4749 561 4796 sine
581 4746 674 4812 populi
697 4751 725 4796 et
747 4745 817 4798 cleri

45 4819 240 4881 cenomanici
256 4830 341 4868 unum
355 4821 461 4867 1444444
485 4817 513 4867 44
536 4816 650 4866 Dioecesi
667 4817 817 4880 pmprium,

45 4886 60 4936 l.
71 4889 93 4948 4,
106 4903 129 4952 p.
144 4891 165 4949 4,
182 4903 209 4938 4.
225 4889 279 4938 619.
294 4890 385 4939 Potest
399 4901 433 4937 ex
447 4901 528 4938 causa
552 4887 696 4937 transferre
720 4888 818 4937 tostum

46 4956 87 5006 tori
102 4957 209 5008 inatiud
225 4959 340 5022 tempus,
351 4959 387 5007 ib.
406 4957 529 5022 Episcopi
548 4959 656 5020 possent
680 4961 707 5006 et
721 4957 819 5006 merito

45 5026 160 5080 deberent
175 5029 265 5079 edicto
274 5042 322 5078 auo
332 5040 425 5093 cogere
434 5026 619 5078 Comoedosad
633 5040 689 5077 non
702 5025 820 5090 agendas

46 5099 181 5150 6444444444
204 5099 257 5150 4444
273 5099 346 5162 44444
360 5112 376 5148 a
391 5097 526 5161 deputatis
551 5095 650 5148 essent¹
662 5098 819 5162 recognitas,

46 5165 61 5216 l.
71 5169 93 5228 4,
105 5182 129 5219 4.
142 5171 195 5219 444.
208 5169 346 5220 Tenentur
358 5169 440 5218 etiam
454 5166 601 5231 aliquando
617 5181 678 5218 cam
693 5169 756 5218 vitae
765 5181 819 5218 sua

47 5239 154 5300 periculo
179 5238 310 5289 adhibere
338 5237 509 5302 diligentiam
531 5251 612 5302 quam
645 5241 759 5302 possunt
790 5242 822 5288 ut

47 5313 141 5370 4444414
154 5322 267 5362 snorum
281 5308 439 5372 impediant,
454 5322 481 5357 n.
492 5309 546 5370 468,
557 5310 610 5358 411.
621 5309 757 5359 Tenentur
770 5307 821 5357 snb

47 5379 141 5432 mortali
155 5392 308 5432 succurrere
321 5378 439 5430 subditis
452 5391 506 5429 non
521 5381 629 5428 tanturn
647 5377 676 5427 44
691 5380 820 5438 extrema,

47 5449 86 5500 sed
100 5451 176 5502 etiarn
190 5451 218 5500 ia
235 5449 309 5514 gravi
326 5447 484 5500 necessitate
503 5447 640 5511 4444444444
657 5460 719 5499 curn
738 5458 822 5510 quun·

860 749 1039 808 tunicamque
1055 755 1209 806 magnoaco
1225 742 1407 804 incommodo,
1421 742 1575 794 etiamnum
1589 745 1652 796 vitae

855 816 971 880 propria
994 814 1124 878 periculo,
1140 827 1155 862 a
1170 827 1197 862 n.
1221 813 1274 863 474.
1300 813 1449 876 Episcopus
1471 814 1603 866 invitatus
1618 816 1651 868 ad

853 883 1330 938 44444444444444441444464444444
1345 883 1490 933 Ecclesiam
1506 890 1594 948 potest
1609 887 1654 936 Ec·

854 955 943 1008 414444
960 955 1000 1005 4114
1015 957 1179 1005 consecrate
1197 956 1279 1004 etiam
1294 954 1443 1004 concedere
1459 954 1651 1020 indulgentias,

854 1026 911 1086 46,
927 1041 953 1090 4.
969 1027 992 1086 4,
1004 1039 1031 1075 4.
1047 1027 1117 1075 4189.
1135 1025 1260 1088 Episcopi
1275 1023 1377 1074 babent
1395 1024 1542 1076 limitatum
1561 1031 1652 1091 potes·

854 1098 937 1146 tatem
956 1093 1125 1144 concedendi
1153 1091 1340 1156 indulgentias
1363 1093 1513 1156 delegatam
1536 1109 1552 1144 4
1572 1098 1652 1160 Papa,

853 1177 881 1215 u.
897 1167 966 1215 1319.
992 1165 1022 1214 14
1045 1164 1221 1215 Dedicatione
1250 1163 1374 1214 Ecclesia
1396 1169 1486 1228 potest
1507 1165 1654 1232 Episcopus

854 1234 917 1284 dere
933 1233 1117 1297 Indulgentiae
1135 1235 1216 1284 unius
1229 1234 1295 1282 anui
1314 1235 1432 1296 1444444,
1448 1235 1476 1284 44
1492 1237 1652 1288 anniversa-

854 1307 895 1356 rio
909 1306 1093 1356 Dedicatioais
1108 1305 1210 1354 statiis
1226 1305 1332 1355 casibus
1350 1308 1376 1355 16
1403 1305 1510 1358 dierum
1535 1311 1653 1371 4444444,

856 1374 938 1425 etiam
954 1375 1170 1438 inperpetuum,
1191 1374 1227 1422 ib.
1248 1375 1339 1424 Potest
1359 1389 1404 1425 cas
1424 1377 1572 1427 concedere
1593 1379 1653 1426 tan·

855 1446 914 1495 tum
930 1457 977 1507 pro
992 1444 1049 1494 suis
1064 1442 1189 1504 subditis,
1204 1442 1269 1494 licet
1289 1448 1365 1494 extra
1382 1445 1517 1496 Dioecesin
1534 1448 1654 1498 existen-

855 1514 939 1576 tibus,
956 1515 1124 1579 possuntque
1140 1513 1260 1578 Episcopi
1272 1515 1342 1564 hano
1353 1517 1513 1578 potestatem
1528 1516 1654 1581 delegare

855 1585 945 1645 414444,
955 1598 982 1634 u.
1000 1585 1068 1633 4346.
1090 1584 1116 1634 84
1142 1583 1288 1647 Episcopus
1306 1585 1468 1648 ampliorem
1492 1588 1655 1638 concederet

856 1654 1053 1716 Indulgentism
1082 1665 1164 1715 quam
1182 1655 1344 1717 permissum
1372 1657 1428 1717 444,
1453 1658 1593 1706 concessio
1608 1657 1654 1708 illa

857 1723 1024 1788 probabilius
1048 1725 1088 1773 est
1111 1725 1219 1772 tantum
1242 1723 1318 1772 irrita
1340 1725 1428 1784 quoad
1449 1737 1600 1788 excessum,
1618 1729 1654 1778 414.

857 1793 1005 1856 Episcopus
1015 1793 1043 1842 in
1052 1793 1160 1842 Conone
1171 1792 1332 1842 celebrantis
1342 1794 1655 1847 nominatursecundum

857 1863 964 1927 pmxim
980 1863 1181 1912 etsententiam
1196 1865 1422 1926 communiorem,
1433 1879 1459 1914 n.
1475 1867 1529 1916 664.

889 1931 1036 1994 Episcopus
1068 1931 1145 1980 linito
1173 1933 1318 1996 Evangelio
1337 1933 1424 1983 titisse
1448 1935 1578 1986 solemnis
1611 1935 1655 1986 cui

859 2001 914 2065 ipse
933 2001 1036 2050 assistit
1050 2013 1112 2050 cnm
1134 2014 1218 2065 cappa
1243 2015 1298 2051 uon
1318 2005 1359 2052 est
1383 2003 1590 2066 thurificandus,
1610 2006 1657 2056 sed

858 2072 1135 2132 6414144444,4.4666,
1154 2072 1184 2121 D.
1198 2073 1237 2122 49.
1252 2073 1311 2122 1444
1325 2077 1415 2137 441444
1430 2088 1524 2138 cogere
1539 2075 1656 2126 644444-

858 2155 903 2194 444
921 2145 951 2192 44
964 2143 1217 2203 cantautattavoce,
1241 2141 1271 2192 D.
1288 2144 1326 2192 63.
1342 2144 1431 2194 Potest
1445 2158 1490 2194 eos
1512 2159 1606 2209 cogare
1628 2149 1658 2196 nt

858 2209 1040 2274 aCapeltanis
1063 2210 1091 2259 in
1117 2209 1326 2274 Quadragcsima
1346 2213 1449 2262 4441444
1471 2213 1573 2264 iaciant
1594 2229 1657 2265 cnm

859 2281 978 2334 Diacono
1004 2284 1031 2330 et
1053 2280 1235 2341 subdiacono,
1256 2280 1286 2330 D.
1302 2283 1340 2333 61.
1357 2283 1504 2348 Episcopus
1527 2285 1658 2348 regularia

859 2351 940 2403 debet
967 2351 1088 2402 cilicium
1112 2352 1225 2402 recitare
1246 2353 1324 2416 juxte
1345 2352 1429 2404 ritum
1447 2367 1502 2406 suae
1518 2356 1657 2417 Dioecesis,

858 2435 916 2472 non
930 2434 995 2471 vero
1004 2420 1123 2484 Regulus,
1139 2419 1170 2472 D.
1185 2422 1224 2471 69.
1245 2422 1274 2472 14
1289 2423 1383 2472 Missas
1407 2427 1513 2474 4444444
1533 2425 1657 2489 Episcopi

860 2489 1030 2541 solemnibus
1044 2490 1190 2554 septimum
1210 2489 1403 2542 candelabrum
1427 2491 1550 2544 adhiberi
1566 2494 1657 2556 debet,

859 2561 907 2612 sed
934 2574 990 2611 nou
1018 2559 1224 2621 Detunctorum,
1246 2561 1276 2610 D.
1292 2563 1330 2611 46.
1346 2562 1477 2626 Episcopo
1491 2565 1659 2625 assistentes,

862 2632 927 2682 ticet
940 2632 1032 2682 minus
1046 2630 1132 2695 digni,
1147 2630 1329 2696 praeferuntur
1343 2634 1470 2684 omnibus
1484 2634 1557 2696 otiis,
1567 2636 1597 2685 D.
1617 2637 1657 2685 88.

862 2703 890 2753 84
905 2703 1030 2753 assistere
1046 2701 1165 2752 volucrit
1179 2702 1266 2752 414444
1276 2702 1462 2766 conventuali,
1479 2717 1533 2754 nou
1545 2709 1659 2755 tenean-

862 2778 907 2826 tur
920 2785 1014 2823 omnes
1028 2771 1157 2822 Canonici
1177 2785 1205 2821 se
1224 2772 1249 2822 ei
1268 2772 1395 2822 associari
1409 2774 1444 2824 ab
1461 2773 1545 2824 altari
1562 2775 1590 2824 in
1605 2788 1660 2840 quo

862 2843 972 2896 Elissam
998 2842 1107 2906 planam
1123 2841 1273 2893 celebravit
1286 2856 1372 2907 usque
1385 2843 1420 2894 ad
1440 2845 1537 2896 Sedem
1552 2845 1660 2910 Episco-

863 2914 967 2979 patem,
982 2911 1015 2963 D.
1028 2914 1068 2963 69.
1084 2913 1257 2964 6444441444
1276 2917 1308 2966 44
1331 2916 1480 2978 Dignitates
1493 2928 1520 2965 es
1532 2915 1661 2966 64444444

863 2985 981 3044 1114444444,
996 2981 1139 3044 6444444414,
1151 2982 1290 3045 Baculum,
1306 2985 1486 3035 Thurihulum
1506 2989 1533 3036 et
1561 2987 1661 3037 similia

864 3054 1020 3105 ministrent
1043 3053 1172 3118 Episcopo
1194 3055 1505 3118 sarracinescum.
1528 3057 1614 3109 Debet
1633 3059 1662 3108 iu

865 3124 982 3176 Ecclesia
997 3123 1113 3174 salutare
1128 3123 1279 3176 canonicos
1294 3125 1482 3177 benedicendo
1496 3139 1590 3189 manu,
1606 3142 1662 3178 non

865 3199 946 3261 capus
959 3194 1115 3258 aperiendo,
1131 3194 1161 3244 D.
1177 3197 1215 3245 91.
1241 3195 1268 3246 84
1285 3195 1415 3246 444444444
1439 3198 1557 3249 voluerit
1584 3199 1663 3250 114444

866 3267 1018 3326 6444444444,
1029 3266 1110 3316 441444
1120 3269 1237 3317 statuere
1248 3271 1349 3317 certam
1359 3266 1494 3318 adventus
1504 3270 1546 3320 sui
1557 3271 1661 3333 horam,

866 3349 920 3402 qua
935 3336 1035 3401 elapsa,
1051 3336 1151 3400 poterit
1165 3335 1284 3387 41444444
1300 3337 1468 3399 4441444444.
1483 3339 1572 3390 94414
1587 3341 1663 3404 Epis·

867 3421 935 3472 copo
955 3405 1107 3457 celebrante
1135 3407 1271 3457 Diaconns
1302 3413 1329 3459 41
1351 3410 1538 3460 subdiaconus
1570 3424 1665 3474 pacem

866 3477 1103 3543 accipiuntstattm
1114 3481 1175 3540 post
1184 3478 1315 3528 Diaconos
1325 3480 1491 3542 assistentes,
1504 3481 1535 3530 D.
1546 3483 1666 3546 9l.Epis·

870 3562 939 3613 copo
956 3561 1062 3612 semper
1079 3549 1208 3597 convenit
1226 3549 1342 3599 duorum
1367 3550 1565 3601 Canonicomm
1584 3550 1666 3600 essis-

868 3620 963 3680 tentia,
978 3619 1034 3668 eive
1051 3616 1170 3669 celebret
1184 3619 1250 3682 ipse,
1261 3619 1317 3670 sive
1331 3620 1441 3672 assistat
1455 3621 1570 3683 Divinis,
1582 3622 1661 3672 1496.

868 3691 1031 3754 Episcopum
1046 3689 1178 3740 associare
1194 3693 1322 3740 tenentur
1337 3691 1486 3754 Dignitates
1500 3705 1563 3743 cum
1577 3693 1664 3744 Ceno·

869 3759 939 3810 nicia
954 3773 986 3809 ex
1002 3759 1107 3820 debito,
1122 3759 1187 3810 ticet
1201 3760 1394 3812 Caeremouiate
1411 3763 1601 3828 Episcoporum
1615 3777 1666 3817 no·

869 3830 956 3881 minet
980 3833 1087 3881 4444444
1106 3830 1265 3892 canonicos,
1288 3831 1336 3882 nbi
1356 3835 1523 3884 consuetudo
1545 3848 1601 3885 uon
1627 3837 1668 3888 444

870 3900 1017 3960 contraria,
1034 3900 1063 3950 D.
1075 3901 1114 3950 96.
1126 3901 1257 3965 Episcopo
1271 3915 1326 3952 non
1342 3905 1430 3966 potest
1439 3905 1561 3956 assistere
1576 3907 1668 3957 drobi·

869 3971 1004 4020 Diaconos
1015 3969 1043 4018 in
1058 3969 1153 4024 haliitu
1173 3971 1329 4035 Praelatitio,
1347 3985 1401 4022 non
1419 3973 1536 4035 61444414,
1552 3973 1618 4026 14444
1631 3977 1667 4026 444

870 4041 1084 4102 Protonotarins,
1114 4041 1143 4091 D.
1167 4042 1205 4092 97.
1222 4041 1353 4106 Episcopo
1367 4043 1523 4095 assistentes
1538 4045 1667 4098 64444444

870 4111 957 4173 parati
971 4110 1130 4174 precedunt
1143 4111 1283 4161 vicarium
1300 4112 1469 4176 Generalem,
1483 4117 1510 4164 41
1525 4119 1590 4167 4444
1603 4121 1666 4167 4414

871 4181 959 4243 ipsum
973 4181 1158 4244 thurificandi,
1183 4183 1212 4231 D.
1227 4183 1267 4234 98.
1282 4183 1352 4232 41444
1376 4184 1536 4248 Episcopum
1551 4199 1666 4237 consue-

870 4252 912 4300 tos
925 4250 1041 4304 circulos
1059 4251 1146 4302 tacere
1173 4251 1274 4302 debent
1290 4253 1340 4302 soli
1363 4255 1503 4317 canonici,
1527 4271 1582 4307 non
1602 4272 1667 4309 vero

870 4319 994 4371 vicarius
1008 4321 1154 4383 Generalis,
1170 4323 1200 4371 D.
1217 4322 1271 4372 163.
1287 4321 1360 4372 Licet
1375 4323 1523 4390 Episcopus
1544 4341 1599 4378 uon
1621 4342 1666 4380 ce·

870 4389 965 4451 lebret,
988 4391 1068 4442 debet
1090 4395 1181 4443 144444
1205 4392 1230 4442 44
1254 4393 1392 4447 celebrans
1411 4395 1446 4445 ad
1465 4397 1668 4452 confessionem

870 4460 1032 4525 respondere
1042 4463 1169 4526 usquead
1179 4463 1363 4529 indulgentiam
1376 4465 1517 4529 inclusive,
1533 4483 1587 4520 non
1603 4485 1667 4522 vcro

869 4533 952 4584 simul
966 4546 1028 4584 cum
1040 4532 1086 4582 illo
1100 4534 1205 4585 diceres
1221 4535 1249 4584 lu
1265 4537 1364 4584 nomiae
1371 4535 1464 4599 441444,
1475 4539 1506 4588 D.
1522 4541 1575 4590 464.
1591 4541 1669 4606 Epis-

871 4617 955 4668 copus
969 4617 1024 4654 noa
1039 4608 1128 4669 potest
1141 4603 1175 4654 ad
1190 4597 1340 4656 Dicoecesin
1364 4619 1441 4657 auam
1465 4609 1611 4660 estendere
1631 4609 1668 4662 ol·

871 4675 964 4724 tioium
986 4673 1054 4724 illud
1087 4673 1159 4737 quod
1185 4672 1243 4724 iicri
1274 4675 1343 4724 solet
1366 4675 1394 4724 in
1418 4677 1539 4737 civitate,
1566 4680 1595 4730 D.
1614 4683 1666 4732 166.

872 4745 1003 4808 Episcopo
1017 4745 1045 4793 in
1061 4742 1127 4794 testo
1138 4744 1338 4796 Purificationis
1353 4746 1451 4797 B.V·.M.
1468 4748 1555 4811 prima
1573 4749 1667 4814 Digni-

872 4820 913 4867 tas
927 4814 1067 4864 candelam
1082 4815 1146 4866 dare
1160 4813 1250 4876 debet,
1272 4817 1300 4864 et
1318 4817 1464 4882 Episcopus
1487 4831 1547 4870 eam
1577 4821 1670 4871 statiua

873 4885 965 4950 primos
981 4886 1127 4948 Dignitatis
1145 4889 1207 4936 ante
1221 4887 1359 4937 vicarium
1379 4889 1548 4952 Generalem,
1566 4892 1596 4941 D.
1614 4893 1667 4943 444.

873 4955 952 5007 84144
969 4955 1115 5018 Episcopus
1134 4954 1235 5006 habere
1249 4960 1339 5020 potest
1352 4957 1482 5010 ieuestras
1504 4958 1533 5012 in
1554 4961 1670 5012 Ecclesia

874 5037 921 5090 per
935 5037 1002 5086 ques
1021 5024 1049 5073 in
1074 5037 1134 5074 eam
1154 5028 1310 5089 prospectus
1332 5027 1419 5090 possit
1446 5027 1549 5092 haberi,
1569 5031 1600 5081 D.
1617 5034 1670 5083 144.

875 5096 967 5145 Potest
993 5093 1139 5158 Episcopus
1162 5095 1305 5158 prohibere
1330 5110 1364 5146 ne
1393 5111 1530 5162 campanea
1549 5101 1672 5154 nonduin

875 5163 1025 5214 benedictae
1041 5163 1191 5228 pulsentur,
1207 5167 1238 5216 D.
1251 5167 1304 5214 146.
1317 5166 1407 5218 Potest
1416 5181 1510 5231 cogere
1521 5169 1672 5224 canonicos

874 5235 908 5286 44
923 5234 1084 5285 discendum
1103 5239 1214 5285 centum
1233 5236 1437 5300 Gregorianum,
1452 5239 1533 5289 etiam
1549 5243 1671 5304 persub·

875 5307 1038 5356 tractionem
1055 5305 1202 5366 tractuum,
1214 5305 1244 5356 D.
1265 5307 1319 5356 166.
1339 5307 1463 5372 Episcopi
1482 5311 1594 5362 nornine
1621 5313 1673 5362 ali-

878 5376 989 5496 4443444
1004 5375 1086 5498 {giem
1101 5375 1177 5427 venit
1191 5375 1315 5428 vicarius
1329 5377 1388 5442 ejus
1401 5377 1548 5444 Generalis,
1556 5385 1606 5434 etc.
1622 5381 1671 5452 46,

879 5459 904 5509 4.
940 5459 990 5508 ,4.
1053 5481 1060 5497 .
