3986 6350
347 543 408 606 3⁸16

384 733 414 794 3.
438 731 470 795 Si
492 731 690 812 privilegium
713 735 906 796 coarctatum
929 739 986 808 est,
1011 739 1046 797 ut
1071 736 1141 797 nul-

343 823 392 882 lus
411 820 581 883 satisfaciat
594 826 751 900 praecepto
766 821 914 884 audiendi
929 823 1066 892 Missam,
1083 843 1140 904 per

343 909 430 971 illam
443 908 583 971 auditam
597 908 628 970 iu
644 909 798 988 Oratorio,
810 909 870 970 nisi
885 909 1031 971 dominus
1041 910 1139 990 ipsius

343 999 488 1077 Oratorii,
514 998 703 1079 quicumque
729 999 897 1061 habuerint
918 999 1052 1078 Rullum,
1068 1018 1139 1078 pos-

342 1091 416 1148 sunt
436 1086 592 1165 perillam
606 1087 733 1148 Missam
756 1087 936 1149 satisfacere
959 1093 1135 1167 pracepto;

342 1181 373 1236 et
387 1175 482 1236 etiam
496 1195 558 1237 nou
572 1176 735 1252 hahentes,
752 1174 776 1237 si
797 1174 977 1252 familiares,
994 1179 1049 1238 aut
1063 1195 1138 1238 con-

341 1264 513 1343 sanguinei
537 1265 598 1326 sint
621 1263 765 1326 habentis
785 1264 928 1341 Bullam,
954 1265 985 1323 ct
1008 1264 1137 1326 audiant

341 1351 467 1413 Missam
482 1371 545 1414 una
560 1371 632 1415 cum
647 1353 710 1414 illo.

379 1445 409 1504 l.
436 1442 470 1504 Si
489 1441 689 1522 privilegium
711 1447 908 1518 coarctatur,
935 1461 974 1502 ne
1008 1442 1136 1523 quibus·

340 1529 414 1590 dam
428 1531 539 1593 diebus
553 1531 639 1593 festis
660 1531 836 1592 celebretur
859 1530 964 1607 Missa,
981 1549 1039 1590 uec
1053 1529 1136 1592 acci-

339 1619 465 1697 piantur
488 1621 691 1682 Sacramenta
714 1619 745 1680 in
769 1619 923 1695 Oretana,
940 1622 1072 1698 possunt
1086 1635 1134 1679 ce·

291 1713 304 1736 ·
338 1706 454 1767 lebrari
477 1707 589 1785 Missae,
615 1711 647 1769 et
670 1709 874 1769 Sacramenta
896 1706 997 1784 accipi
1019 1705 1133 1766 virtute

338 1794 436 1858 Bullae
450 1797 482 1856 in
505 1797 580 1875 ipsis
604 1796 713 1858 diebus
734 1795 831 1863 festis,
849 1799 978 1874 excepto
994 1795 1044 1856 die
1059 1796 1135 1854 Pas-

338 1883 449 1961 chatis,
466 1885 582 1965 dequo
597 1885 827 1964 posteaflatio,
845 1883 919 1964 quia
933 1884 999 1946 haec
1015 1882 1131 1959 omnia,

339 1989 409 2051 quae
424 1973 556 2035 dicimus
566 1973 756 2054 colliguntur
766 1991 803 2033 ex
813 1973 888 2052 ipsis
903 1973 999 2034 Bullae
1014 1970 1130 2048 verbio,

338 2059 499 2139 inquibus
523 2061 608 2122 nulla
632 2061 801 2124 coarctatio
821 2060 1006 2140 praefigitur.
1024 2062 1132 2138 ltaque

339 2147 482 2228 quamvis
503 2148 665 2211 inferiores
689 2149 812 2211 Praelati
827 2147 1056 2210 coarctaverint
1069 2147 1132 2225 pri-

338 2235 454 2316 vilegia
467 2237 693 2314 oratoriorum,
709 2236 767 2298 has
781 2236 1008 2299 coarctationes
1024 2234 1132 2294 infrin-

337 2324 384 2404 git
406 2326 565 2386 concessio
595 2325 704 2402 Bullae,
729 2329 837 2404 utpote
865 2343 885 2385 a
908 2322 1074 2397 Pontifice;
1100 2328 1132 2385 et

338 2414 481 2493 quamvis
505 2415 571 2493 ipse
594 2413 736 2476 Pontifex
758 2417 959 2490 coarctasset,
976 2430 1033 2491 per
1056 2429 1131 2473 con-

337 2502 510 2564 cessionem
528 2521 666 2564 aunuam
685 2502 783 2564 Bullae
801 2502 1027 2564 coarctationes
1042 2518 1129 2562 revo-

336 2595 388 2654 cat
403 2611 411 2667 ;
428 2597 460 2654 et
473 2592 617 2672 quamvis
631 2596 701 2670 post
723 2597 885 2670 acceptam
903 2590 1025 2652 Bullam
1040 2590 1131 2650 daret

336 2698 409 2741 cum
429 2679 666 2742 limitatiouibus
689 2679 738 2741 his
761 2679 959 2760 privilegium
980 2679 1125 2756 Oratorii,

335 2767 430 2830 debet
442 2768 572 2847 intelligi
596 2768 766 2830 coarctatio
781 2785 838 2846 pro
862 2785 925 2828 non
940 2765 1128 2828 habentibus

334 2857 467 2919 Bullam.

374 2945 477 3023 Addo,
498 2945 582 3025 quod
604 2944 748 3025 quamvis
771 2946 860 3006 fieret
881 2945 913 3005 in
937 2944 1127 3008 limitationi-

333 3033 392 3096 bus
407 3051 551 3114 expresse
565 3033 663 3095 Bullae
681 3033 809 3110 mentio,
827 3051 889 3094 non
907 3031 1010 3111 potest
1024 3035 1127 3097 Ponti-

333 3122 384 3183 fex
398 3139 546 3184 revocare
561 3122 726 3201 privilegia
737 3121 846 3198 Bullae,
863 3120 938 3201 quin
957 3121 1127 3184 satisfaciat

334 3215 489 3291 quantum
511 3209 658 3290 potuerit,
683 3211 757 3290 quia
778 3213 851 3270 sunt
864 3208 1028 3289 privilegia
1051 3229 1127 3272 one-

331 3319 414 3377 rosa,
431 3303 466 3362 ut
488 3299 622 3360 diximus
644 3299 676 3358 in
700 3297 796 3360 dubio
817 3298 919 3360 tertio.
941 3298 1004 3361 Scd
1027 3303 1125 3360 atten-

332 3388 471 3449 dendum
485 3391 541 3463 est,
560 3391 593 3448 ut
616 3387 729 3448 horum
752 3385 988 3466 privilegiorum
1002 3386 1125 3448 modes-

331 3481 382 3538 tus
411 3475 452 3537 sit
481 3493 556 3536 usus
578 3474 618 3535 ad
651 3474 779 3536 vitame
806 3473 1068 3553 inconvenientia,
1094 3482 1126 3536 et

331 3562 488 3642 praecipue
502 3562 534 3623 iu
548 3562 634 3624 festis
648 3561 855 3640 potissimum,
872 3563 904 3623 in
924 3564 1037 3642 quibus
1052 3581 1123 3624 eon-

331 3657 515 3714 sentaneum
539 3655 595 3729 est,
622 3658 656 3712 ut
676 3652 780 3712 cuncti
806 3652 961 3714 licclesias
980 3653 1124 3734 frequen·

329 3745 406 3804 tent.

372 3829 520 3905 Qamatur
534 3829 681 3900 tortiaco
695 3828 743 3890 die
756 3829 907 3891 Poaclrotts
917 3829 1007 3911 possit
1020 3829 1126 3891 audiri

330 3917 432 3987 Misso,
447 3927 476 3978 et
489 3916 586 3998 accipi
604 3915 798 3978 Euctorr'str'a
816 3918 847 3978 in
863 3919 1001 3980 Orator-io
1014 3919 1124 3980 virtute

328 4005 454 4068 Bulla?
475 4004 513 4068 n.
535 4009 564 4067 l.
590 4007 685 4066 Posse
703 4006 804 4068 audiri
820 4007 964 4080 ltlissam;
995 4008 1069 4088 quia
1089 4008 1122 4068 in

328 4093 418 4155 Bulla
431 4098 554 4156 tantum
569 4092 722 4175 excipitur
744 4094 947 4157 Eucharistiae
967 4096 1119 4175 acceptio.

370 4185 462 4261 Resp.
486 4185 515 4245 Ξ.
538 4182 640 4243 Etiam
670 4201 727 4262 pro
751 4183 917 4245 devotione
946 4203 1038 4263 posse
1061 4187 1121 4247 Eu·

329 4271 509 4334 charistiam
524 4271 635 4352 accipi,
652 4272 746 4334 modo
762 4273 823 4334 alio
839 4272 889 4334 die
904 4291 941 4333 cx
956 4273 1121 4352 assignatis

327 4360 369 4423 ad
391 4360 584 4439 implendum
607 4377 720 4422 ιιιιιιιιω
734 4362 961 4424 communionis
984 4380 1122 4442 praecep-

327 4456 406 4527 tum,
426 4449 458 4508 in
477 4447 605 4528 propria
627 4447 780 4510 Parochia
807 4449 990 4528 accipiatur.
1009 4451 1119 4528 Ratio,

328 4537 402 4617 quia
423 4536 473 4597 die
497 4535 657 4597 Paschatis
683 4535 757 4597 licat
777 4541 812 4599 ut
838 4537 869 4598 in
896 4539 1120 4600 consuetudine

327 4627 459 4704 apparet
479 4623 630 4700 fidelium,
648 4624 791 4704 accipere
813 4625 1043 4688 Eucharistiam
1062 4647 1120 4709 pro

327 4711 492 4774 devotione
507 4711 538 4772 in
554 4712 694 4773 Ecclesia
708 4713 848 4792 qualibet
863 4733 871 4789 ;
889 4733 964 4794 ergo
979 4716 1074 4778 etiam
1088 4717 1120 4778 iu

326 4800 469 4862 Oratorio
484 4800 630 4879 privat03
652 4820 754 4882 neque
776 4802 867 4864 Bulla
887 4820 944 4880 per
966 4805 1120 4884 exceptio-

325 4906 398 4950 nem
416 4888 550 4950 intendit
570 4889 666 4966 aliud,
684 4890 743 4950 nisi
766 4891 850 4970 quod
865 4893 1043 4954 communio
1064 4913 1121 4955 an-

325 4994 388 5037 nua
402 4996 441 5037 ex
453 4982 611 5057 praeopto
628 4977 658 5037 in
681 4978 810 5058 propria
830 4979 983 5040 Parochia
1004 4980 1068 5058 liat,
1086 4987 1121 5042 ut

324 5065 434 5128 Pastor
448 5065 555 5127 ovium
568 5083 698 5126 suarum
712 5072 866 5145 agnoscat
880 5065 1004 5129 faciem.

1068 546 1184 614 LIBER
1207 551 1288 616 vul.

1439 869 1618 980 nunrou
1640 919 1743 986 ιιιιι.

1192 1095 1404 1184 Deprivilcpio
1414 1109 1544 1170 vescendi
1550 1112 1687 1176 comibus
1695 1135 1733 1176 ac
1747 1117 1873 1180 musitio
1886 1123 1977 1184 urin

1230 1207 1287 1268 qua
1308 1190 1425 1261 Medici,
1450 1205 1478 1256 ct
1499 1199 1561 1260 cuia
1584 1209 1613 1262 et
1636 1201 1801 1266 locteriniis
1823 1208 1856 1268 in
1882 1207 1974 1278 dieta

1231 1275 1337 1355 quibua
1345 1280 1548 1360 prohibentur.

1456 1584 1679 1650 All’l'lCULUS
1702 1591 1726 1650 l.

1319 1771 1363 1836 De
1376 1773 1543 1859 Pricae'lepio
1558 1783 1691 1844 vescendi
1704 1787 1860 1852 carnibus.

1228 1974 1332 2036 Verba
1346 1977 1443 2039 Bullae
1456 1985 1530 2044 sunt
1542 1983 1610 2046 lucc
1627 2006 1634 2048 ε
1654 1986 1728 2062 Oua
1741 1992 1897 2056 concedar
1906 1995 1972 2058 ludu

1188 2057 1232 2120 los
1244 2081 1392 2142 personas,
1408 2085 1475 2148 quae
1489 2067 1520 2130 lc
1533 2078 1672 2135 tamarem
1689 2096 1698 2136 :
1715 2083 1792 2154 Qua
1803 2082 1917 2162 paedor
1929 2083 1971 2145 da-

1187 2158 1270 2210 rante
1283 2149 1312 2210 el
1325 2149 1412 2212 dicio
1434 2173 1522 2225 anno,
1538 2159 1574 2221 de
1586 2166 1701 2246 ccasejo
1723 2166 1761 2228 de
1773 2171 1875 2234 amca
1893 2171 1971 2234 fled-

1186 2253 1232 2296 cca
1256 2237 1417 2318 espr‘rr'tuol.
1433 2263 1454 2324 y
1478 2249 1626 2328 corporat,
1642 2269 1740 2314 corner
1753 2275 1847 2320 rome
1863 2279 1895 2320 en
1909 2260 1970 2335 (lua-

1185 2344 1325 2408 rean.o,y
1348 2338 1425 2390 otros
1439 2331 1562 2414 tr'empne
1583 2334 1620 2398 de
1641 2359 1793 2427 opuno,y
1813 2346 1969 2431 cupae

1185 2413 1263 2476 bellos
1276 2415 1312 2478 de
1324 2436 1419 2480 ccmo
1431 2439 1519 2483 carrae
1529 2442 1587 2504 por
1601 2425 1669 2488 fedo
1682 2430 1712 2492 el
1724 2452 1817 2497 orne.

1225 2505 1253 2603 ls
1268 2503 1358 2586 cujus
1373 2510 1542 2572 necessitas
1556 2519 1604 2574 est
1626 2517 1768 2600 evidens,
1788 2542 1854 2587 uon
1868 2526 1968 2607 indiget

1184 2592 1366 2674 privilegio,
1393 2601 1428 2658 ut
1455 2606 1602 2663 vescatur
1623 2608 1775 2672 carnibus
1805 2612 1839 2674 iu
1862 2614 1964 2692 diehus,

1183 2679 1297 2781 quibus
1316 2683 1534 2784 prohibentur,
1556 2693 1587 2752 et
1607 2710 1680 2754 cum
1699 2696 1902 2781 privilegium
1919 2703 1966 2766 hoc

1182 2783 1215 2826 rn
1239 2785 1385 2868 opimone
1408 2777 1567 2837 communi
1592 2781 1735 2844 omnium
1760 2797 1965 2868 supponatur

1183 2861 1376 2933 cessitatem
1393 2861 1468 2940 quia
1490 2864 1568 2926 alias
1589 2867 1706 2931 frustra
1719 2871 1807 2936 foret
1820 2880 1965 2942 consilium

1181 2943 1345 3025 utriusque
1359 2948 1483 3028 llfedici,
1501 2954 1585 3032 quod
1604 2958 1798 3038 requisitum
1816 2964 1886 3030 ideo
1899 2987 1964 3050 qua

1181 3031 1261 3180 {litgr
1274 3032 1305 3093 in
1320 3052 1458 3114 quonam
1473 3057 1548 3102 casu
1561 3043 1766 3127 privilegium
1780 3051 1866 3116 istud
1879 3057 1964 3120 locon

1204 3137 1222 3179 a
1247 3126 1308 3182 eat.

1221 3208 1313 3308 Hesp.
1338 3213 1427 3284 Quod
1450 3213 1482 3275 in
1515 3235 1589 3280 casu
1618 3221 1728 3305 dubio,
1756 3233 1884 3310 quando
1909 3235 1961 3316 quis
1988 3257 1990 3304 5

1180 3294 1312 3375 dubitat,
1329 3315 1370 3358 an
1392 3300 1533 3381 indigeat
1556 3325 1612 3368 esu
1632 3314 1793 3395 carnium,
1820 3339 1921 3400 neone,
1938 3327 1961 3383 et
1987 3359 1989 3388 i

1179 3383 1319 3446 Medicus
1347 3387 1442 3450 etiam
1472 3391 1605 3472 dubitat,
1635 3416 1676 3460 au
1699 3419 1802 3466 causa
1830 3409 1871 3470 ad
1891 3427 1959 3472 eum
1986 3403 1988 3480 ξ

1179 3473 1322 3535 carnium
1344 3475 1384 3536 sit
1406 3477 1575 3561 sufficiens,
1591 3491 1696 3563 potest
1716 3493 1960 3576 Episcopusdr
1985 3487 1988 3562 ι

1178 3567 1266 3623 sente
1294 3568 1425 3645 auoque
1456 3567 1616 3633 licentiam
1643 3578 1791 3653 praebere
1823 3585 1864 3645 ad
1886 3601 1957 3646 esua

1178 3649 1331 3713 carnium.
1348 3653 1447 3731 Igitur
1467 3660 1502 3717 ut
1520 3661 1595 3721 tunc
1610 3669 1714 3739 potest
1728 3669 1804 3746 quis
1819 3671 1958 3752 dispensa-
1985 3659 1986 3700 ³

1177 3737 1261 3799 tione
1289 3740 1412 3801 Prolati
1439 3745 1587 3808 carnibus
1610 3751 1706 3828 vesci,
1726 3755 1774 3816 ita
1789 3758 1883 3819 etiam
1905 3759 1955 3819 sine
1984 3767 1985 3820 ἐ

1177 3827 1231 3888 tali
1254 3826 1496 3907 dispensatione,
1521 3833 1635 3898 virtute
1663 3841 1780 3920 Bullae,
1806 3845 1845 3906 de
1865 3845 1955 3908 ouius
1982 3847 1984 3918 g

1177 3931 1238 3993 que
1264 3916 1376 3978 Medici
1408 3919 1548 3999 consilio,
1576 3925 1672 3990 Henr.
1701 3931 1803 3993 Rodr.
1832 3933 1952 4001 Villaloh.
1981 3925 1984 3998 ,s

1176 4004 1291 4064 Antou.
1323 4005 1452 4082 Gomon,
1477 4009 1555 4087 Lep.
1580 4013 1697 4076 Sanoh.
1723 4019 1827 4082 Trull.
1853 4027 1882 4084 ct
1903 4021 1952 4094 alii,
1981 4003 1983 4032 ⁴

1177 4106 1255 4168 quos
1270 4089 1344 4152 citat
1357 4094 1389 4153 et
1403 4093 1543 4174 sequitur
1556 4097 1671 4162 Mando
1685 4101 1714 4164 d.
1733 4108 1788 4184 27,
1804 4129 1835 4170 ιι.
1850 4112 1877 4171 6.

1217 4177 1342 4242 Putabit
1355 4177 1479 4259 aliquis,
1495 4181 1555 4246 hoc
1575 4185 1726 4266 jamnon
1753 4212 1827 4257 esse
1848 4195 1952 4276 prisic-

1175 4265 1273 4346 giam,
1299 4285 1371 4328 cum
1395 4269 1435 4330 ad
1459 4270 1527 4351 ejus
1551 4293 1643 4336 usum
1665 4281 1853 4359 requiratur
1871 4283 1952 4347 cous·

1175 4354 1251 4415 lium
1272 4355 1384 4418 llfedici
1400 4357 1584 4440 spiritualis,
1606 4366 1661 4444 qui
1682 4371 1730 4430 est
1755 4373 1951 4450 Parochus,et

1175 4443 1237 4520 hic,
1254 4443 1349 4506 etiam
1373 4464 1445 4508 cum
1466 4466 1529 4511 non
1555 4451 1695 4516 habente
1718 4459 1856 4540 Rullum,
1874 4460 1950 4542 pomt

1174 4531 1206 4592 iu
1230 4551 1305 4594 casu
1329 4534 1424 4596 dubio
1447 4555 1506 4616 pro
1529 4539 1673 4603 carnium
1693 4563 1752 4607 esu
1778 4549 1946 4631 dispensant

1174 4640 1237 4685 nou
1260 4626 1382 4684 tantum
1405 4625 1436 4685 in
1452 4625 1593 4689 absentia
1619 4631 1770 4714 Episcopi
1790 4643 1823 4700 ct
1843 4638 1946 4712 Vicani,

1175 4714 1209 4771 ut
1223 4728 1318 4789 supra
1333 4708 1478 4788 diximuS,
1490 4715 1547 4775 sed
1561 4716 1667 4778 adhuc
1677 4719 1740 4784 illis
1750 4727 1945 4802 praesentibus,

1175 4798 1224 4858 vel
1239 4817 1296 4877 per
1317 4797 1444 4862 tacitam
1467 4801 1696 4884 Episcoporum
1719 4813 1944 4886 concemonem,

1174 4887 1224 4947 vel
1256 4906 1313 4966 per
1340 4889 1599 4952 consuetudinem
1628 4895 1771 4974 legitime
1799 4899 1864 4980 jam
1883 4917 1946 4981 pre·

1175 4973 1338 5053 scriptam;
1355 4975 1396 5036 ad
1411 4993 1499 5037 esum
1513 4979 1656 5042 carnium
1670 5001 1734 5044 non
1751 5003 1832 5066 opus
1844 4995 1887 5050 est
1896 4985 1944 5066 pri

1174 5062 1287 5142 vilegio
1302 5063 1414 5137 Bullaa;
1431 5064 1536 5144 itaque
1552 5065 1611 5127 erit
1624 5068 1746 5134 inutile.

1217 5155 1309 5231 llesp.
1334 5151 1423 5224 Quod
1446 5152 1488 5212 ad
1510 5154 1626 5234 minus,
1643 5157 1698 5220 ubi
1712 5179 1778 5222 non
1801 5166 1846 5224 est
1865 5161 1942 5224 inae

1174 5242 1268 5303 ducta
1301 5239 1506 5317 consuetudo,
1532 5245 1567 5303 ut
1598 5243 1761 5324 dispenset
1793 5247 1938 5320 Parochllfs

1173 5327 1372 5409 privilegium
1386 5326 1517 5390 habebit
1530 5329 1644 5394 locum.
1665 5333 1756 5398 Ultra
1770 5335 1836 5398 hac
1852 5336 1879 5396 in
1891 5333 1940 5394 dis·

1173 5415 1419 5496 pensationibus,
1440 5419 1475 5476 ut
1498 5433 1594 5478 causa
1616 5417 1855 5498 dispensationis
1873 5419 1938 5482 ada·

1174 5507 1287 5588 quatur
1318 5503 1362 5564 rei
1400 5501 1608 5585 dispensata,
1632 5506 1807 5589 imponitur
1834 5503 1935 5591 aimei
