3976 6348
297 569 355 630 216
953 569 1027 631 ΠΒ.
1052 568 1103 630 vl.
1126 567 1227 630 PARS
1249 568 1302 632 lli.

298 751 408 813 itinere
422 753 489 814 sine
508 753 757 833 dispensatione;
774 755 846 816 licet
859 755 964 816 Abbas
978 757 1087 816 Aoum
1144 753 1315 830 Coloniam,
1342 758 1374 816 et
1397 753 1447 814 hic
1465 755 1630 833 copulari?
1658 757 1694 816 R.
1717 755 1768 816 ad.
1794 757 1824 818 1.
1842 754 1924 816 lilius

298 856 354 899 sua
369 841 493 902 subdito
508 842 712 920 dispensaret,
726 860 786 902 nou
802 842 871 903 ideo
887 847 992 921 posset
1005 842 1089 902 huuc
1143 841 1250 900 rolcns
1265 840 1446 902 famulando
1457 860 1643 920 permanere
1658 843 1798 904 Treviris
1811 861 1862 920 par
1874 861 1925 902 ma·

299 928 439 988 comitari
467 929 608 992 subditus
633 929 762 992 Abbatis
785 931 820 1006 B,
851 930 909 990 nisi
929 930 979 990 hic
994 929 1089 990 etiam
1139 926 1242 1006 jarem
1264 926 1337 986 anni
1353 931 1488 1004 partem,
1505 927 1606 1005 primo
1623 928 1673 989 die
1688 927 1829 1009 acquirit
1841 927 1926 1008 quasi·

299 1011 457 1090 dispenset
480 1031 552 1074 cum
576 1032 652 1086 suo;
678 1033 753 1094 ergo
777 1013 918 1076 similiter
937 1015 967 1075 in
982 1019 1088 1075 nostro
1143 1012 1452 1092 domicilium,s1tque
1463 1014 1607 1076 subditus
1618 1015 1661 1076 illi
1672 1016 1829 1094 Episcopo
1840 1017 1927 1095 quoad

300 1117 384 1160 casu.
403 1102 495 1179 Resp.
509 1101 724 1179 disparitatem
739 1121 817 1179 esse,
831 1103 905 1182 quia
918 1101 1008 1164 sicuti
1019 1119 1088 1180 pro·
1142 1099 1387 1178 Matrimonium,
1405 1103 1579 1164 secuudum
1593 1104 1678 1164 dicta
1693 1124 1725 1164 n.
1742 1108 1816 1176 7223
1832 1103 1928 1166 hinad

300 1185 419 1263 bibitio,
440 1188 482 1248 ita
501 1189 597 1251 ctiam
619 1189 808 1269 dispensatio
832 1191 873 1251 ad
897 1190 988 1252 simul
1015 1208 1090 1268 pro·
1144 1189 1175 1248 in
1190 1188 1250 1249 hac
1265 1189 1490 1268 impedimento
1506 1191 1605 1268 possit
1621 1191 1673 1252 ille
1684 1190 1857 1270 Episcopus
1870 1210 1929 1252 cum

299 1274 501 1335 liciscendum
515 1277 580 1336 sive
595 1277 635 1337 ad
649 1278 873 1353 comitandum,
891 1282 937 1340 est
951 1276 1090 1338 divisibi-
1143 1275 1207 1336 suis
1221 1276 1354 1336 subditis
1369 1277 1563 1354 dispensare,
1581 1277 1676 1338 etiam
1691 1281 1798 1355 potest
1808 1297 1874 1339 cum
1887 1278 1930 1340 li-

299 1361 354 1432 lis;
385 1361 445 1425 hoc
469 1365 537 1442 ipso
562 1365 646 1425 enim
674 1367 758 1444 quod
782 1365 986 1444 prohibeatur
1009 1383 1089 1425 unus
1143 1364 1198 1425 tio.
1221 1363 1271 1424 Ad
1283 1367 1312 1424 2.
1333 1366 1401 1424 Non
1421 1364 1535 1441 obstat,
1554 1365 1580 1424 si
1595 1365 1693 1426 Titius
1708 1383 1745 1425 eo
1761 1365 1865 1426 animo
1878 1365 1931 1425 ire-

300 1448 453 1529 comitari,
473 1471 536 1512 non
551 1453 620 1513 idea
640 1453 825 1531 prohibetur
839 1455 918 1514 alter
933 1454 1006 1532 quia
1020 1471 1089 1532 pos·
1144 1451 1184 1512 rit
1198 1450 1270 1510 illuc
1285 1450 1460 1510 secuudum
1476 1450 1560 1512 dicta
1575 1471 1606 1512 n.
1623 1456 1693 1530 722,
1716 1453 1793 1532 quia
1811 1472 1881 1512 usus
1893 1459 1931 1512 est

300 1543 348 1598 set
361 1539 519 1616 prohiberi
535 1559 616 1600 unus
636 1546 666 1602 el
681 1560 743 1603 non
758 1542 853 1613 alter3
870 1541 1012 1602 similiter
1030 1541 1090 1603 boc
1141 1537 1212 1618 jure
1234 1555 1302 1613 suo,
1329 1538 1413 1616 quad
1438 1537 1576 1600 habebat
1596 1540 1636 1599 ad
1659 1539 1886 1619 acquirendum
1897 1539 1931 1600 ibi

301 1624 367 1702 ipso
390 1626 474 1705 quod
495 1626 654 1703 vinculum
669 1628 886 1706 prohibitionis
909 1629 1036 1690 tollatur
1050 1628 1090 1688 ab
1145 1625 1233 1705 quasi
1252 1624 1457 1701 domicilium,
1475 1644 1537 1704 quo
1552 1625 1705 1706 acquisito
1721 1631 1827 1705 potest
1844 1628 1884 1690 uti
1897 1627 1932 1687 la·

301 1730 374 1788 uno,
391 1732 453 1774 uon
469 1714 538 1775 ideo
553 1715 672 1776 tollitur
685 1716 725 1776 ab
746 1717 855 1792 altera,
872 1719 946 1796 quia
960 1735 1023 1778 una
1038 1717 1091 1778 ab
1146 1731 1232 1773 vore.
1250 1711 1300 1772 Ad
1312 1714 1342 1772 3.
1367 1714 1401 1774 ln
1421 1711 1575 1792 ejusmodi
1595 1713 1724 1776 indultis
1738 1715 1933 1776 communiter

301 1800 402 1861 soluto
417 1807 522 1879 posset
536 1802 615 1863 alter
629 1821 756 1865 manere
771 1805 966 1881 prohibitus:
985 1823 1092 1865 econ·
1146 1800 1280 1862 habetur
1295 1818 1352 1880 pro
1371 1799 1571 1862 Matrimonia
1593 1801 1623 1861 in
1641 1811 1693 1862 tna
1707 1811 1825 1862 tantam
1838 1802 1935 1864 am

301 1891 350 1946 tra
364 1886 554 1966 impassibile
576 1894 622 1949 est
636 1890 700 1951 tolli
723 1891 771 1950 vel
786 1909 948 1952 remanere
963 1909 1092 1952 causan·
1145 1885 1356 1954 contrahendis,
1383 1887 1456 1947 hinc
1480 1887 1509 1947 vi
1532 1888 1602 1950 talis
1621 1889 1864 1968 dispensationis
1881 1908 1933 1951 nan

301 1974 485 2054 guinitatem
508 1976 541 2034 in
556 1995 634 2054 uno,
651 1977 726 2056 quin
741 1977 801 2038 boc
815 1977 882 2056 ipso
897 1979 1024 2040 tollatur
1038 1981 1092 2042 aut
1146 1978 1293 2053 poterunt
1307 1973 1493 2036 contrahere
1509 1981 1598 2036 extra
1611 1976 1777 2038 dioecesim
1800 1977 1933 2057 Episcopi

302 2067 463 2124 remaneat
477 2065 572 2126 eliam
595 2065 626 2125 in
650 2066 759 2144 altero,
785 2068 858 2146 quia
881 2086 972 2130 nemo
991 2072 1094 2146 potest
1147 2062 1368 2140 dispensantis·
1387 2062 1477 2134 QUOd
1491 2062 1517 2122 Si
1533 2063 1687 2142 EpiSOOPO
1698 2063 1843 2126 absolute
1856 2065 1935 2126 deiut

302 2170 370 2212 esse
394 2169 455 2212 non
480 2155 730 2234 consanguineus
758 2156 1009 2234 consanguinea,
1039 2161 1094 2217 aut
1147 2153 1284 2228 potestus
1300 2149 1503 2227 dispensandi
1527 2167 1584 2228 pro
1608 2150 1834 2231 Matrimoniis,
1850 2153 1935 2214 'lilius

302 2239 552 2318 consanguineus
566 2260 628 2302 non
642 2243 892 2322 consanguineae.
905 2244 1023 2306 Deinde
1034 2243 1093 2305 hoe
1148 2236 1276 2298 obtenta
1289 2236 1425 2298 Treviris
1440 2237 1689 2316 dispensatione,
1708 2241 1828 2318 poterit
1845 2241 1935 2302 redire

303 2326 370 2405 ipso
403 2328 489 2407 quod
518 2329 599 2391 Titia
627 2331 667 2393 sit
696 2331 808 2393 habilis
840 2332 881 2392 ad
915 2332 1093 2392 ducendum
1148 2322 1319 2399 Coloniam,
1337 2326 1369 2384 et
1389 2323 1440 2384 hic
1462 2323 1665 2402 contrahere,
1682 2326 1856 2388 dummodo
1874 2331 1935 2389 ante

303 2413 423 2490 Gaium,
439 2415 532 2476 Caius
547 2435 616 2478 eam
631 2419 748 2480 ducens
759 2419 844 2481 ducit
858 2419 1005 2496 habilem,
1019 2437 1093 2498 ergo
1147 2409 1546 2472 0011tr³0lumM8irim0ssii
1562 2430 1626 2473 11011
1640 2413 1936 2478 dimiseritauimum
1976 2417 1977 2424 '

304 2520 367 2562 non
386 2502 586 2581 impeditam
612 2526 687 2586 ergo
712 2526 769 2569 nec
791 2508 857 2586 ipse
881 2511 928 2569 est
948 2507 1094 2568 inhabilis
1148 2497 1300 2559 redeundi
1315 2498 1472 2575 Treviros
1489 2503 1521 2560 et
1535 2499 1597 2576 hia,
1610 2505 1704 2579 prout
1713 2507 1879 2582 statuerat,
1890 2524 1937 2584 per

304 2593 359 2650 aut
380 2590 564 2670 impeditus,
588 2613 660 2656 cum
682 2595 862 2657 inhabilitus
885 2599 940 2657 aut
962 2595 1095 2673 impedi·
1148 2585 1301 2666 majorem
1316 2584 1389 2645 finni
1403 2589 1526 2665 partem
1543 2590 1760 2666 permanendi.
1787 2593 1822 2655 Si
1843 2597 1938 2654 auum

304 2682 455 2754 mentum,
481 2682 565 2761 quod
588 2683 639 2744 hie
662 2684 792 2744 deberet
814 2701 892 2759 esse,
919 2683 1094 2744 necessario
1149 2672 1309 2736 Coloniam
1327 2673 1456 2736 redierit
1478 2675 1626 2737 deserens
1649 2677 1755 2739 animo
1770 2685 1804 2742 et
1818 2689 1938 2761 corpore

304 2784 429 2844 semper
451 2767 591 2832 includat
604 2771 683 2832 duos
697 2771 851 2833 inhabiles
866 2775 897 2832 et
916 2771 1092 2849 impeditos,
1150 2759 1227 2821 illud
1256 2760 1568 2840 quw-dmioilium
1590 2765 1797 2844 Trevirense,
1827 2769 1939 2830 videtur

305 2853 450 2914 videlicet
463 2855 543 2917 duos
557 2857 958 2938 consanguineosautduos
972 2859 1093 2934 affines,
1151 2867 1213 2910 nou
1227 2866 1329 2927 posse,
1346 2847 1420 2947 quia
1434 2849 1624 2929 dispensatio
1639 2871 1703 2914 non
1717 2859 1828 2916 manet
1846 2873 1939 2916 mora·

306 2942 413 3021 quales
435 2962 497 3004 non
520 2951 593 3008 sunt
613 2948 715 3026 posita
738 2946 969 3026 dispensatione
991 2947 1093 3008 unius.
1150 2937 1222 2997 liter
1244 2936 1384 2997 affiOisssss
1407 2936 1506 3014 filum,
1536 2939 1663 3017 diffindi)
1687 2942 1857 3018 0⁰¹¹il³hib
1885 2961 1939 3003 ⁰⁰¹¹

307 3029 400 3090 aliud
414 3035 471 3108 est,
495 3033 520 3093 si
535 3051 667 3112 sponsus
682 3039 713 3096 et
731 3053 845 3114 sponsa
860 3034 1013 3096 habereut
1036 3035 1098 3096 alia

308 3117 531 3195 impedimenta
545 3123 761 3200 separabiliter
783 3121 995 3200 impedientia,
1012 3141 1041 3182 v.
1063 3140 1094 3200 g.

307 3203 333 3264 si
355 3207 485 3284 uterque
507 3207 638 3270 haberet
658 3209 790 3288 simplex
811 3208 861 3268 vel
880 3210 1018 3269 solamne
1042 3227 1100 3268 vo·

307 3296 374 3352 tum
389 3293 539 3356 castitatis
552 3300 620 3357 tum
635 3297 719 3358 enim
733 3297 931 3376 dispensato;
949 3296 1099 3359 ethabili-

307 3383 372 3440 tato
396 3399 468 3458 una,
494 3401 558 3445 non
577 3384 649 3446 ideo
670 3385 887 3448 habilitaretur
910 3386 998 3462 alter,
1024 3384 1099 3466 quia

308 3470 416 3529 votum
430 3470 546 3546 sponsi,
563 3472 646 3550 quad
662 3472 803 3552 impedit,
825 3491 886 3533 non
901 3471 1033 3534 includit
1046 3491 1098 3534 vo·

308 3562 375 3619 tum
389 3573 522 3634 sponsae,
547 3577 603 3620 nec
618 3559 740 3621 sublato
755 3564 828 3621 voto
853 3560 957 3638 sponsi
982 3560 1100 3623 tollitur

308 3647 416 3705 votum
431 3661 564 3722 sponsae,
581 3646 636 3706 sed
655 3647 747 3725 plane
764 3651 837 3708 sunt
851 3647 961 3723 divisa,
983 3652 1099 3726 potest-

308 3749 370 3811 que
399 3749 533 3809 sponsus
564 3751 691 3794 manere
723 3739 796 3796 voto
821 3735 995 3813 obligatus,
1027 3734 1100 3798 licet

308 3837 424 3897 sponsa
438 3819 478 3880 sit
487 3820 589 3882 soluta
600 3841 606 3882 :
619 3825 650 3883 et
664 3822 747 3883 idem
758 3827 806 3884 est
818 3822 849 3883 in
865 3823 933 3883 aliis
946 3821 1100 3884 similibus

308 3906 550 3985 impedimentis,
560 3926 649 3969 secus
659 3909 691 3969 in
705 3910 973 3989 consanguinitate
988 3915 1043 3972 aut
1056 3910 1100 3971 al-

1152 3025 1236 3086 enim
1252 3025 1350 3086 allicit
1368 3025 1426 3085 nisi
1450 3025 1611 3088 subditum
1625 3027 1770 3090 dioecesis
1788 3031 1940 3092 Treviror-

1152 3113 1205 3190 sis‚
1223 3116 1289 3174 lum
1303 3119 1410 3174 autem
1425 3132 1487 3174 nou
1503 3115 1563 3176 erit
1576 3114 1658 3177 illius
1672 3117 1828 3180 subditus.
1848 3119 1884 3181 Si
1899 3117 1940 3178 di-

1152 3211 1210 3279 eat,
1228 3203 1384 3264 sublatum
1404 3203 1500 3264 semel
1524 3203 1785 3282 impedimentum
1813 3227 1876 3270 non
1901 3226 1940 3268 re

1153 3289 1229 3352 dire.
1249 3292 1285 3352 ll.
1316 3290 1579 3368 Impedimentum
1606 3297 1654 3354 est
1681 3293 1938 3374 consanguinitas,

1153 3395 1223 3458 quse
1247 3397 1372 3456 semper
1393 3378 1520 3454 mansit,
1545 3384 1577 3439 et
1590 3397 1648 3458 per
1671 3379 1940 3459 dispensationem,

1153 3485 1223 3544 quae
1238 3464 1334 3526 afficit
1356 3464 1544 3546 subjectum,
1560 3464 1654 3526 datur
1675 3473 1815 3544 potestas
1830 3475 1940 3532 eontra·

1152 3552 1246 3640 bendi
1271 3571 1343 3613 cum
1365 3553 1418 3615 illa
1439 3554 1684 3634 consanguinea,
1701 3555 1809 3636 sicque
1829 3563 1940 3620 tanum

1153 3641 1315 3703 moraliter
1325 3641 1444 3703 tollitur
1457 3641 1534 3702 illud
1545 3641 1807 3720 impedimentum
1821 3663 1940 3708 consan-

1154 3727 1326 3808 guinitatis,
1343 3727 1483 3807 quandiu
1507 3728 1699 3807 dispensatio
1723 3729 1812 3792 illum
1833 3733 1939 3806 afficit;

1154 3815 1179 3876 si
1195 3821 1299 3876 autem
1313 3815 1437 3878 desinat
1451 3835 1518 3877 esse
1539 3816 1683 3877 subditus
1698 3823 1770 3878 ante
1787 3827 1941 3882 enecatam

1154 3903 1428 3984 dispensationem,
1447 3905 1515 3966 hec
1538 3921 1601 3964 non
1627 3906 1762 3984 amplius
1788 3909 1941 3971 moraliter

308 3997 439 4072 llnitate,
451 3996 496 4058 uti
511 3997 629 4059 dietum
645 4004 701 4060 est.
718 4000 765 4060 lta
783 4017 906 4060 mecum
918 3998 1101 4079 judicarunt

308 4081 370 4142 dua
385 4085 535 4143 Doctores
549 4101 600 4144 an.
618 4087 707 4146 1701.

241 4167 281 4212 ⁸⁵⁴
347 4169 403 4247 52.
420 4171 498 4232 Cum
511 4171 600 4251 vagis
614 4177 716 4251 potest
730 4171 910 4250 dispensare
920 4173 1100 4254 quivisEpi·

308 4275 421 4336 scopus
435 4257 485 4318 cui
499 4277 533 4318 se
548 4259 727 4339 subjiciunt.
746 4259 835 4331 Quod
851 4259 944 4331 valet,
957 4260 1100 4339 quamvis

308 4349 429 4407 tantum
451 4363 531 4406 unus
554 4364 663 4407 corum
687 4349 768 4408 esset
786 4365 886 4425 vagus
903 4367 909 4408 :
927 4347 987 4408 hoc
1002 4347 1098 4424 enim,

308 4432 482 4492 secundum
501 4433 569 4513 jam
592 4433 686 4509 dicta,
713 4433 891 4513 dispensato
910 4453 967 4513 per
990 4454 1102 4515 quem-

309 4537 444 4598 cumque
463 4519 652 4598 Episcopum
676 4521 727 4582 cui
741 4539 774 4580 se
793 4519 929 4600 subjicit,
946 4522 1101 4583 concomi-
1156 4528 1262 4585 autem
1290 4522 1414 4585 dicatur
1433 4542 1548 4605 pauper
1572 4531 1620 4588 est
1646 4527 1748 4608 major
1769 4527 1939 4590 difficultas.

308 4609 413 4668 tantm
427 4605 608 4668 habilitatur
622 4607 716 4668 etiam
731 4609 819 4670 alter.
1156 4611 1251 4673 Barb.
1269 4609 1312 4670 lle
1324 4609 1375 4688 off.
1393 4609 1495 4692 Epise.
1507 4613 1600 4695 allep.
1616 4617 1668 4692 al,
1685 4633 1715 4676 n.
1731 4615 1941 4693 21111111-

242 4716 284 4760 sss
348 4695 408 4774 53.
425 4697 494 4756 lluc
517 4695 651 4774 pertinet
673 4697 786 4758 solutio
809 4697 968 4776 sequentis
991 4716 1093 4760 casus.
1154 4700 1567 4781 peresdienntnrnonsatum
1584 4703 1782 4772 mendicantes,
1798 4703 1941 4766 sedetiam

309 4783 407 4844 Titius
426 4782 618 4844 coloniensis
639 4783 845 4862 impregnata
866 4785 1001 4847 Coloniae
1028 4787 1103 4849 Gaia
1157 4787 1288 4850 habentes
1301 4807 1460 4869 conqruam
1473 4792 1782 4874 insidiatoresque
1795 4799 1942 4854 mnat-

309 4870 368 4932 sibi
383 4871 415 4930 in
438 4873 457 4931 3
479 4871 581 4950 gradu
604 4872 848 4949 consanguinea,
874 4872 940 4935 abit
958 4874 1103 4934 Treviros
1157 4885 1235 4937 tento
1256 4885 1335 4936 statu
1353 4895 1488 4956 persana
1507 4887 1535 4938 et
1553 4877 1703 4959 dipnitate
1724 4878 1856 4940 videatur
1873 4879 1942 4942 indi·

309 4959 527 5034 famulaturae,
546 4957 597 5018 ubi
612 4958 652 5019 ab
667 4958 820 5037 Episcopo
835 4959 1011 5020 'l'revirensi
1026 4961 1103 5022 abti-
1156 4983 1233 5044 pere.
1251 4963 1369 5024 Piasec.
1392 4964 1424 5022 in
1445 4965 1541 5044 praei
1560 4963 1666 5046 Epise.
1684 4985 1717 5048 p.
1735 4971 1763 5042 2,
1778 4985 1804 5028 c.
1830 4971 1860 5042 2,
1878 4967 1938 5028 ait:

310 5051 364 5108 uet
385 5047 650 5126 dispensationem
678 5047 881 5108 contrahendi
915 5067 987 5108 cum
1017 5049 1101 5112 Gaia.
1158 5051 1274 5114 Dicitur
1283 5070 1411 5132 pauper,
1427 5052 1481 5132 qni
1494 5071 1531 5112 ea
1551 5071 1649 5113 annno
1671 5053 1783 5114 redditu
1807 5053 1940 5114 nonreei-

312 5135 462 5210 Oaoeritnr
478 5138 505 5195 l.
522 5137 570 5196 An
585 5133 757 5214 Episcopus
780 5135 973 5196 'trevirensis
997 5143 1104 5215 potue·
1156 5141 1200 5220 pit
1210 5140 1292 5200 ultra
1301 5139 1443 5200 decentem
1452 5141 1697 5203 sustentationem.
1708 5145 1824 5204 Tuscus
1834 5161 1859 5202 o.
1869 5141 1941 5202 Pau·

312 5223 352 5286 rit
366 5241 437 5284 cum
461 5221 542 5284 'litio
566 5221 768 5301 dispensare?
790 5227 818 5283 1.
842 5223 874 5284 Si
893 5222 993 5286 'trtius
1014 5225 1106 5288 iverit
1157 5247 1210 5307 per
1225 5228 1327 5290 Concl.
1348 5231 1416 5304 160,
1433 5228 1493 5289 ait:
1509 5227 1571 5289 Ant
1580 5238 1741 5308 paupertas
1753 5227 1940 5290 caradriutnr

311 5309 456 5372 rtreviros
477 5309 580 5371 auimo
597 5309 757 5371 obtinendi
773 5309 1048 5390 dispensationem,
1064 5332 1104 5374 an
1160 5324 1286 5396 respectu
1299 5316 1373 5376 certi
1384 5324 1476 5384 arten,
1491 5325 1577 5396 puta,
1601 5316 1681 5398 qnod
1701 5315 1828 5377 solvatur
1847 5316 1940 5376 Rornae

312 5398 381 5459 haea
395 5413 457 5460 uon
471 5397 511 5457 sit
524 5395 730 5476 subreptitia?
747 5400 777 5460 3.
795 5397 827 5460 Si
842 5395 1033 5476 dispensatio
1050 5419 1106 5462 va·
1159 5413 1235 5464 certa
1249 5403 1408 5484 quantitas.
1429 5411 1457 5465 et
1471 5404 1524 5484 qni
1536 5423 1592 5465 non
1609 5414 1704 5486 potest
1718 5404 1865 5484 (intellige
1879 5404 1937 5465 sine

313 5486 386 5561 leat,
403 5503 444 5546 an
458 5484 488 5545 vi
503 5485 584 5546 illius
605 5485 740 5548 obtentae
761 5485 859 5565 pessit
880 5486 978 5548 Titius
1002 5487 1103 5551 redire
1160 5489 1286 5552 notabili
1309 5490 1526 5572 incommodo)
1545 5491 1656 5554 dicitnr
1674 5510 1795 5575 pauper.
1821 5493 1879 5554 Aat
1900 5491 1938 5551 ia-

1154 3993 1250 4055 affieit
1274 3991 1388 4072 ipsum,
1414 4011 1516 4073 neque
1539 3992 1571 4053 in
1591 4011 1636 4070 se,
1660 4012 1763 4074 neque
1785 3995 1819 4056 in
1844 3997 1940 4078 aliqua

1155 4099 1210 4142 suo
1226 4081 1354 4154 ellectu3
1372 4098 1458 4160 ergo.

1196 4167 1302 4242 Quasi.
1322 4171 1391 4230 113.
1407 4203 1447 4214 -
1462 4169 1537 4246 Quis
1550 4170 1667 4233 dicatur
1673 4192 1789 4254 pauper
1803 4173 1837 4236 in
1851 4171 1942 4234 ordine
1961 4181 1978 4224 a

1154 4255 1195 4318 ad
1206 4255 1449 4335 dispensationem
1472 4259 1742 4326 matrimonialem
1759 4263 1794 4322 u.
1812 4263 1831 4341 ἓ
1846 4265 1873 4324 l.
1890 4263 1942 4322 No·

1155 4349 1223 4408 tant
1237 4345 1334 4425 aliqui
1349 4364 1421 4407 eum
1440 4345 1500 4408 dici
1523 4349 1653 4429 inopem,
1679 4349 1732 4429 qui
1751 4349 1828 4411 nibil
1843 4350 1939 4420 habet

1155 4453 1284 4515 aperiam,
1309 4435 1362 4514 qui
1387 4453 1448 4496 nou
1473 4435 1569 4497 babet
1587 4438 1659 4499 rita
1673 4439 1864 4512 accesserim
1880 4437 1941 4520 quis
