3974 6348
661 538 712 604 DE
733 539 995 606 Mn'rnntorito
1612 551 1668 616 tet

47 725 130 788 irritet
141 723 390 805 Matrimonium,
407 733 442 788 ut
455 727 551 790 babet
565 728 819 790 communissima
875 736 908 790 tu
938 736 1047 810 sponte
1076 733 1165 812 eligis
1192 734 1446 815 Matrimonium,
1471 741 1506 799 ut
1535 739 1669 801 redimas

45 833 106 876 eum
121 815 150 876 S.
171 815 227 876 Tb.
247 819 334 878 Less.
352 820 461 878 Avers.
477 837 501 876 s.
518 819 557 889 4;
573 815 672 876 Krim.
689 837 719 878 n.
737 819 817 890 3983
876 817 957 878 hane
980 837 1110 897 veram,
1136 824 1245 882 Avens.
1269 842 1293 884 s.
1318 828 1356 896 4;
1382 825 1512 903 Sperell.
1538 825 1599 888 dee.
1626 831 1664 905 6,

46 899 154 978 liugler.
173 921 203 962 n.
219 905 290 979 664,
308 907 418 966 eontra
432 906 506 966 Gov.
524 906 601 966 Nav.
619 906 719 965 Tene.
738 906 816 966 Goh.
874 925 955 968 num.
976 912 1009 985 9,
1033 913 1143 972 contra
1162 909 1249 972 alios.
1270 913 1417 974 Mutendit
1430 913 1490 975 boo
1504 933 1576 976 eum
1599 915 1669 976 aliis

46 1005 160 1068 quorum
174 991 362 1054 seutentiam
377 992 573 1072 probabilem
586 992 817 1055 eensotSanch.
876 997 990 1058 Sanch.
1013 998 1033 1058 l.
1050 1003 1084 1074 4,
1103 997 1134 1060 d.
1156 1002 1204 1076 tt,
1223 1020 1305 1062 num.
1331 1005 1381 1078 96,
1403 1003 1443 1063 ad
1463 1021 1582 1080 casum,
1605 1021 1667 1083 quo

45 1075 64 1134 i.
75 1078 102 1150 4,
118 1073 147 1136 d.
165 1079 212 1154 i'l,
228 1099 259 1140 u.
284 1083 316 1140 4.
338 1081 428 1142 Ratio
447 1084 555 1141 nostra
573 1084 621 1140 ast
639 1080 713 1160 quie
732 1085 820 1142 ueta·
874 1077 1025 1154 Medicus,
1046 1079 1097 1158 qui
1118 1080 1203 1140 eolus
1221 1084 1326 1158 posset
1344 1081 1478 1160 mederi,
1501 1083 1598 1144 nollet
1613 1083 1666 1144 tibi

42 1163 132 1224 biliter
151 1182 214 1226 neu
237 1167 352 1230 minuit
373 1169 562 1246 libertatern,
588 1173 619 1231 et
637 1170 727 1231 facile
747 1187 820 1231 eon·
875 1163 1005 1242 mederi,
1028 1165 1086 1225 nisi
1109 1166 1240 1228 duceres
1262 1167 1455 1248 ejusdliam,
1478 1169 1551 1250 quia
1565 1175 1668 1231 motus

5 1281 6 1330 3
44 1252 125 1314 amni
138 1253 240 1330 potuit
252 1273 291 1316 aa
306 1256 425 1320 debuit,
874 1252 983 1314 mortis
1002 1255 1101 1316 oritur
1120 1274 1158 1314 en
1176 1255 1286 1317 morbo
1307 1257 1385 1334 ipso.
1403 1257 1464 1318 Sed
1481 1257 1511 1318 iu
1528 1257 1587 1318 boe
1601 1275 1668 1318 me-

5 1333 23 1418 ’μ
74 1340 269 1418 §tear-tum
289 1348 346 1421 est,
369 1346 453 1424 quod
472 1347 820 1427 aliquismetusgravis
874 1339 933 1400 lius
948 1342 1133 1403 contradicit
1155 1346 1263 1404 Avens.
1290 1362 1363 1404 nam
1382 1349 1484 1406 metus
1504 1345 1554 1406 ille
1572 1345 1667 1406 etiem

5 1421 8 1494 ἶ
41 1429 191 1507 aliquande
214 1431 319 1494 irritet
341 1434 586 1512 Matrimonium,
611 1437 722 1498 saltem
743 1439 820 1498 lure
874 1429 973 1490 oritur
997 1448 1034 1490 ex
1058 1430 1264 1509 denegatione
1287 1432 1470 1510 medicinae,
1487 1453 1556 1514 quae
1572 1435 1667 1494 dene-

5 1579 7 1582 ,
43 1517 172 1596 positivo,
189 1537 264 1583 nam
280 1519 324 1582 ita
338 1522 435 1584 habet
447 1525 504 1586 ,ius
519 1525 709 1586 eanonicam
730 1527 763 1586 c,
782 1529 819 1585 tt
874 1517 958 1594 gatio
974 1517 1074 1579 tendit
1088 1519 1128 1578 ad
1143 1521 1392 1599 extorquendum
1407 1523 1640 1583 Matrimonium
1658 1540 1664 1582 :

5 1643 7 1662 ,
43 1609 532 1689 2115,Desp0ns‚0ttjt,nehjs‚
550 1631 619 1692 qum
634 1615 665 1676 vj
680 1617 816 1675 mature,
875 1608 906 1665 et
919 1605 1029 1666 similis
1043 1624 1134 1668 casus
1149 1613 1241 1684 essct,
1258 1609 1283 1668 si
1299 1609 1410 1686 puella
1426 1615 1571 1672 extremm
1587 1609 1667 1670 indi-

42 1698 105 1758 iton
124 1697 179 1758 lus
197 1697 291 1760 civile
310 1699 415 1762 multis
435 1701 531 1778 loeis,
553 1702 659 1782 sieque
684 1702 820 1764 ostendit
873 1693 958 1772 Senti
982 1713 1115 1773 11939463
1134 1696 1378 1774 OlssflmOSlflamr
1401 1699 1459 1758 ⁰585
1478 1705 1508 1760 ῑθ
1525 1699 1664 1759 dimmi-

5 1775 7 1786 '
42 1783 129 1860 praxis
145 1785 288 1846 omnium
308 1787 424 1868 ubique
442 1790 661 1868 tribunalium,
680 1809 749 1871 quae
764 1791 820 1852 de.
874 1781 1023 1844 Similiter
1045 1783 1096 1843 ille
1119 1783 1271 1844 indirecte
1295 1786 1390 1864 cogit,
1414 1786 1466 1866 qui
1489 1787 1593 1848 renuit
1612 1787 1667 1846 de-

5 1893 7 1932 ;
41 1871 142 1932 claram
158 1874 362 1937 Matrimonia
384 1896 451 1940 esse
475 1879 516 1940 oh
539 1885 658 1940 metum
678 1881 820 1959 quando·
872 1869 974 1930 hlium
997 1871 1127 1948 Solvere,
1152 1872 1208 1932 nisi
1232 1872 1293 1934 Mile
1314 1875 1549 1936 Matrimonitim
1567 1877 1664 1952 ineat,

42 1977 90 2038 quc
109 1960 259 2024 invalida.
285 1965 333 2024 Aa
357 1969 463 2028 autem
487 1966 582 2028 etiam
604 1969 680 2029 iure
700 1971 819 2028 naturae
873 1959 967 2019 Barb·
983 1960 1082 2021 Krim-
1099 1980 1129 2022 n·
1145 1963 1215 2022 404.
1233 1964 1310 2022 liem
1325 1964 1498 2024 seeundum
1513 1963 1557 2024 De
1570 1961 1664 2032 Lete.

5 2049 7 2130 ξ
41 2047 251 2126 siMinvvdida,
268 2049 467 2114 diceturan,
484 2056 553 2116 669,
874 2045 915 2107 ad
929 2046 1014 2108 Trid.
1035 2047 1105 2110 dist.
1126 2051 1176 2125 26,
1198 2069 1228 2110 n.
1252 2052 1301 2126 36,
1325 2051 1549 2132 pretjudlcaiur
1570 2051 1667 2112 liber·

5 2131 21 2206 ji
71 2137 131 2213 §5.
155 2139 261 2200 Metus
284 2139 325 2200 ah
348 2140 516 2204 intrinseco
540 2144 728 2222 proveniens
756 2163 819 2206 non
873 2135 1126 2198 iatinsscessal'ioe
1141 2138 1329 2198 Matrimonii
1345 2157 1453 2217 perita
1467 2140 1665 2220 omnia,qilae

5 2221 7 2232 “
40 2224 189 2303 invalidat,
210 2226 258 2286 uti
278 2245 337 2290 uec
355 2228 498 2292 incussus
515 2249 535 2292 a
553 2231 655 2294 causis
669 2232 820 2294 naturali·
872 2221 1026 2284 inducunt
1044 2224 1180 2303 speeiem
1200 2241 1311 2304 poenae,
1333 2243 1370 2287 ee
1388 2227 1571 2306 privationis
1586 2227 1665 2308 ejus,

40 2311 96 2386 bus,
110 2312 162 2374 sed
177 2317 214 2376 ut
228 2312 390 2393 invalidet,
412 2317 507 2380 debet
524 2337 544 2379 a
561 2337 657 2382 eausa
675 2320 775 2382 libere
788 2323 820 2381 ei
874 2311 959 2391 (1¹10d
973 2312 1050 2373 alias
1065 2312 1186 2393 dejure
1201 2315 1361 2394 compelii-

5 2427 6 2432 .
41 2399 415 2480 superappositae,
440 2404 579 2484 alioquin
608 2406 722 2468 dieitur
745 2425 819 2468 con·
914 2402 974 2480 §b
997 2401 1064 2462 Dixi
1083 2402 1104 2463 l.
1126 2405 1155 2480 3,
1174 2423 1206 2485 p.
1227 2407 1257 2480 9,
1277 2423 1308 2464 e.
1329 2407 1399 2481 634,
1415 2410 1535 2467 metum
1550 2405 1665 2486 injuste
1693 2415 1734 2464 0⁵³

5 2519 9 2576 ,
39 2489 132 2566 ceptus
154 2506 173 2548 a
190 2489 370 2565 metuente,
391 2495 423 2550 et
441 2509 504 2552 non
522 2492 679 2571 incussus,
696 2496 816 2573 Sperel.
873 2490 1033 2552 incussum
1048 2509 1110 2552 nou
1124 2491 1297 2552 invalidare
1313 2497 1524 2570 contractum,
1541 2493 1667 2555 docent-

40 2570 88 2632 der.
110 2575 156 2649 79,
181 2595 213 2636 n.
240 2578 292 2636 40.
318 2577 382 2636 Nee
405 2577 557 2640 invalidat
579 2578 619 2640 ab
645 2582 818 2643 extrinseco
874 2577 1034 2657 quoidam
1053 2579 1092 2639 de
1112 2580 1309 2641 Matrimonia
1329 2599 1401 2641 eum
1418 2582 1576 2642 communi
1592 2583 1667 2660 Spe-

37 2658 105 2738 juste
126 2661 271 2724 incussus
294 2664 469 2726 seeundum
492 2667 625 2730 dicenda
648 2688 679 2730 u.
702 2671 772 2731 653.
794 2672 819 2732 lt.
874 2667 941 2727 rell.
967 2665 1027 2728 dee.
1051 2670 1069 2728 3
1090 2676 1118 2728 et
1136 2670 1175 2740 6;
1196 2668 1324 2746 Kugler.
1341 2688 1403 2729 an.
1421 2673 1499 2741 6853
1516 2668 1663 2729 Busemb.

5 2775 7 2816 v
41 2755 132 2810 eontra
144 2749 262 2830 injuste
276 2751 420 2814 incussus
438 2753 533 2816 ctiam
552 2755 592 2816 eb
607 2757 712 2836 aliquo
728 2758 818 2819 tertio
874 2754 952 2814 deris
967 2771 1023 2832 pro
1039 2755 1196 2833 exemplo,
1216 2764 1250 2815 ut
1268 2754 1294 2814 si
1310 2753 1485 2835 deprehenso
1500 2754 1668 2816 incrimine

5 2903 6 2906 Ἴ
39 2837 185 2917 iuvulidat,
210 2839 289 2920 quia
310 2841 474 2922 aequaliter
496 2843 601 2906 reddit
623 2849 819 2908 contractum
873 2859 939 2902 cum
952 2841 1031 2923 filie,
1047 2842 1170 2902 mt'eerie
1188 2843 1415 2910 accusationem,
1437 2841 1498 2902 niti
1512 2839 1668 2903 illamde-

5 2917 7 2962 3
39 2924 288 3005 involuntarium,
315 2931 488 2998 seeundum
512 2931 596 2994 diota
619 2932 641 2994 l.
668 2937 705 3010 3,
724 2954 760 3015 p.
785 2939 815 3011 2,
873 2930 1085 2991 cet¹.G0ntra
1100 2931 1184 3009 quod
1199 2931 1323 2992 videtur
1336 2929 1439 2990 iacere
1454 2931 1529 3008 Cap.
1546 2929 1668 2990 Veniens

5 2971 8 3104 Ι
39 3035 63 3075 u.
74 3018 136 3092 646,
152 3017 310 3098 docetque
325 3036 397 3082 cum
416 3021 575 3082 communi
597 3025 708 3084 Avera.
731 3043 761 3104 q.
785 3027 815 3101 4,
873 3019 917 3078 De
931 3016 1067 3094 sponsal.
1091 3021 1122 3078 et
1144 3019 1235 3079 Matr.
1259 3036 1333 3078 nam
1354 3035 1426 3078 eum
1445 3022 1535 3096 pater
1553 3017 1666 3095 puellae

5 3127 6 3156 ;
38 3121 57 3162 r.
70 3105 94 3179 9,
107 3111 138 3165 et
153 3105 272 3183 probat
289 3125 329 3168 ex
348 3111 483 3187 utroque
501 3110 588 3185 lure,
606 3111 737 3188 Sperell.
754 3110 814 3172 der.
872 3105 965 3166 simul
984 3105 1016 3165 in
1039 3124 1100 3166 uno
1120 3106 1199 3168 lecto
1219 3107 1380 3168 inveniens
1395 3099 1508 3185 ipsum,
1526 3123 1596 3166 eam
1610 3123 1667 3184 per

5 3253 7 3262 ,
39 3193 78 3267 45,
96 3211 123 3252 n.
146 3197 196 3270 74,
218 3193 306 3273 quod
333 3211 443 3256 verum
464 3201 527 3273 est,
550 3197 693 3275 quamvis
715 3198 755 3259 sit
777 3199 816 3259 de
872 3195 970 3254 verba
984 3194 1023 3254 de
1038 3194 1183 3272 praesenti
1199 3195 1389 3274 desponsare
1400 3193 1563 3274 coegisset,
1575 3194 1664 3256 Alex.

40 3274 106 3338 maio
120 3295 179 3338 nou
197 3281 324 3342 tentum
340 3282 552 3359 contrahenti,
569 3284 735 3346 sedetiam
748 3286 817 3348 aliis
871 3283 912 3343 Ill
926 3281 1066 3359 mandet,
1082 3283 1143 3343 nisi
1155 3292 1233 3345 metu
1246 3290 1380 3351 coactus,
1402 3283 1456 3364 qui
1469 3291 1561 3364 posset
1575 3284 1609 3343 in
1622 3283 1667 3344 oi-

5 3415 7 3458 ,
39 3363 193 3444 propinqua
212 3366 390 3447 conjunctis
409 3368 572 3431 inferendo
589 3390 597 3432 ε
614 3372 698 3450 quod
719 3373 816 3454 aliqui
871 3391 938 3431 rum
952 3379 1128 3432 constantem
1147 3371 1265 3441 radere,
1287 3391 1350 3434 eom
1368 3371 1596 3453 desporuoeerit,
1612 3371 1668 3434 ed·

5 3459 7 3526 t
39 3449 107 3524 und
119 3454 229 3514 rivers.
246 3462 314 3515 sect.
331 3456 365 3531 3,
386 3455 559 3518 extendunt
574 3457 618 3518 ed
632 3461 816 3538 consangui·
871 3459 982 3522 herae
994 3459 1097 3540 saccea,
1114 3470 1147 3522 ut
1160 3463 1252 3524 acori
1267 3481 1276 3522 :
1292 3481 1367 3542 ergo
1381 3462 1407 3522 si
1422 3479 1462 3523 ex
1475 3467 1561 3523 metu
1576 3461 1666 3542 gravi

5 3551 7 3612 ξ
39 3551 115 3614 neos,
138 3541 187 3600 vel
211 3540 342 3620 affines,
368 3543 463 3606 etiam
485 3545 646 3623 usquead
670 3553 816 3626 quartum
871 3547 1030 3623 inivisset,
1060 3548 1294 3610 Matrimonium
1317 3553 1399 3610 esset
1425 3547 1568 3626 irritum,
1592 3548 1667 3610 lieet

5 3627 8 3706 ¹,
39 3624 153 3698 gradum
174 3648 181 3689 :
203 3629 270 3692 imo
292 3631 378 3694 idem
399 3633 508 3694 dicunt
530 3633 620 3694 multi
644 3653 717 3698 eum
736 3638 813 3700 Gob.
870 3639 972 3698 metes
987 3637 1038 3696 ille
1053 3641 1135 3698 esset
1145 3636 1259 3718 justus.
1282 3640 1318 3698 n.
1336 3639 1453 3698 Motum
1468 3636 1556 3696 iilum
1571 3637 1666 3697 tuisse

5 3725 6 3740 ²
39 3716 70 3772 tr.
83 3717 110 3790 9,
124 3735 152 3778 a.
169 3720 243 3796 946,
258 3721 402 3798 quemvis
417 3727 499 3782 esset
512 3721 552 3782 de
566 3722 649 3784 malo
665 3730 816 3787 eventura
871 3725 1040 3805 injustum,
1067 3724 1141 3803 quia
1162 3729 1252 3803 pater
1269 3723 1321 3785 ille
1340 3724 1453 3805 injuste
1468 3723 1604 3784 minatus
1620 3725 1667 3784 eet

5 3803 6 3876 ζ
39 3797 121 3880 elteri,
136 3804 189 3884 qui
204 3807 383 3870 deotissime
397 3808 535 3870 muioitia
549 3815 596 3872 esi
609 3810 814 3891 conjunctum
871 3831 943 3874 cum
962 3813 1086 3892 privata
1105 3813 1290 3874 auctoritate
1309 3813 1455 3891 plectere.
1477 3813 1502 3872 Ε
1517 3815 1626 3872 eontra
1640 3809 1665 3868 si

5 3927 6 3976 3
39 3904 94 3966 que
115 3893 197 3955 cuim
219 3897 370 3959 eveniunt
387 3897 432 3960 ita
450 3897 629 3980 conjuncto,
651 3907 817 3964 censentur
871 3905 994 3964 mnium
1016 3899 1153 3961 minutus
1176 3900 1285 3962 fuisset
1299 3917 1447 3961 accusare
1469 3897 1554 3977 apud
1576 3895 1667 3959 ludi-

5 3981 7 4066 i
39 3973 84 4054 ipsi
100 3983 241 4060 evenire,
261 3984 319 4046 sed
337 3986 530 4064 probabilius
546 3987 670 4050 videtur
684 4007 746 4050 non
761 3988 817 4048 im·
871 4005 951 4062 cem,
964 3990 996 4049 et
1009 3987 1049 4048 ab
1065 3987 1124 4048 boo
1139 4005 1309 4066 procurare
1325 3985 1392 4067 ejus
1405 4003 1543 4064 poenam,
1556 3985 1667 4045 luisset

5 4069 7 4140 i
38 4062 146 4144 pedire,
170 4068 233 4130 nisi
255 4067 296 4131 sii
316 4069 355 4132 de
374 4071 456 4132 malo
480 4072 622 4151 proxime
641 4072 817 4154 conjunctis
867 4074 951 4154 juste
966 4075 1241 4152 transuectum
1255 4073 1409 4136 irritasset
1417 4072 1662 4148 Matrimonium,

5 4175 7 4222 2
38 4147 182 4236 intentato,
209 4175 275 4218 non
297 4157 380 4218 enim
399 4159 444 4220 ita
462 4159 587 4222 videtur
604 4165 734 4241 tangere
752 4181 816 4224 ma·
872 4162 1046 4223 communis
1061 4179 1133 4222 eum
1143 4165 1253 4223 Avers.
1270 4181 1300 4242 q.
1317 4165 1347 4238 4,
1364 4181 1387 4223 e.
1399 4165 1429 4220 4.
1442 4159 1521 4222 Vide
1532 4159 1663 4239 Sperell.

5 4223 7 4290 i
38 4235 90 4336 ium
109 4241 194 4306 alteri
220 4245 341 4323 amico,
366 4247 415 4308 vel
439 4253 558 4312 remote
582 4250 815 4330 consanguineo
871 4247 932 4312 dee.
951 4254 981 4312 6.

39 4325 150 4394 riuum.
911 4341 929 4419 ἓ
950 4343 980 4402 8.
1007 4337 1039 4402 Si
1063 4338 1164 4401 iudex
1184 4336 1357 4400 secundmn
1376 4336 1526 4419 allegata,
1549 4341 1580 4398 et
1593 4353 1666 4416 pro·
1691 4348 1733 4395 eea

5 4389 22 4502 b
68 4417 121 4496 §a
138 4421 170 4483 Si
183 4426 291 4485 metue
313 4423 354 4485 sit
371 4424 484 4505 injusto
503 4426 657 4504 incussus,
679 4427 735 4489 sed
754 4447 817 4490 nou
871 4427 945 4490 bata
956 4425 1050 4507 juste,
1068 4429 1205 4488 attamen
1222 4428 1326 4505 reipsa
1340 4423 1465 4505 injusto,
1483 4425 1557 4506 quia
1570 4429 1665 4487 testes

38 4503 71 4564 ad
93 4511 340 4591 extorquendum
373 4531 560 4575 eonsensum
592 4515 624 4574 in
656 4516 817 4578 Matrimo-
871 4516 983 4576 falsum
1007 4515 1234 4594 deposuerunt,
1255 4521 1341 4576 metu
1365 4516 1453 4595 gravi
1478 4515 1586 4594 adigat
1608 4513 1666 4575 ali-

39 4591 126 4676 uium,
146 4616 210 4660 non
229 4599 350 4678 irritat,
366 4601 540 4664 seeundum
555 4602 639 4666 dieta
652 4604 673 4664 l.
691 4607 720 4681 3,
732 4624 767 4685 p.
783 4609 814 4682 2,
872 4621 982 4683 quem,
1006 4608 1041 4665 ut
1062 4603 1200 4684 aliquam
1222 4603 1331 4682 ducat,
1349 4603 1464 4665 Sanob.
1482 4603 1502 4664 l.
1519 4607 1549 4680 4,
1565 4601 1595 4662 d.
1614 4604 1663 4679 44,

5 4735 6 4740 ,
39 4699 62 4740 e.
75 4686 136 4764 639,
156 4691 307 4768 tenetque
329 4689 422 4751 eiiam
448 4691 622 4752 communis
643 4710 716 4753 eum
740 4694 817 4770 Spe·
870 4711 900 4752 u.
917 4694 947 4766 8,
964 4696 1054 4770 putat
1067 4691 1301 4753 matrimonium
1321 4693 1446 4765 valere;
1467 4690 1524 4753 sed
1543 4690 1681 4770 opposis

5 4837 7 4854 ,
39 4769 92 4830 ren
115 4773 172 4836 dee.
199 4780 250 4854 79,
275 4795 307 4838 o.
330 4781 379 4855 44,
404 4779 478 4858 quia
495 4785 567 4846 tum
587 4780 761 4858 respective
776 4780 817 4842 ud
870 4783 938 4840 tum
962 4785 1009 4842 esi
1031 4781 1239 4860 probabilius,
1265 4781 1340 4860 quia
1360 4785 1499 4843 extortus
1523 4785 1571 4842 est
1593 4797 1665 4840 eon-

5 4859 7 4922 ἐ
39 4855 272 4942 Matrimonium,
294 4865 419 4927 videtur
437 4867 539 4946 potius
560 4885 627 4930 esse
646 4868 687 4930 ab
707 4867 818 4930 intrin-
871 4885 980 4930 seusus
990 4872 1076 4931 metu
1091 4869 1195 4948 reipsa
1211 4868 1336 4950 injusto,
1350 4871 1440 4931 Puni.
1450 4869 1662 4930 Diandvcrs.

5 4929 7 5024 ἔ
39 4960 114 5022 tecm
134 4949 208 5014 bino
222 4952 248 5014 si
263 4954 362 5016 Titius
375 4973 414 5015 ex
429 4955 500 5016 odio
515 4955 648 5020 intentet
662 4957 718 5019 tibi
732 4975 818 5018 mor·
870 4972 972 5034 supro.

5 5033 7 5120 i
39 5033 100 5112 iem,
115 5041 145 5100 et
161 5043 196 5102 tu
219 5040 259 5102 ob
280 5040 365 5103 hune
385 5047 504 5106 metum
526 5046 637 5108 mortis
660 5046 817 5124 spondeas
910 5043 971 5120 §a
988 5043 1110 5106 Sufficit
1125 5048 1225 5107 metus
1244 5043 1318 5106 mali
1337 5044 1460 5124 gravis,
1477 5043 1542 5104 sive
1558 5042 1667 5104 sitab-
1692 5056 1735 5104 aee

5 5122 7 5222 i
39 5117 135 5188 decere
150 5128 220 5208 ejus
233 5127 343 5209 filiam,
355 5131 472 5196 valebit
485 5133 730 5211 Matrimonium,
743 5133 818 5214 quia
871 5131 986 5209 solute,
1009 5132 1075 5195 sive
1098 5137 1221 5196 tantum
1245 5133 1418 5212 respective
1442 5149 1550 5212 grave,
1577 5147 1666 5213 aeque

64 5422 124 5481 ¹Sic
142 5433 224 5485 etium
239 5435 341 5500 pluries
361 5437 499 5503 rescripsit
516 5441 542 5492 S.
558 5439 585 5490 G.
602 5441 632 5490 ut
647 5440 675 5488 in
693 5437 815 5489 Ventimii.
871 5441 931 5504 npr.
949 5441 1017 5501 troi,
1028 5437 1153 5504 aliisque,
1170 5453 1230 5504 quie
1245 5443 1364 5494 uitentur
1379 5441 1406 5493 in
1423 5443 1582 5493 Crotoniensi
1590 5441 1666 5494 Matr.

38 5497 100 5558 &ir-
117 5506 155 5566 at,
177 5507 240 5570 apr.
261 5509 332 5570 titi,
353 5511 380 5562 in
402 5511 514 5575 lemtim
532 5511 663 5563 Matutam
680 5513 755 5563 Matr.
771 5513 817 5572 23,
870 5511 898 5560 Τ.
909 5514 933 5574 7,
949 5525 974 5573 p.
990 5511 1030 5571 66,
1046 5511 1126 5562 Resol.
1142 5513 1169 5562 S.
1186 5511 1213 5562 C.
