3974 6348
345 537 402 602 {tt

345 725 514 790 coactionis
541 724 679 786 declaret
702 721 951 798 Matrimonium,
978 725 1009 784 ct
1031 723 1135 801 proles

344 813 510 893 legitimas.
536 811 697 889 Quoeritur,
718 829 758 870 an
773 809 805 869 id
820 809 886 869 lieri
900 808 1021 887 possit?
1044 809 1133 871 Ratio

344 901 507 964 dubitandi
522 905 578 978 est,
596 897 818 980 quia'lridcnt.
834 900 961 974 111115,
978 897 1013 957 dc
1027 895 1131 978 Requi.

344 1009 409 1071 rap.
427 989 568 1068 11111111
590 988 777 1067 Regularem
789 987 885 1048 talam
900 1004 962 1047 non
985 1005 1052 1048 csse
1081 1005 1134 1047 au-

344 1080 504 1155 diendum,
519 1077 580 1139 oiri
593 1079 675 1138 intra
686 1076 916 1160 quinquennium
929 1084 1042 1136 tautum
1056 1094 1075 1134 c
1089 1074 1135 1136 dre

340 1167 529 1248 professionis
551 1185 665 1226 causam
688 1163 841 1226 deduceret
862 1183 960 1226 corum
979 1163 1135 1244 Superrbre

343 1275 403 1333 suo,
429 1265 456 1318 ct
470 1255 635 1317 ordinario.
656 1252 740 1329 (lucri
752 1254 779 1313 si
789 1262 876 1314 anteo
889 1253 1023 1314 hobitum
1037 1261 1135 1333 sponte

343 1345 496 1423 dimiserit,
520 1344 687 1407 nullatenus
709 1342 749 1405 ad
762 1342 950 1424 alteqaudum
963 1361 1135 1423 quamcum-

343 1454 399 1516 que
412 1454 528 1498 causum
542 1433 732 1502 admittatur,
753 1432 803 1494 sed
815 1433 857 1494 ad
869 1433 1076 1494 Monasterium
1090 1451 1134 1492 re-

342 1522 406 1585 dire
418 1533 552 1606 11911111,
568 1531 596 1584 11
609 1533 749 1604 tunquam
763 1531 895 1603 apostata
907 1522 1065 1602 puniatur.
1083 1519 1132 1581 ui-

343 1612 511 1673 hilominus
534 1616 669 1691 quotuor
688 1612 837 1672 Doctores
852 1610 1020 1671 Facultutis
1033 1610 1132 1671 Theo-

343 1700 451 1780 logicae
466 1701 601 1762 Colonia
623 1705 774 1778 putarunt
786 1701 803 1762 J
807 1698 930 1759 udicem
945 1698 1132 1759 ecclesiasti-

343 1807 414 1850 cum
429 1788 532 1849 adhuc
546 1805 636 1867 posse
651 1788 810 1848 declarare
826 1787 1050 1865 professionem
1066 1786 1133 1847 irri-

343 1881 419 1955 tam,
442 1876 674 1940 Matrimonium
696 1883 727 1938 et
749 1877 851 1955 proles
876 1895 942 1936 csse
964 1876 1128 1954 legitimae,

343 1965 417 2044 quin
430 1965 607 2044 ignorantia
620 1967 636 2027 J
641 1965 704 2025 uris
720 1963 885 2024 excusatio
897 1981 972 2024 sexu
982 1964 1129 2026 femineo.

342 2055 381 2115 ut
394 2053 516 2130 mulier,
542 2055 576 2113 ut
598 2053 699 2132 inquit
713 2053 810 2114 Gloss.
827 2070 891 2112 nou.
908 2051 1080 2112 incutient.
1097 2050 1133 2112 de

342 2142 440 2203 ineest.
466 2162 539 2224 nup.
564 2142 634 2221 §13
659 2141 812 2218 Muscard,
830 2140 865 2201 de
879 2139 995 2221 prodat.
1020 2141 1078 2203 vol.
1101 2145 1129 2220 l,

341 2231 434 2292 couci.
450 2235 500 2310 rt,
516 2252 596 2293 num.
612 2235 642 2307 a,
667 2230 724 2292 ool.
741 2234 771 2307 2,
787 2230 878 2290 conci.
896 2233 984 2306 1080,
1000 2251 1081 2292 uum.
1098 2235 1128 2308 o,

342 2318 465 2397 ignorat
487 2337 544 2380 sua
563 2319 646 2400 jura,
681 2318 795 2398 quidve
817 2317 874 2397 ipsi
899 2323 1066 2397 competat.
1092 2322 1132 2381 ut

341 2427 413 2468 cum
435 2427 485 2468 res
503 2409 625 2488 integra
648 2426 710 2470 non
734 2408 788 2486 sit,
814 2409 1068 2486 praesumendum
1091 2411 1130 2470 do

340 2497 532 2576 benignitate
554 2497 660 2559 Matris
684 2496 847 2574 Ecclesia,
873 2496 957 2577 quod
980 2497 1130 2578 conjuges

340 2582 408 2644 illos
424 2585 500 2646 nolit
513 2604 640 2647 manere
655 2585 686 2645 in
700 2585 859 2665 perpetuis
874 2587 996 2665 animae,
1016 2592 1048 2648 et
1061 2605 1131 2648 cor-

341 2670 425 2748 poris
439 2673 600 2753 angustiis.

383 2757 475 2821 Casus
487 2764 516 2822 3.
533 2762 626 2822 Gaius
640 2764 737 2840 metu,
755 2781 849 2843 quem
866 2764 999 2842 probare
1014 2767 1127 2843 potest,

340 2855 477 2928 coactus,
502 2851 605 2912 verbis
626 2855 748 2913 tuntum
771 2853 906 2914 externis
925 2853 991 2914 sine
1006 2854 1129 2914 interno

340 2939 444 3000 animo
455 2940 776 3019 fecitprolessionem3
793 2947 935 3003 cessante
946 2942 1129 3003 intratrien-

340 3028 427 3089 nium
441 3033 661 3105 consumetur,
687 3029 791 3092 statim
805 3034 995 3110 protestatur
1008 3036 1127 3108 contra,

339 3117 395 3178 sed
419 3134 482 3177 non
505 3116 631 3178 auditur
645 3135 664 3177 a
678 3117 908 3196 Superioribus,
929 3137 987 3179 neo
1001 3118 1130 3197 permit·

338 3205 414 3266 titur
428 3204 595 3282 implorare
610 3204 821 3282 ordinarium,
845 3207 908 3268 imo
923 3207 956 3267 in
971 3225 1130 3267 carcerom

339 3292 514 3373 conjicitur,
537 3311 555 3353 e
579 3311 641 3372 quo
665 3293 803 3371 elabcns,
823 3294 930 3373 lugam
945 3295 1065 3373 arripit,
1082 3295 1129 3355 di-

338 3381 432 3441 misso
457 3379 564 3442 habitu
588 3399 627 3442 ea
648 3380 829 3450 intentione,
855 3386 890 3444 ut
909 3383 992 3444 intra
1005 3388 1128 3462 tempus

339 3468 542 3549 quinquennii
566 3469 623 3529 sibi
647 3469 799 3530 currentis
825 3470 970 3548 imploret
996 3471 1129 3533 Ordina-

338 3557 431 3618 rium.
447 3560 564 3619 lterum
579 3557 791 3637 deprehensus
802 3558 965 3640 conjicitur
977 3559 1009 3619 in
1024 3560 1127 3620 durio·

339 3664 406 3707 rem
416 3663 584 3723 carcerem,
596 3646 724 3707 taudem
733 3646 955 3727 interrogatur,
967 3668 1043 3710 num
1057 3667 1127 3728 pro-

338 3735 504 3796 fessionem
534 3753 624 3795 suam
653 3735 748 3796 vellet
775 3736 947 3812 rectificare,
974 3742 1029 3798 aut
1050 3739 1127 3799 alies

339 3822 481 3884 damnari
503 3825 653 3902 perpetuo
677 3823 731 3883 tali
745 3841 890 3898 carcere;
916 3843 1049 3906 cumque
1066 3845 1127 3887 nun

339 3915 421 3974 esset
443 3911 528 3972 aliud
552 3911 706 3972 evadendi
727 3912 877 3990 medium,
904 3915 995 3975 Caius
1017 3916 1129 3977 obtulit

338 4000 586 4078 ratificationem,
611 4000 667 4060 sed
690 4019 752 4061 non
770 4001 860 4062 aliter
872 4001 1015 4081 ratiticat,
1033 4023 1128 4084 quam

338 4089 424 4170 prius
438 4090 523 4151 illam
537 4090 664 4167 lecerat,
676 4090 793 4151 scilicet
803 4090 868 4152 sine
883 4092 987 4154 auimo
1002 4112 1034 4154 se
1050 4093 1129 4154 obli-

337 4179 444 4258 gandi.
469 4180 562 4242 Liber
581 4179 682 4241 lactus
709 4179 817 4240 habita
837 4181 999 4243 occasione
1014 4182 1127 4244 iterum

338 4269 426 4348 sugit,
439 4269 493 4330 sad
504 4289 575 4330 cum
586 4269 694 4330 nullibi
705 4273 790 4332 tutus
800 4270 992 4348 consisteret,
1009 4289 1047 4332 ex
1057 4272 1128 4332 des-

339 4356 511 4435 peratione,
537 4357 655 4428 militiae
679 4376 792 4419 nomen
807 4358 903 4436 dedit,
922 4377 978 4420 nec
993 4359 1127 4438 amplius

338 4445 385 4505 sui
406 4444 497 4525 juris,
522 4463 579 4524 pcr
593 4463 691 4507 annos
707 4450 753 4523 12,
777 4447 809 4506 in
824 4465 861 4508 ea
875 4448 1001 4509 mansit.
1019 4449 1128 4509 lledux

338 4533 410 4594 inde
434 4533 637 4613 reassumpsit
659 4553 766 4596 coram
789 4535 953 4598 Ordinario
968 4555 1058 4596 suam
1073 4535 1127 4596 de-

337 4621 558 4682 cierationem:
575 4620 629 4682 sed
639 4621 766 4685 fortuito
784 4623 923 4684 incidens
937 4625 969 4684 in
984 4625 1127 4687 notitiam

339 4726 409 4768 cum
417 4708 502 4784 Gaia,
512 4726 585 4768 cum
595 4708 664 4787 hac,
676 4713 775 4771 totum
785 4711 1125 4792 negotiumignorantc,

337 4795 494 4857 contrahit
514 4796 746 4858 Matrimonium
769 4797 800 4858 in
824 4798 902 4860 lucie
922 4799 1079 4877 Ecclesia,
1096 4804 1127 4862 ct

338 4905 376 4949 er.
385 4901 423 4945 ea
433 4887 495 4945 tres
505 4885 607 4964 proles
617 4885 756 4947 suscitat.
775 4886 962 4965 Ouoeriturl,
980 4907 1020 4950 an
1034 4888 1126 4950 Caius

337 4973 435 5052 possit
458 4973 497 5033 ub
512 4974 676 5035 Ordinario
700 4975 757 5035 loci
784 4977 902 5038 restitui
921 4977 953 5037 in
969 4977 1126 5056 integrum

337 5065 446 5124 contre
459 5062 581 5140 lapsum
596 5063 824 5144 quinquennii?
846 5069 875 5127 1).
891 5069 950 5143 An,
968 5070 1003 5126 ut
1016 5065 1127 5127 audia-

336 5159 388 5211 tur
401 5149 441 5211 ab
456 5150 620 5212 Ordinario
631 5158 662 5212 et
674 5153 841 5232 Superiora
855 5153 927 5230 loci,
945 5171 961 5212 e
977 5170 1038 5233 quo
1053 5171 1127 5232 pro·

336 5237 426 5318 lugit,
438 5239 580 5318 compelli
591 5241 705 5302 debeat
716 5242 757 5303 ad
767 5242 1024 5304 reassumendum
1038 5243 1125 5321 prius

337 5325 501 5388 habitum?
879 5395 880 5398 Ἴ

376 5414 543 5496 Repende
556 5415 595 5477 ad
608 5417 836 5496 l,afllrmative:
850 5420 962 5492 tQuia
971 5421 1124 5486 restitutio

337 5509 367 5572 in
377 5509 533 5588 integrum
549 5525 709 5590 nunquam
723 5507 906 5591 intelligitur
920 5511 1049 5588 inclusa,
1067 5509 1124 5572 nisi

987 528 1060 598 tta.
1085 533 1135 600 Vl.
1159 533 1260 598 PARS
1282 529 1333 598 ltl.

1188 722 1366 802 specialiter
1374 722 1593 802 sitprohibita.
1612 723 1715 786 Serio.
1732 727 1765 787 ct
1779 721 1832 786 alii
1846 741 1963 788 11111111-

1188 813 1280 888 niter,
1305 812 1361 874 sed
1386 829 1447 873 non
1463 819 1510 874 est
1524 813 1681 892 prohibita
1695 813 1726 873 iu
1742 829 1819 876 casn
1835 814 1901 891 boc,
1914 833 1963 893 quo

1188 897 1300 978 injuste
1323 907 1438 980 negata
1451 907 1499 962 est
1512 901 1613 964 omnis
1635 902 1687 964 via
1701 902 1903 980 reclamandi,
1917 921 1962 964 nec

1187 985 1273 1046 ullibi
1296 989 1388 1066 Papae
1401 993 1581 1050 reservatur
1594 991 1748 1053 restitutio
1764 992 1795 1052 in
1811 991 1961 1070 integrum.

1187 1077 1321 1153 Zypaeus
1344 1076 1374 1136 in
1397 1076 1526 1158 Anolysi
1539 1077 1625 1139 ture
1638 1079 1725 1140 Pont.
1743 1079 1780 1140 de
1793 1079 1865 1161 lqu.
1881 1099 1908 1140 u.
1921 1083 1960 1140 ll.

1187 1166 1215 1224 2.
1233 1163 1326 1225 Caius
1338 1165 1520 1228 reclamavit
1534 1171 1606 1228 ante
1621 1168 1743 1246 lapsum
1760 1167 1960 1248 quinquennii,

1188 1252 1272 1331 quod
1287 1253 1361 1315 satis
1376 1259 1434 1329 ost,
1461 1272 1524 1315 non
1540 1254 1623 1315 enim
1638 1257 1822 1336 requiritur,
1839 1261 1873 1318 ut
1885 1275 1963 1318 causo

1187 1341 1365 1404 absolvatur
1384 1347 1457 1405 ante
1472 1345 1733 1424 quinquennium,
1750 1347 1781 1408 3.
1799 1345 1963 1408 ordinarius

1187 1434 1290 1508 potest
1303 1431 1334 1491 in
1345 1451 1402 1493 sua
1413 1432 1551 1510 dioecesi,
1572 1433 1656 1513 quod
1671 1437 1758 1512 Papa
1773 1435 1804 1495 iu
1820 1433 1903 1510 orbe,
1917 1434 1961 1494 nisi

1186 1518 1363 1596 specialiter
1385 1527 1562 1583 reservetur
1585 1522 1635 1583 vel
1649 1522 1867 1601 prohibeatur,
1883 1523 1960 1584 Barb.

1186 1605 1221 1667 de
1235 1607 1308 1688 jure
1329 1609 1396 1670 eccl.
1423 1608 1477 1670 tit.
1495 1614 1524 1687 l,
1541 1629 1605 1692 cap.
1627 1614 1656 1688 8,
1673 1631 1756 1672 num.
1773 1615 1831 1684 20;
1848 1611 1959 1690 Sperell.

1186 1693 1245 1756 dec.
1263 1700 1332 1774 110,
1357 1700 1502 1768 11111111,
1524 1704 1556 1758 et
1568 1697 1654 1759 Trid.
1671 1698 1703 1758 in
1719 1699 1865 1761 omnibus
1878 1699 1961 1760 causis

1186 1785 1330 1846 concedit
1338 1786 1472 1864 primam
1483 1785 1661 1848 instantiam
1673 1787 1859 1863 ordinariis,
1871 1805 1961 1864 excep

1186 1874 1224 1932 tis
1238 1873 1312 1933 solis
1326 1874 1427 1934 causis
1451 1874 1622 1936 tractandis
1645 1875 1822 1936 secundum
1840 1878 1961 1936 Ganones

1186 1960 1394 2040 apudSedem
1403 1963 1615 2042 Apostolicam
1632 1983 1639 2024 :
1657 1964 1743 2043 quod
1755 1963 1796 2024 de
1812 1965 1872 2026 hac
1884 1983 1959 2025 cuum
1983 2003 1984 2006 =

1185 2050 1293 2111 nullibi
1309 2050 1431 2112 dicitur.
1444 2049 1481 2112 Si
1489 2050 1577 2111 ditos:
1590 2051 1775 2112 Ordinarius
1792 2051 1910 2112 videtur
1921 2049 1959 2108 bic

1185 2159 1253 2200 csse
1273 2140 1446 2220 delegatae,
1471 2141 1632 2220 delegatus
1655 2145 1763 2202 autem
1787 2159 1851 2202 non
1876 2143 1959 2218 potest

1185 2229 1347 2290 restituere
1361 2229 1393 2289 in
1407 2229 1577 2308 integrum,
1593 2231 1656 2307 Cap
1677 2227 1800 2306 Causas,
1818 2227 1853 2288 de
1865 2223 1958 2287 1111111

1185 2318 1292 2399 ioteqr.
1310 2320 1402 2396 Resp.
1420 2337 1450 2379 n.
1468 2336 1535 2378 csse
1550 2317 1741 2397 delegatum,
1759 2336 1835 2378 nam
1849 2314 1925 2376 11111.
1938 2331 1956 2373 1.

1184 2410 1234 2484 25,
1250 2426 1277 2468 c.
1295 2409 1342 2484 lo,
1358 2405 1394 2466 de
1406 2403 1513 2487 Requl.
1526 2405 1612 2482 dicit,
1624 2423 1751 2466 causam
1767 2404 1917 2484 pertinere
1928 2400 1957 2460 ud

1184 2494 1394 2562 Ordinarium,
1421 2500 1453 2556 ot
1467 2495 1668 2574 Superiorem
1684 2495 1875 2574 regularem,
1891 2490 1958 2550 nulle

1185 2585 1265 2646 lacto
1280 2586 1436 2648 mentione
1451 2584 1658 2663 delegationis
1674 2604 1681 2645 :
1708 2589 1741 2644 et
1758 2583 1834 2644 licet
1847 2579 1957 2642 Ordine·
1982 2611 1984 2642 ι

1184 2675 1230 2736 rio
1245 2673 1296 2754 adj
1301 2679 1393 2737 uncte
1402 2675 1443 2736 sit
1453 2673 1627 2754 jurisdictio
1642 2673 1736 2734 etiam
1750 2673 1838 2733 olma
1851 2687 1958 2746 eremp-

1184 2768 1243 2840 tos,
1259 2783 1316 2842 per
1328 2765 1390 2825 tale
1410 2762 1659 2824 additamentum
1672 2779 1735 2822 non
1749 2760 1792 2820 sit
1802 2755 1957 2840 jurisdictio

1184 2851 1339 2930 delegata,
1357 2850 1495 2930 Salgado
1508 2849 1544 2911 de
1558 2857 1660 2910 retent.
1682 2847 1768 2908 Butt.
1787 2869 1823 2929 p.
1839 2850 1867 2908 2.
1883 2865 1905 2906 c.
1918 2847 1954 2905 15.

1184 2939 1262 3003 Vide
1282 2940 1321 3001 de
1343 2943 1427 3002 Luca
1449 2938 1485 3000 de
1505 2939 1610 3020 Requi.
1631 2937 1662 3000 d.
1682 2940 1712 3016 8,
1733 2957 1764 2998 n.
1790 2940 1808 2996 1
1829 2944 1856 2996 et
1872 2934 1899 2996 d.
1920 2935 1954 3008 lo,

1183 3051 1213 3091 u.
1233 3032 1280 3091 13.

1224 3117 1390 3200 despondeo
1410 3117 1450 3180 cd
1471 3121 1501 3180 2.
1528 3120 1624 3198 Fagn.
1642 3117 1682 3178 ad
1704 3119 1781 3196 (lap.
1800 3114 1953 3178 Pratum.

1184 3212 1222 3274 de
1247 3209 1313 3286 his,
1330 3226 1400 3287 quae
1412 3207 1445 3268 vi
1463 3209 1603 3268 metusve
1619 3223 1704 3267 caue.
1722 3223 1753 3265 n.
1776 3207 1827 3265 52.
1852 3205 1952 3266 Coton.

1184 3302 1216 3359 et
1229 3296 1280 3356 alii
1303 3296 1449 3358 videntur
1463 3295 1585 3370 dicere,
1605 3311 1666 3354 non
1690 3291 1894 3368 audiendum,
1908 3288 1954 3349 nisi

1183 3386 1214 3446 in
1230 3384 1349 3462 babitu,
1367 3385 1441 3464 quia
1454 3382 1541 3446 Trr'd.
1560 3383 1685 3444 videtur
1700 3381 1866 3444 Ordiuario
1879 3378 1955 3461 juris·

1183 3475 1352 3536 dictionem
1365 3472 1537 3534 concedere
1551 3474 1672 3533 tantum
1683 3488 1740 3548 pro
1755 3487 1842 3547 casu,
1855 3485 1909 3548 quo
1920 3466 1954 3525 io·

1182 3571 1231 3625 tro
1245 3561 1510 3643 quinquennium,
1526 3577 1636 3620 causes
1651 3557 1827 3633 deduxerit,
1843 3569 1954 3616 manens

1183 3653 1214 3713 in
1236 3650 1438 3723 Monasterio;
1456 3666 1528 3709 nam
1543 3647 1630 3710 addit
1646 3666 1656 3706 .·
1673 3645 1758 3721 Orod
1776 3646 1804 3706 si
1824 3653 1904 3707 autea
1915 3640 1954 3700 11·

1184 3741 1275 3802 titem
1294 3747 1395 3821 sponte
1412 3737 1578 3815 dimiserit,
1600 3736 1773 3798 nullatenus
1789 3731 1954 3812 1111111911-

1182 3830 1253 3891 dum
1274 3846 1485 3911 quemcumque
1507 3845 1624 3888 causam
1645 3823 1838 3890 admittatur,
1860 3819 1904 3882 sed
1924 3815 1954 3878 od

1182 3917 1394 3980 ltlouasterium
1415 3914 1510 3976 redire
1529 3921 1660 3996 coqotur,
1680 3923 1709 3973 et
1729 3921 1868 3993 tauquam
1888 3923 1952 3989 apos·

1184 4017 1246 4070 tcto
1265 4007 1420 4088 puniatur.
1437 4004 1527 4066 Unde
1542 4003 1581 4064 de
1605 4001 1665 4064 lroc
1680 4021 1755 4064 casu
1769 4016 1906 4081 egressus
1916 3993 1952 4054 di·

1182 4098 1276 4158 misso
1292 4095 1410 4162 habitu,
1428 4093 1549 4173 Pignat.
1567 4101 1590 4152 t.
1606 4093 1637 4168 9,
1653 4109 1731 4152 cons.
1748 4094 1816 4166 113,
1832 4089 1898 4162 al,
1909 4083 1949 4158 u't,

1182 4186 1266 4248 Trid.
1284 4183 1369 4253 uelle,
1385 4181 1464 4264 quod
1476 4181 1561 4262 prius
1573 4187 1734 4242 reassumat
1754 4177 1887 4242 1111111111,
1898 4190 1952 4255 pot
1979 4251 1981 4276 ἵ

1182 4285 1228 4337 tea
1242 4274 1421 4336 admittatur
1433 4269 1473 4331 od
1486 4267 1686 4334 adducendum
1701 4287 1801 4330 cauare
1813 4261 1948 4334 uullitotr's,
1980 4291 1981 4304 ¹

1181 4363 1317 4446 alioquin
1331 4361 1393 4423 cult
1406 4359 1549 4442 uqendum
1559 4379 1625 4420 curo
1635 4359 1707 4440 ipso.
1718 4366 1876 4440 procerum
1885 4367 1951 4432 opot-

1182 4459 1254 4513 tata.
1268 4451 1417 4514 Similiter
1425 4449 1519 4510 Barb.
1531 4447 1566 4508 de
1573 4455 1676 4530 potest.
1688 4445 1789 4527 Epire.
1802 4443 1884 4524 attrq.
1895 4439 1947 4510 1111,

1181 4557 1212 4600 u.
1231 4543 1278 4617 lt,
1295 4538 1348 4615 ait,
1366 4537 1579 4599 dimissionem
1593 4536 1720 4597 babitus
1734 4551 1794 4595 nou
1805 4527 1946 4610 impedire,
1978 4519 1981 4548 ¹

1182 4633 1216 4690 ut
1231 4627 1392 4706 Reguloris
1407 4644 1469 4687 uon
1484 4625 1640 4701 audiatur,
1659 4624 1684 4684 si
1699 4625 1807 4702 postca
1826 4615 1949 4680 eumdem

1180 4719 1364 4777 reassumat.
1382 4713 1573 4776 Contradicit
1587 4713 1703 4774 Sauch.
1716 4712 1737 4773 1.
1752 4713 1780 4776 1,
1792 4707 1821 4768 d.
1833 4709 1879 4778 31,
1889 4723 1913 4801 a.
1923 4703 1945 4773 3,

1180 4804 1233 4865 ubi
1253 4805 1298 4865 ait
1313 4825 1319 4865 :
1336 4802 1535 4864 limitandum
1550 4805 1607 4878 est,
1624 4799 1683 4861 nisi
1698 4799 1851 4879 protessus
1864 4794 1886 4852 is
1895 4806 1947 4885 jus

1179 4898 1244 4955 tam
1259 4891 1436 4953 dimittendi
1451 4889 1577 4951 habitus
1591 4907 1719 4950 causam
1734 4885 1867 4960 haberet,
1878 4878 1945 4940 vulsi

1181 4999 1242 5042 non
1258 4986 1363 5061 posset
1376 4978 1517 5041 obtinere
1531 4977 1690 5038 licentiam
1705 4972 1795 5038 eundi
1810 4971 1848 5033 ad
1866 4965 1946 5029 reolo·

1179 5070 1348 5147 mandam,
1366 5086 1423 5128 neo
1446 5067 1509 5144 irc,
1530 5066 1589 5127 nisi
1611 5065 1721 5127 habitu
1741 5060 1890 5142 deposito,
1904 5055 1944 5114 ott

1180 5178 1243 5220 non
1257 5155 1446 5238 permittitur
1460 5173 1555 5218 causa
1569 5155 1719 5216 nullitatis
1732 5163 1895 5232 proponam
1906 5158 1944 5240 aa

1179 5266 1248 5309 ram
1262 5246 1444 5318 Ordinatio,
1461 5250 1492 5305 et
1506 5244 1546 5305 ob
1559 5243 1591 5304 id
1607 5243 1716 5304 habitu
1730 5239 1850 5302 dimisso
1868 5231 1940 5330 logni

1179 5342 1215 5397 ut
1228 5336 1386 5410 reclamet,
1404 5333 1519 5413 quippe
1532 5330 1613 5393 Trid.
1630 5327 1825 5393 temerariam
1840 5321 1942 5382 babitus

1180 5423 1392 5486 dimissionem
1412 5421 1522 5502 punire
1545 5419 1697 5494 intendit;
1719 5422 1750 5480 ct
1770 5432 1830 5476 non
1845 5415 1940 5504 tencre

1181 5511 1327 5596 dimittit,
1349 5509 1400 5591 qui
1426 5514 1460 5572 ut
1482 5507 1647 5588 allegando
1668 5522 1775 5568 causes
1798 5498 1937 5564 nullibus,
