3986 6350
552 539 606 604 DE
624 539 788 605 curtatis
822 539 1091 604 coususstalt.

572 966 822 1074 scotto
870 964 1087 1073 PRIMA

216 1236 267 1320 us
295 1234 449 1319 otricus
476 1234 731 1326 uouuussuu,
763 1233 889 1318 tacut
920 1233 1126 1318 cuusoutu
1154 1231 1295 1315 tuctus
1324 1231 1440 1314 austu

58 1529 196 1592 devocari
225 1533 357 1608 possunt
378 1530 420 1592 ad
444 1529 581 1612 quinque
605 1528 800 1608 potissimum
856 1519 961 1596 alesia,
977 1519 1018 1580 ab
1039 1518 1192 1598 Episcopo
1217 1535 1274 1597 pro
1297 1517 1443 1594 Dioecesi,
1468 1535 1488 1577 a
1511 1515 1652 1577 Parocbo

27 1620 122 1698 apin,
138 1617 282 1686 Pu'mam,
299 1619 338 1680 de
352 1617 574 1681 iurisdictione
596 1621 627 1678 et
647 1617 803 1695 approba·
856 1626 913 1686 pro
937 1607 1155 1669 Penestiam
1180 1625 1242 1686 quo
1270 1610 1375 1668 tamen
1405 1605 1579 1666 notandum
1608 1607 1657 1665 est

29 1707 94 1768 ione
118 1705 156 1765 ad
186 1706 426 1766 Sacramentum
448 1703 642 1765 Pmnitentioc
664 1703 802 1782 legitime
858 1695 942 1775 quod
956 1695 1149 1772 iurisdictio,
1166 1713 1236 1774 quae
1251 1695 1291 1756 ad
1303 1697 1543 1757 Sacramentum
1553 1693 1656 1756 Posui-

27 1794 288 1856 administraudum
303 1793 497 1864 necessaria;
515 1791 804 1869 Secundum,debc-
857 1783 963 1845 tentiae
990 1784 1049 1844 rite
1072 1782 1359 1844 administrandum
1380 1785 1511 1861 spectat,
1538 1779 1654 1860 duplici

28 1883 158 1961 nignitate
172 1887 205 1942 et
218 1881 370 1961 patieutis
383 1880 415 1940 in
430 1879 594 1941 audiendis
604 1882 805 1958 pennatorum
859 1870 953 1932 modo
968 1871 1141 1951 delegatur,
1158 1872 1207 1932 val
1223 1870 1403 1932 immediate
1418 1870 1479 1949 ipsi
1492 1869 1656 1932 Confessa-

27 1971 273 2042 confessionibus;
294 1968 477 2045 Tertium,de
496 1969 679 2030 necessitate
695 1976 726 2028 et
740 1987 806 2028 me·
860 1959 918 2034 rio,
934 1959 983 2019 uel
998 1958 1145 2034 mediate,
1170 1977 1242 2018 cum
1265 1957 1324 2038 ipsi
1349 1957 1468 2017 bomini
1492 1957 1656 2036 paenitenti

27 2059 106 2122 uado
118 2059 335 2138 interrogandi
350 2057 563 2130 poenitentffl
583 2055 739 2132 Quartum,
766 2055 805 2115 de
860 2047 991 2108 facultas
1005 2047 1187 2112 conceditur
1201 2052 1323 2107 certum
1344 2045 1405 2106 sibi
1428 2045 1656 2106 confessarium

27 2148 203 2210 absolutione
218 2145 440 2226 impertienda,
457 2143 654 2224 deneganda,
671 2149 726 2206 aut
749 2143 805 2203 dif-
861 2134 1007 2213 eligendi,
1025 2139 1060 2196 ut
1074 2136 1203 2196 Summo
1219 2133 1361 2196 Pontifici
1377 2151 1397 2193 a
1411 2132 1533 2194 Christe
1549 2131 1657 2192 Domi-

27 2231 156 2308 tasncs3
188 2233 328 2308 maten
356 2234 504 2314 dentque,
534 2232 573 2294 de
595 2232 805 2296 satisfactione
862 2241 902 2282 no
930 2239 1079 2282 consessa
1098 2221 1180 2292 tuit;
1214 2220 1241 2280 is
1260 2223 1344 2280 emm
1372 2219 1425 2299 jus
1449 2219 1479 2278 in
1505 2219 1657 2297 seipsum

27 2322 176 2386 innitenti
191 2323 369 2385 indicenda.
862 2311 967 2392 quoad
990 2309 1093 2371 forum
1117 2309 1277 2370 internum
1300 2307 1495 2370 confessario
1519 2323 1574 2368 suo
1598 2306 1658 2364 im-

861 2396 964 2476 perlit.

294 2534 317 2620 c
328 2533 454 2622 ΗΜ
508 2533 522 2621 Ι
901 2507 932 2564 l.
943 2503 1108 2564 ordinaria
1122 2502 1344 2566 iurisdictione
1358 2502 1477 2582 pollent
1490 2500 1511 2562 ii
1534 2518 1654 2577 omnes,

527 2601 536 2622 ⁰
863 2591 1654 2671 quibusexoliiciocuraanimarumcommisseest:

863 2684 892 2739 l.
910 2681 1058 2742 Summus
1073 2679 1213 2740 Pontifex
1228 2678 1260 2738 in
1275 2679 1465 2740 Christianos
1480 2697 1608 2751 omnes;
1625 2682 1655 2740 2.

26 2769 58 2818 ts
80 2773 295 2822 rtrtsnrcrtous
321 2775 359 2821 ur
391 2773 608 2822 trinostrtoua
637 2773 675 2820 to
704 2771 808 2818 sicut·
863 2767 1098 2847 Arahiepiscopi
1120 2769 1153 2828 in
1167 2785 1241 2829 snos
1264 2767 1464 2830 Dioecssanos
1489 2772 1519 2829 et
1541 2768 1574 2828 tn
1589 2767 1657 2829 Suf-

60 2863 166 2910 ffiwlt
187 2861 378 2911 immittite
400 2865 466 2910 titt
487 2863 734 2910 toututsratuoutt
755 2861 808 2908 tta-
862 2856 1054 2937 fragantiam
1086 2856 1239 2934 subditos,
1264 2857 1340 2917 dum
1365 2874 1474 2918 eorum
1499 2855 1657 2918 Dioeceses

59 2951 200 3000 amatum
862 2942 1033 3022 insipiunt;
1050 2945 1077 3004 3.
1097 2941 1241 3022 Episcopi
1263 2943 1294 3003 in
1309 2961 1382 3004 suos
1395 2943 1610 3016 Dioeoesanos;
1625 2945 1655 3004 t.

863 3031 995 3095 Parocbi
1011 3031 1042 3090 iu
1057 3049 1129 3092 suos
1145 3030 1377 3104 Parachianos;
1395 3033 1423 3092 5.
1436 3030 1586 3106 Abbates,
1603 3029 1657 3110 qui

180 3113 446 3176 ARTICULUS
490 3113 637 3175 PRIOR·
862 3119 1085 3184 iurisdictione
1100 3117 1189 3200 quasi
1204 3117 1380 3198 Episcopali
1396 3115 1612 3196 suntpraediti,
1626 3115 1657 3174 in

862 3209 997 3269 termino
1012 3225 1076 3268 sure
1090 3206 1331 3280 iurisdictionis
1343 3211 1371 3269 6.
1385 3205 1552 3267 Generales
1562 3202 1659 3280 ,ordi-

863 3313 938 3358 num
952 3297 985 3356 in
999 3312 1108 3356 omnes
1122 3293 1247 3356 Ordinis
1260 3291 1417 3366 subditos;
1429 3295 1459 3354 i.
1479 3290 1658 3352 Provincia-

862 3385 909 3445 les
923 3383 1052 3444 insuam
1062 3381 1270 3456 Provinciam
1281 3383 1311 3444 8.
1324 3380 1465 3461 Denique
1474 3378 1658 3459 Superiores

61 3466 186 3542 Quoeaio
196 3470 225 3529 f.
244 3467 326 3542 Quid
337 3477 363 3530 et
376 3466 540 3550 quotuplex
552 3469 591 3529 u't
603 3465 747 3552 ejusmodi
755 3467 810 3529 lu·
864 3473 980 3536 locales
994 3471 1026 3532 in
1040 3471 1100 3534 loci
1116 3468 1269 3534 subditos.

27 3560 176 3626 ardinio?
903 3573 934 3631 5.
950 3568 1132 3648 Delegatatn
1142 3567 1397 3632 iurisdictionem
1411 3563 1571 3644 habentii,
1590 3562 1659 3646 qui·

61 3651 150 3732 liesp.
166 3672 254 3736 seqq.
266 3658 295 3717 f.
314 3659 457 3718 Potestas
471 3655 601 3732 ordinis,
618 3657 653 3718 ut
665 3655 716 3716 hic
731 3654 811 3717 acci·
864 3659 923 3722 bus
937 3677 956 3720 a
970 3657 1113 3737 superius
1127 3655 1263 3718 laudatis
1277 3655 1416 3736 legitime
1427 3654 1486 3716 fuit
1496 3673 1655 3716 concessa.

27 3737 112 3817 pitur,
128 3745 175 3802 est
187 3741 319 3804 facultas
333 3761 353 3804 a
367 3743 504 3823 peccatis
527 3743 720 3806 Christianos
743 3762 810 3805 om·
864 3751 906 3811 Ut
918 3751 1024 3809 autem
1038 3745 1177 3825 legitime
1187 3745 1392 3823 concedatur,
1415 3742 1609 3824 requiritur:
1626 3748 1655 3806 t.

26 3841 75 3886 nes
88 3828 284 3905 molvendm
301 3849 396 3910 quam
411 3835 600 3910 potestatem
614 3829 646 3890 in
657 3833 810 3892 suainau-
865 3839 906 3898 Ut
927 3832 1149 3897 Sacerdotibus
1166 3831 1378 3912 impertiatur;
1395 3831 1416 3892 ii
1432 3829 1515 3892 euim
1529 3830 1586 3893 soli
1602 3833 1659 3894 Sa-

15 3914 180 3990 ,guratione
194 3917 348 3979 Sacerdos
363 3935 382 3978 a
395 3916 521 3980 Christo
538 3917 670 3978 Domino
685 3917 809 3998 accipit,
866 3923 1018 3985 crementi
1033 3921 1228 3984 Poenitentiae
1242 3920 1374 3982 Ministri
1389 3937 1458 3981 esse
1472 3922 1613 3998 possunt.
1626 3921 1657 3978 P.

15 4005 126 4080 ‘tillut
140 4004 223 4066 nullo
237 4009 341 4084 potest
353 4005 495 4082 crimine,
516 4005 604 4066 nulla
626 4005 811 4066 cuowritttle
866 4013 908 4073 Ut
922 4029 960 4072 ea
981 4029 1043 4072 non
1062 4009 1094 4069 in
1109 4009 1187 4071 alios
1202 4027 1297 4090 quam
1311 4007 1343 4068 iu
1360 4007 1502 4069 subditos
1520 4024 1660 4068 commu·

26 4083 156 4150 humana
170 4091 330 4172 (quandiu
344 4091 376 4152 in
390 4091 559 4172 viviscat),
576 4092 713 4173 spoliari.
867 4099 999 4161 nicetur.
1025 4097 1105 4160 Hinc
1128 4097 1213 4158 solus
1235 4097 1383 4159 Summus
1397 4095 1541 4158 Pontifex
1557 4096 1661 4173 potest

60 4177 89 4237 Ξ.
105 4178 244 4240 Potestas
257 4179 487 4241 iurisdictionis
501 4179 569 4260 ejus
584 4178 756 4240 Ecclesiam
764 4196 812 4240 re·
866 4187 899 4248 in
914 4204 1022 4248 omnes
1045 4184 1238 4248 Christianos
1260 4182 1515 4246 iurisdictionem
1529 4180 1661 4243 manda-

15 4265 126 4342 ·gendi,
140 4266 282 4347 adeoque
296 4267 380 4330 intra
393 4267 478 4329 illam
502 4266 701 4346 admittendi,
718 4271 750 4330 et
772 4267 812 4329 ab
867 4294 913 4353 re,
930 4274 1005 4355 quia
1022 4273 1088 4354 lpse
1109 4274 1193 4334 solus
1216 4272 1248 4334 in
1264 4290 1318 4334 eos
1341 4289 1451 4333 omnes
1470 4270 1662 4333 ordinariam

15 4351 133 4414 cadem
144 4355 271 4416 arcendi
286 4361 341 4418 aut
354 4355 522 4435 separandi
537 4375 617 4437 quos
626 4346 810 4436 'oportuerit
867 4365 987 4440 trahet3
1026 4360 1260 4443 archiepiscopi
1289 4365 1320 4424 et
1343 4359 1489 4440 Episcopi
1518 4358 1550 4419 in
1577 4358 1661 4420 solos

15 4439 131 4504 tudetes
142 4445 289 4523 pascendi
314 4446 590 4508 Sacramentomm
615 4447 814 4508 administra·
867 4453 1087 4526 Dioecesanos;
1104 4449 1235 4513 Parochi
1250 4450 1283 4511 in
1297 4449 1380 4512 solos
1394 4446 1618 4524 Perochianoe,
1630 4450 1662 4507 et

15 4527 116 4606 ,tione,
134 4551 168 4593 ac
181 4533 277 4596 Verbi
300 4534 401 4596 Diviui
427 4533 667 4613 predicatione;
693 4534 812 4596 ferendi
867 4539 912 4601 ita
927 4539 966 4601 de
981 4537 1113 4600 ceteris.

25 4617 132 4696 leges,
147 4621 360 4701 praecipiendi,
377 4623 576 4704 prohibendi,
599 4622 811 4703 permittendi,
911 4627 1019 4703 (luant.
1036 4629 1065 4687 2.
1077 4659 1118 4672 --
1129 4623 1208 4700 Ouid
1219 4625 1259 4686 sit
1273 4623 1471 4708 approbatio?

24 4707 182 4786 puniendi,
199 4711 368 4788 eximendi,
385 4717 445 4774 etc.
908 4717 1002 4795 Rasp.
1019 4713 1150 4775 Nomine
1161 4711 1396 4793 approbationis
1411 4707 1595 4790 intelligitur
1609 4725 1663 4770 au·

61 4796 90 4855 ³.
108 4798 227 4876 Duplex
241 4800 441 4880 distinguitur
459 4800 689 4863 iurisdictionis
712 4805 814 4882 potes·
868 4803 1041 4867 thenticum
1055 4799 1286 4878 testimonium,
1303 4818 1366 4881 quo
1381 4799 1535 4862 Sacerdos
1549 4795 1663 4876 aliquis

25 4887 81 4962 tas,
98 4886 257 4948 ordinaria
274 4888 392 4949 scilicet
414 4905 451 4950 ac
474 4889 628 4969 delegata.
650 4889 815 4952 ordinaria
869 4889 909 4952 ad
923 4889 1096 4951 audiendas
1110 4887 1326 4952 confessiones
1337 4888 1377 4949 ab
1391 4886 1545 4967 Episcopo
1560 4884 1662 4945 decla-

16 4977 81 5056 est,
97 4991 168 5054 qua
182 4974 389 5053 proficiscitur
403 4995 441 5037 ex
454 4981 609 5056 potestate
625 4981 657 5038 et
679 4977 815 5040 auctori·
868 4981 956 5040 ratur
969 4977 1111 5038 idoneus.
1125 4975 1200 5049 Quis
1210 4979 1326 5054 autem,
1339 4979 1398 5036 eta
1409 4991 1482 5055 quo,
1495 4979 1527 5036 et
1536 4973 1662 5053 quaudo

16 5065 87 5146 itate
101 5069 190 5125 extra
208 5065 339 5126 Sacrum
357 5066 548 5128 Poeuitentiae
567 5067 728 5143 Tribunai,
752 5085 815 5147 qua
869 5065 1077 5128 declarandus
1091 5065 1142 5142 sit,
1159 5064 1281 5126 dicetur
1296 5062 1435 5124 inferius.

16 5150 93 5232 {quis
108 5151 235 5212 attenta
250 5156 297 5214 est
310 5154 428 5215 Pastor.
448 5153 579 5234 (Omnes
603 5153 686 5215 enim
713 5155 816 5218 Chris·
912 5153 1019 5230 Ouaat.
1036 5156 1066 5215 3.
1081 5185 1122 5199 -
1139 5152 1246 5214 Utrum
1265 5152 1298 5212 t‘a
1318 5151 1505 5213 Sauaueutt'
1518 5149 1665 5212 Poeat'teu·

16 5235 99 5318 {tani
128 5239 289 5299 Pmtorem
315 5239 432 5303 habeut
459 5260 561 5320 suum,
591 5260 654 5303 uno
687 5248 815 5323 excepto
871 5243 923 5303 tia
936 5240 1076 5303 Ministro
1086 5249 1199 5322 prater
1215 5239 1335 5300 Ordtiu's
1346 5246 1513 5321 potestatem
1530 5237 1663 5320 requira·

16 5321 157 5394 {Sammo
171 5325 319 5388 Pontifice
342 5329 394 5408 qui
418 5333 465 5391 est
487 5347 652 5408 supremus
677 5332 817 5392 omnium
871 5339 920 5391 tur
932 5329 1154 5391 fumidictiouis
1161 5327 1314 5411 potestas?

16 5407 168 5496 {Pastor.)
182 5412 330 5492 Delegata
343 5421 400 5492 est,
418 5433 488 5497 quae
502 5417 640 5498 legitime
662 5417 755 5480 datur
777 5417 817 5479 ab
912 5416 1096 5497 Respondes
1120 5416 1317 5477 affirmative.
1342 5416 1432 5488 Quod
1446 5419 1533 5495 putet
1549 5434 1555 5477 :
1573 5417 1602 5476 f.
1619 5413 1665 5476 Ex

16 5497 162 5572 {habente
177 5501 377 5583 ordinariam,
392 5523 423 5568 v.
440 5524 471 5584 g.
489 5523 508 5568 a
522 5507 607 5586 Papa
617 5523 674 5585 pro
684 5510 750 5570 tcta
759 5508 818 5568 Ec-
872 5507 1007 5569 Ploreut.
1024 5506 1056 5566 iu
1071 5508 1203 5567 Decreta
1222 5504 1355 5583 Eugenii
1378 5509 1410 5567 et
1423 5523 1462 5566 ex
1481 5503 1568 5569 frid.
1585 5521 1662 5568 sess.

52 3257 84 3308 De
106 3260 237 3323 ejusmodi
260 3260 452 3312 iurisdictione
477 3263 504 3310 et
528 3260 724 3324 approbatione
747 3259 777 3308 in

359 3346 466 3397 genere.
