3974 6348
323 551 364 614 ce
979 538 1054 602 LlB.
1076 535 1128 603 Vl.
1151 536 1254 600 PARS
1274 533 1327 600 111.

324 734 356 796 in
371 729 559 814 quidusdam
578 725 804 791 Ecclesiasticis
822 723 923 788 Curiis
941 723 1119 786 inconsulta
1174 722 1282 784 monia
1296 719 1507 800 dissolvenda,
1523 723 1617 802 etque
1631 715 1743 783 ecdem
1756 715 1943 798 matrimonia

325 821 419 884 nimis
437 819 580 900 judicum
601 816 751 878 facilitate
774 812 913 892 infringi,
934 817 966 874 et
986 816 1116 890 temere,
1145 839 1147 844 ·
1172 811 1247 889 levi,
1270 811 1320 873 vel
1344 811 1438 872 eliam
1462 809 1569 872 habito
1593 809 1677 872 nullo
1700 809 1854 888 examine,
1874 809 1944 874 irrita

326 913 420 990 atque
441 905 668 969 inconsiderate
690 904 729 966 de
753 900 936 964 eorumdem
959 899 1119 962 matrimo-
1174 917 1211 960 ac
1226 899 1364 961 invalida
1383 898 1564 972 declarant;
1580 897 1693 979 partim
1707 898 1805 960 etiam
1825 917 1861 960 ex
1879 899 1945 960 iacto

326 997 451 1060 nicrum
478 995 618 1057 nullitate
645 991 717 1056 latis
744 988 905 1053 sententiis
932 993 1119 1068 potestatem
1174 987 1345 1068 conjugum
1369 1006 1463 1068 super
1486 988 1628 1050 nullitate
1656 1005 1787 1050 sucrum
1810 987 1945 1050 mettium

326 1083 512 1166 conjugibus
526 1082 593 1143 lieri
607 1080 790 1144 transeundi
805 1078 846 1141 ad
860 1077 921 1139 alia
935 1082 1019 1140 vcta.
1036 1079 1119 1149 Quos
1174 1075 1299 1136 nicrum
1312 1075 1513 1155 litigantium,
1526 1093 1597 1138 cum
1613 1075 1796 1155 frequenter
1808 1093 1883 1134 unus
1893 1077 1945 1134 tan

327 1189 403 1233 sane
417 1167 1033 1250 improvidosfudiceehumanaenatura
1048 1184 1120 1226 con·
1175 1167 1242 1226 tum
1269 1181 1403 1240 eorum,
1434 1163 1486 1244 qui
1514 1163 1752 1225 dissolutionem
1779 1160 1966 1224 matrimoni¹

328 1260 457 1337 ditione,
474 1263 595 1322 etvoee
619 1257 687 1337 ipsa
710 1255 942 1336 quodammodo
957 1251 1120 1316 admoneri
1174 1253 1311 1331 postulat
1338 1253 1370 1312 in
1392 1252 1515 1314 iudicio
1539 1256 1731 1330 compareat,
1748 1255 1782 1312 et
1803 1251 1966 1328 sententia,

329 1345 505 1427 oportebat,
522 1363 561 1406 oe
575 1350 640 1406 tam
659 1342 810 1424 precipiti
830 1341 963 1404 audacia
978 1345 1121 1402 sanctim
1175 1341 1260 1401 nullo
1280 1340 1525 1418 contradicente,
1542 1339 1714 1402 secundum
1738 1356 1799 1401 sua
1818 1343 1886 1401 vote
1903 1337 1946 1398 cb·

326 1432 518 1498 matrimonii
538 1450 654 1495 nexum
678 1433 869 1510 frangerent,
892 1449 987 1510 quem
1010 1448 1121 1508 perpe·
1175 1431 1273 1504 tenta,
1285 1428 1326 1489 ed
1341 1429 1418 1490 alias
1430 1429 1554 1507 nuptiae
1571 1428 1736 1502 convolat;
1753 1428 1804 1488 vel
1817 1425 1946 1488 ambobus

326 1525 427 1600 tuum,
458 1525 552 1601 atque
575 1518 821 1581 indissolubilem
845 1517 963 1596 primus
991 1516 1120 1578 humaui
1175 1515 1363 1596 conjugibus
1373 1517 1404 1578 in
1414 1516 1573 1578 iudicium
1586 1515 1797 1592 venientibus,
1809 1514 1890 1591 alter,
1905 1512 1946 1593 qui

328 1607 454 1690 generis
467 1625 581 1688 parens
590 1606 779 1688 praemonuit
789 1605 951 1685 inquiens:
968 1604 1028 1666 hoo
1038 1621 1120 1665 nunc
1175 1621 1232 1682 pro
1256 1603 1467 1682 matrimonio,
1484 1605 1563 1666 alter
1585 1621 1660 1665 vero
1684 1603 1739 1684 qui
1761 1607 1866 1664 contra
1885 1602 1967 1680 egil,

327 1713 363 1758 cs
379 1714 417 1756 ex
432 1695 553 1756 ossibus
566 1694 656 1772 meis,
673 1696 704 1753 et
718 1709 790 1754 caro
806 1692 845 1754 de
867 1709 960 1752 earne
974 1709 1069 1765 mea;
1091 1694 1123 1752 ct
1176 1693 1330 1756 sententia
1344 1693 1383 1754 de
1398 1693 1538 1754 nullitate
1549 1692 1741 1756 matrimonii
1756 1691 1947 1771 prolatand-

327 1783 407 1846 illud
423 1782 565 1845 additum
584 1786 653 1843 est:
671 1781 874 1862 quemobrem
896 1779 1051 1858 relinquet
1065 1778 1122 1840 bc·
1175 1780 1225 1840 lus
1239 1786 1296 1858 est,
1313 1781 1366 1862 qui
1388 1782 1430 1842 ad
1452 1781 1645 1861 superiorem
1667 1779 1816 1842 ludicen
1830 1780 1947 1858 appella·
1965 1797 1967 1832 1

329 1890 382 1934 mo
407 1875 530 1950 patrem
557 1889 649 1932 suum
671 1873 703 1932 et
724 1873 869 1945 matrem,
900 1871 931 1929 et
948 1865 1122 1929 adhaerebit
1176 1867 1293 1931 tionem
1314 1870 1503 1950 interponat,
1520 1870 1570 1931 vel
1585 1869 1660 1949 quia
1680 1868 1840 1948 litigantes
1851 1868 1880 1927 in
1892 1883 1947 1946 spe-

328 1959 418 2022 uxori
433 1977 510 2037 sua,
526 1963 557 2020 et
571 1965 662 2020 erunt
675 1958 737 2020 duo
752 1958 890 2020 incarne
906 1974 979 2018 una.
1176 1955 1223 2016 cie
1238 1957 1366 2037 quidem
1379 1957 1550 2035 discordes,
1566 1973 1677 2017 revera
1691 1955 1775 2018 iuter
1792 1973 1825 2017 se
1838 1971 1946 2016 coomn

369 2072 385 2108 n
412 2047 597 2129 liujusmodi
629 2052 735 2110 autem
766 2046 927 2108 abolendas
959 2043 1121 2124 pravitatis
1176 2044 1233 2105 des
1246 2050 1328 2123 sunt,
1346 2049 1378 2107 et
1389 2045 1524 2106 invicem
1545 2044 1739 2106 colludentes
1758 2047 1944 2118 contractum,

327 2138 438 2201 notitia
458 2136 591 2199 diversis
605 2155 643 2197 ex
663 2137 804 2217 partibus
827 2135 921 2196 Nobis
944 2134 1048 2196 delata
1062 2137 1119 2209 est,
1176 2133 1411 2196 matrimonium
1426 2131 1552 2195 dissolvi
1566 2132 1714 2211 cupiunt;
1730 2131 1782 2193 vel
1796 2131 1866 2211 quia
1877 2149 1944 2210 pus,

328 2231 423 2308 atque
437 2225 533 2288 etiam
546 2225 683 2288 indicato
705 2227 778 2287 sunt
801 2223 944 2302 exempla
957 2221 1122 2283 nonnullo·
1176 2240 1247 2302 qua
1260 2240 1317 2302 pro
1331 2221 1491 2284 validitate
1505 2219 1695 2283 matrimonii
1711 2219 1825 2296 stabat,
1837 2219 1945 2299 ejusque
1967 2255 1968 2258 =

328 2333 401 2378 rum
416 2315 566 2391 virorum,
584 2313 636 2394 qui
651 2317 722 2394 post
734 2313 880 2394 primam,
897 2317 929 2374 et
950 2311 1121 2373 secundam

331 2422 369 2467 ac
391 2402 527 2480 tertiam,
552 2420 645 2482 quam
668 2402 831 2478 duxerant,
855 2418 995 2476 uxorem,
1012 2398 1053 2460 cb
1077 2396 1120 2456 ni-

326 2491 427 2552 miam
452 2489 600 2552 iudicum
633 2487 894 2569 praecipitantium
921 2487 950 2547 in
980 2485 1120 2546 nullitate

328 2577 600 2641 matrimoniorum
624 2577 825 2646 declaranda,
850 2577 953 2638 adhuc
977 2574 1036 2636 illis
1057 2573 1122 2653 pri-

330 2665 391 2728 mis
405 2664 556 2728 uxoribus
570 2664 788 2744 superstitibus
801 2664 843 2726 ad
857 2667 984 2745 quartas
998 2665 1122 2723 contra-

326 2751 450 2814 hendas
470 2751 594 2830 nuptias
613 2751 814 2829 devenerant,
832 2757 864 2812 et
876 2749 1019 2811 similiter
1032 2747 1122 2808 femi·

328 2858 454 2918 narum,
471 2857 541 2919 quae
559 2842 631 2919 post
651 2838 797 2918 primum,
815 2838 998 2914 secundum,
1014 2840 1046 2898 et
1059 2839 1122 2898 ter-

325 2927 408 2988 tium
428 2926 588 3002 maritum,
608 2932 719 3007 quarto
734 2927 839 3006 etiam,
855 2927 916 2988 illis
938 2943 1063 3006 quoque
1077 2925 1122 2985 vi-

328 3014 486 3093 ventibus,
512 3014 746 3095 sejunxerant,
771 3034 833 3077 nou
848 3015 914 3076 sine
937 3014 1121 3094 pusillorum

328 3103 489 3180 scandale,
512 3107 544 3164 et
563 3103 718 3164 bonorum
739 3104 880 3164 emnium
903 3101 1118 3178 detestatione,

326 3190 379 3272 qui
396 3209 487 3252 sacra
498 3190 690 3253 matrimonii
706 3191 830 3252 vincula
846 3191 890 3252 ita
904 3189 1070 3252 comtemni
1090 3195 1122 3249 et

326 3283 449 3341 temere
463 3277 613 3359 perfringi
628 3278 787 3342 dolebant.
812 3281 873 3341 Nos
891 3283 997 3341 autem
1011 3277 1060 3338 his
1074 3277 1121 3337 in-

326 3367 460 3430 tellectis
474 3365 563 3447 gravi
578 3366 679 3429 effecti
701 3366 808 3428 dolore
829 3366 938 3429 intimo
956 3365 1061 3427 animo
1075 3365 1121 3425 in·

325 3454 513 3534 gemuimus,
531 3457 563 3515 et
576 3471 639 3515 non
658 3454 914 3534 pretermisimus
933 3454 1120 3534 Apostolicae

326 3543 447 3603 Nostra
462 3541 679 3604 sollicitudinis
693 3547 799 3621 partes
820 3543 852 3604 in
875 3542 1008 3605 Domino
1023 3542 1120 3603 adim·

325 3628 424 3708 plere.
451 3626 484 3691 Si
508 3627 636 3710 quidem
660 3629 763 3708 primo
789 3630 991 3692 Pontificatus
1018 3629 1120 3691 Nostri

326 3734 410 3779 anno
425 3716 467 3779 ad
480 3716 652 3796 Episccpcs
667 3717 792 3779 illarum
805 3719 952 3798 partium,
964 3719 995 3778 in
1007 3718 1120 3797 quibus

325 3802 478 3884 praedicta
492 3803 683 3883 acciderant,
701 3806 888 3885 plenissimis
902 3806 983 3867 datis
996 3806 1118 3884 litteris,

325 3892 466 3972 graviter
479 3893 642 3972 conquesti
665 3913 773 3956 sumus
796 3895 835 3956 de
857 3894 1036 3975 hujusmodi
1050 3913 1120 3974 pra·

325 3979 433 4058 vitate,
451 3997 522 4060 quae
536 3980 568 4041 in
582 3981 723 4043 Ecclesia
741 3981 797 4042 Dei
815 3981 1017 4059 tolerabatur,
1034 3987 1066 4043 et
1079 3982 1120 4044 ad

326 4085 397 4132 eam
412 4067 600 4130 abolendam
611 4087 720 4131 eorum
730 4070 851 4132 animos
864 4069 995 4150 erigere,
1008 4075 1039 4131 et
1048 4073 1120 4131 Pas·

326 4157 459 4220 toralem
481 4159 585 4219 zelum
607 4159 781 4221 accendere
804 4157 1010 4220 curavimus:
1036 4159 1120 4239 quod

326 4245 423 4308 etiam
446 4246 568 4325 egimus
596 4265 668 4309 cum
696 4248 764 4310 aliis
792 4247 924 4309 aliarum
956 4247 1121 4328 regionum

325 4332 505 4413 Episcopis,
522 4333 575 4396 ubi
591 4335 770 4416 hujusmodi
784 4352 917 4415 pravum
931 4333 1122 4397 dirimendo-

326 4438 398 4522 rum
412 4422 685 4485 matrimoniorum
708 4440 800 4485 usum
818 4421 990 4504 irrepsisse,
1007 4440 1121 4502 cogno·

327 4525 440 4572 mmus.

366 4619 382 4656 n
408 4599 526 4660 Verum
540 4599 630 4662 nobis
645 4615 829 4679 responsum
840 4604 888 4662 est
903 4601 936 4663 id
952 4615 1035 4678 saepe
1049 4615 1122 4660 con·

326 4685 450 4764 tingere
463 4686 578 4765 partim
589 4687 730 4766 exculpe
742 4686 866 4748 illerum
879 4689 896 4749 J
900 4687 1038 4763 udioum,
1054 4685 1121 4765 qui·

1176 2310 1351 2372 nullitatam
1373 2310 1487 2372 acriter
1510 2314 1620 2372 conus
1637 2307 1853 2370 adversarium
1866 2307 1946 2386 impu·

1175 2396 1304 2475 gnabut,
1327 2397 1391 2458 latu
1406 2415 1425 2458 a
1443 2399 1460 2459 J
1464 2395 1555 2459 udice
1571 2395 1727 2458 sententio
1740 2400 1849 2456 conus
1859 2392 1947 2456 rasci-
1967 2419 1969 2476 g

1175 2485 1316 2547 monium
1334 2489 1436 2548 mutat
1457 2486 1662 2561 voluntatem,
1678 2484 1729 2544 vel
1753 2483 1883 2563 pecunia
1899 2480 1944 2542 siti
1967 2483 1969 2510 ³

1175 2573 1216 2634 ad
1231 2577 1373 2653 sumptus
1387 2573 1449 2634 litis
1463 2591 1526 2634 non
1537 2576 1734 2652 suppetente,
1748 2571 1798 2632 vel
1811 2571 1875 2632 aliis
1887 2569 1947 2630 det
1968 2601 1969 2604 ¹

1176 2661 1329 2724 cientibus
1352 2662 1476 2724 auxiliis
1498 2661 1538 2724 ad
1564 2660 1755 2740 litigandum
1775 2657 1943 2734 necessariis,

1176 2755 1209 2812 et
1232 2750 1391 2829 inceptum
1423 2767 1501 2830 opus
1524 2767 1562 2811 ec
1584 2765 1714 2810 causam
1736 2751 1809 2827 post
1835 2746 1945 2826 primam

1176 2839 1363 2900 sententium
1391 2838 1530 2900 deserit:
1552 2855 1614 2917 quo
1628 2838 1664 2899 fit
1684 2840 1720 2898 ut
1742 2835 1853 2897 deiude
1871 2833 1944 2896 ambo
1969 2873 1970 2876 =

1176 2927 1337 3008 conjuges,
1353 2927 1403 2988 vel
1418 2945 1499 2989 unus
1513 2943 1622 2988 eorum
1633 2924 1673 2986 ad
1683 2924 1770 2986 uliud
1784 2922 1945 2986 conuehen-

1176 3016 1251 3078 dum
1266 3015 1500 3078 matrimonium
1515 3033 1548 3076 se
1563 3015 1713 3076 conferat.

1215 3127 1230 3164 n
1256 3104 1345 3178 Quod
1360 3109 1466 3167 autem
1487 3104 1528 3166 ad
1548 3103 1677 3166 ludices
1697 3100 1834 3181 pertinet
1854 3098 1944 3182 quibu

1176 3195 1264 3254 extra
1278 3194 1452 3254 Romanam
1465 3191 1591 3254 Curiam
1605 3207 1663 3269 pro
1678 3189 1864 3269 litigantium
1877 3203 1944 3250 cem-

1174 3280 1269 3342 modo
1297 3298 1400 3342 cauere
1427 3278 1673 3341 matrimoniales
1705 3277 1942 3348 committuntur,

1175 3373 1307 3447 patema
1320 3367 1373 3429 ille
1391 3365 1563 3446 vigilantia,
1580 3384 1644 3446 qua
1658 3364 1697 3426 dc
1708 3363 1830 3445 justitia
1846 3361 1944 3424 unicni-

1175 3473 1236 3535 que
1251 3454 1385 3534 integre,
1401 3454 1622 3534 sapienterque
1644 3451 1885 3514 administranda
1896 3448 1944 3511 scl-

1174 3543 1249 3606 liciti
1265 3561 1332 3604 esse
1347 3543 1499 3604 debemus
1508 3541 1676 3622 encyclicis
1688 3540 1801 3602 litteris
1813 3539 1852 3602 ad
1865 3541 1943 3603 Vane

1174 3629 1289 3692 rabilcs
1317 3633 1454 3706 Fratres,
1479 3628 1690 3704 patriarchas,
1716 3627 1874 3704 Prhnetes,
1898 3629 1943 3687 ir·

1175 3719 1401 3797 cbiepisoopos‚
1419 3723 1450 3779 et
1464 3718 1636 3798 Episcopus
1656 3715 1781 3795 scriptis
1804 3715 1942 3795 vigesima·

1175 3811 1262 3868 sexta
1276 3805 1408 3884 Augusti
1423 3823 1506 3868 anno
1521 3804 1659 3868 secundo
1674 3802 1871 3864 Pontificatos
1883 3804 1943 3863 llos·

1174 3895 1213 3957 tri
1238 3893 1404 3972 providere
1427 3893 1617 3969 curavimus,
1634 3892 1666 3952 in
1688 3889 1803 3971 quibus
1823 3907 1859 3950 eu
1878 3903 1943 3968 pra·

1175 3982 1366 4062 scripsimus,
1384 4001 1453 4063 quae
1474 3982 1572 4044 sacris
1586 3979 1775 4056 (lenonibus,
1793 3982 1824 4040 et
1836 3973 1941 4040 concilii

1174 4069 1348 4134 Tridentini
1361 4087 1510 4147 consona,
1522 4069 1548 4130 si
1559 4069 1736 4148 diligenter,
1748 4069 1784 4129 ut
1793 4079 1941 4145 speramus,

1175 4161 1339 4222 serventur
1353 4157 1384 4218 in
1399 4161 1560 4236 posterum
1572 4175 1676 4218 causa
1690 4153 1812 4217 nonnisi
1825 4151 1942 4233 personis

1175 4263 1316 4326 congrua
1326 4244 1406 4325 juris
1421 4245 1544 4325 peritia,
1557 4249 1589 4306 et
1600 4243 1777 4305 necessario
1791 4236 1940 4320 probitatis,

1175 4337 1385 4415 spectataeque
1394 4333 1467 4394 fidei
1477 4332 1606 4394 munitis
1615 4330 1762 4411 praesidio
1772 4326 1942 4391 committen-

1175 4428 1236 4486 tur.
1252 4424 1384 4501 Insuper
1401 4423 1442 4484 ad
1457 4440 1505 4500 ea,
1522 4439 1592 4502 qua
1615 4421 1648 4482 in
1670 4419 1781 4481 iisdem
1802 4410 1941 4494 encyclicis

1174 4511 1286 4574 litteris
1309 4509 1479 4572 constituta
1492 4515 1575 4588 sunt,
1592 4509 1625 4571 id
1648 4509 1742 4571 etiam
1765 4500 1940 4584 inpraesenti

1175 4597 1377 4682 adjungimus
1394 4618 1401 4661 :
1418 4598 1514 4681 quod,
1531 4598 1674 4681 quamvis
1688 4594 1814 4661 concilii
1834 4590 1941 4654 'l'rideo-

1175 4687 1230 4752 tini
1247 4688 1419 4764 decretum,
1436 4706 1498 4768 quo
1518 4705 1622 4749 causae
1636 4681 1872 4748 matrimoniales
1883 4677 1939 4740 sub·

326 4771 388 4833 bus
401 4772 451 4833 vel
472 4772 503 4832 in
527 4773 630 4852 prima
643 4772 792 4835 instantia
813 4791 885 4836 cum
907 4792 1002 4835 causa
1015 4791 1121 4834 coram
1174 4781 1283 4839 tractae
1299 4777 1436 4854 fuerunt,
1453 4775 1581 4854 Decani,
1597 4771 1826 4848 Archidiaoooi,
1841 4773 1870 4830 et
1880 4765 1940 4828 olio·

327 4859 439 4922 iudice
459 4859 618 4921 ordinario
633 4879 671 4922 ex
686 4859 793 4940 aliqua
805 4859 946 4942 legitima
960 4877 1056 4922 causa
1069 4877 1122 4922 co·
1176 4883 1246 4927 rum
1261 4865 1444 4926 inferiorum
1462 4863 1593 4946 judicio,
1610 4867 1642 4926 et
1662 4861 1876 4942 Episcopcrum
1888 4859 1938 4917 tau·

329 4945 439 5026 gnosci
454 4947 572 5026 nequit,
588 4949 638 5009 vel
652 4947 684 5009 in
694 4949 833 5010 mcunda
847 4967 920 5011 cum
933 4950 966 5010 in
980 4947 1122 5028 partibus
1176 4957 1243 5015 tum
1259 4952 1404 5025 examini,
1423 4956 1454 5014 et
1464 4951 1676 5033 jurisdictioni
1696 4953 1866 5023 reservata,
1879 4944 1938 5004 dou·

331 5034 437 5095 nullus
451 5033 541 5097 adest
562 5035 676 5112 iudex,
692 5036 733 5098 ed
755 5036 844 5117 cujus
868 5037 1005 5098 tribunal
1027 5053 1123 5098 causa
1175 5045 1263 5102 taxat
1289 5040 1440 5120 procedat
1466 5040 1506 5103 de
1533 5037 1785 5115 archidiaconis,
1813 5029 1936 5103 liecenisr

325 5121 357 5182 in
373 5121 476 5202 gradu
491 5123 709 5202 appellationis
724 5123 919 5202 devolvatur,
935 5125 985 5186 vel
994 5123 1020 5184 si
1034 5123 1123 5186 adest
1176 5125 1307 5206 aliisque
1331 5127 1541 5208 inferioribus,
1567 5127 1621 5211 qui
1647 5127 1679 5188 in
1702 5125 1809 5188 eadem
1834 5111 1936 5182 diecesi

230 5262 234 5269 .
321 5209 409 5292 justa
432 5210 471 5272 de
494 5229 592 5272 causa
614 5228 721 5273 coram
744 5229 782 5274 eo
805 5212 974 5291 disceptari
1001 5212 1119 5292 nequit,
1176 5214 1348 5293 constituti,
1364 5217 1415 5278 vel
1428 5217 1592 5296 privilegio
1608 5215 1723 5296 aliquo,
1739 5211 1787 5274 vel
1801 5203 1936 5290 prascfil·

327 5315 432 5361 causae
446 5299 693 5361 matrimoniales
707 5299 886 5380 hujusmodi
897 5317 917 5360 a
927 5299 1007 5362 Sede
1021 5303 1122 5378 Apos-
1176 5303 1261 5366 tione
1275 5303 1387 5365 saltem
1396 5304 1429 5364 io
1438 5303 1614 5366 visitatione
1630 5317 1792 5366 causarum
1805 5292 1936 5358 mulsim-

323 5385 422 5448 cria
446 5385 695 5466 committuntur,
712 5387 765 5468 qur
780 5388 821 5450 oa
834 5386 1001 5465 maruan,
1017 5387 1067 5449 vo
1081 5387 1121 5449 oa
1176 5389 1307 5452 nurum
1322 5391 1531 5470 cognitionem
1546 5391 1605 5453 sn
1619 5387 1828 5470 euagone
1842 5377 1934 5443 rrae

324 5472 442 5536 melem
462 5475 660 5542 voluntatem
680 5475 835 5558 proclives
857 5479 931 5540 suut
952 5475 994 5540 ed
1016 5475 1121 5540 matri·
1176 5477 1306 5542 minime
1325 5479 1430 5543 obstet
1450 5477 1731 5556 commissionibus,
1753 5493 1820 5557 quc
1837 5464 1934 5552 prais
