3974 6348
328 551 367 610 91
973 537 1047 602 LlB.
1070 538 1122 602 vi.
1146 536 1248 600 PARS
1271 537 1323 600 111.

325 731 384 794 1333
410 732 616 807 contrahere,
646 728 704 790 nisi
726 727 964 804 dissolubiliter,
995 728 1027 786 et
1054 728 1121 787 tum
1178 725 1209 784 in
1232 722 1431 786 matrimonio
1446 721 1533 802 ipso?
1548 722 1611 784 imo
1635 721 1777 784 Baunius
1792 725 1892 801 putat,
1906 717 1949 781 uisi

326 821 559 884 matrimonium
574 823 621 880 est
634 818 771 893 nullum,
802 815 844 878 uti
861 814 1034 876 diiiliicn.
1051 817 1119 875 363.
1177 813 1318 874 Pontifex
1333 813 1365 872 id
1382 811 1605 891 prohibuisset,
1622 830 1714 890 posse
1737 812 1831 873 etiam
1849 809 1951 890 1133333

259 919 300 964 411
366 910 445 990 §lt
462 908 694 974 Matrimonium
709 905 790 965 inter
813 903 921 964 fideles
942 907 1046 964 ratum
1061 901 1124 961 dis·
1176 919 1252 979 pum
1276 901 1458 979 dispensare
1473 899 1505 960 in
1526 901 1580 962 tali
1604 900 1820 976 matrimonio,
1836 898 1901 978 quia
1915 917 1950 958 se·

328 998 406 1059 solvi
423 1017 484 1059 non
499 1001 602 1076 potest
623 998 732 1056 mutuo
756 1010 921 1068 consensu,
938 991 982 1050 uti
1002 994 1122 1050 certum
1176 988 1314 1049 cundum
1329 988 1442 1068 ipsum,
1460 993 1491 1050 et
1506 988 1585 1050 alios
1599 988 1727 1066 multos,
1742 988 1825 1070 quod
1836 985 1950 1049 Pontifex

327 1089 373 1148 est
403 1105 409 1146 :
437 1103 566 1164 neeper
592 1081 808 1163 impotentiam
835 1079 1119 1158 supervenientem,

326 1173 370 1234 uti
386 1172 507 1234 dicetur
519 1191 551 1233 n.
567 1174 622 1233 801
638 1190 646 1242 ;
663 1187 720 1229 333
741 1187 798 1247 333
820 1167 1050 1246 susceptionem
1065 1168 1123 1228 03-

326 1260 407 1320 dinis
422 1259 513 1336 sacri,
533 1258 575 1319 uti
591 1275 735 1336 expresse
751 1255 891 1316 declarat
904 1253 992 1315 loon.
1009 1251 1119 1328 XXII,

327 1347 411 1407 Exti.
428 1344 579 1426 Antiquae,
605 1346 649 1404 De
674 1347 756 1404 voto.
774 1345 920 1403 Attamen
945 1359 982 1400 eii
997 1339 1122 1419 privile-

324 1433 375 1513 gio
399 1431 513 1494 Christi
536 1429 662 1491 dissolvi
686 1433 788 1506 potest
809 1445 866 1505 per
893 1427 1120 1506 professionem

323 1521 524 1601 religiosam,
554 1517 728 1580 secundum
756 1516 1001 1577 declarationem
1030 1515 1118 1577 Trid.

323 1630 387 1672 3333.
416 1614 466 1687 31,
491 1608 527 1670 (13
557 1606 693 1668 Moerim.
725 1605 798 1666 Con.
832 1607 862 1681 6,
893 1604 938 1665 uti
962 1604 1058 1665 etiam
1082 1623 1120 1664 ex

324 1697 586 1759 declarationibus
613 1694 751 1774 plurium
772 1694 958 1754 Pontificum
983 1691 1122 1753 ostendit

325 1786 440 1849 Sanch.
458 1785 480 1848 t.
504 1789 533 1862 2,
550 1784 578 1846 d.
605 1787 653 1860 18,
670 1802 701 1860 n,
725 1784 754 1859 3,
771 1781 816 1844 333
830 1786 864 1843 33
878 1799 934 1859 333
949 1781 1122 1860 333333333-

324 1874 515 1950 nemetiam
537 1874 669 1951 333330
691 1888 790 1930 annos
809 1871 896 1948 prius
920 1873 992 1948 post
1014 1870 1121 1930 matri-

324 1961 464 2023 monium
479 1965 582 2022 ratum
604 1959 645 2020 ab
668 1975 728 2018 uno
748 1957 864 2018 factam
879 1961 979 2019 cesset
993 1955 1121 2017 omnino

325 2049 484 2110 vinculum
505 2047 695 2109 matrimonii
725 2046 757 2106 in
786 2049 931 2124 utroque,
961 2044 1121 2124 possitque

325 2138 405 2199 alter
435 2137 467 2197 in
496 2137 600 2198 seculo
627 2151 794 2194 remanens
826 2133 1013 2194 contrahere
1050 2150 1122 2192 cum

325 2227 396 2288 alio.
423 2228 598 2304 Putantquc
614 2223 676 2286 Sot.
693 2229 725 2284 et
738 2222 900 2300 aliiposita
914 2221 1118 2300 professione,

324 2313 524 2375 matrimonia
536 2312 590 2373 illa
612 2311 740 2372 dissolvi
763 2329 782 2370 3
805 2313 869 2371 1133
893 2311 981 2388 ipso;
998 2310 1035 2370 V.
1053 2310 1120 2369 Bel-

324 2406 415 2466 larm.
432 2412 454 2464 t.
471 2407 500 2472 2,
513 2401 710 2464 deMenoctn's
727 2399 790 2468 13.
807 2419 832 2461 e.
850 2402 900 2476 38,
917 2402 947 2459 33
961 2401 1071 2460 (13333.
1087 2417 1117 2478 q.

324 2498 353 2573 2,
369 2513 393 2554 3.
413 2496 443 2568 6,
466 2493 634 2571 valentque
658 2489 742 2550 dicta
765 2489 860 2550 etiam
883 2492 1027 2564 respectu
1050 2503 1120 2563 pro·

323 2579 466 2642 fessionis
481 2580 512 2639 in
529 2580 639 2641 ordine
654 2577 818 2653 Melitensi,
842 2577 972 2654 Sperell.
989 2574 1051 2635 dec.
1068 2577 1117 2652 2l,

323 2673 421 2732 (3.15.

256 2771 300 2815 iia
360 2761 449 2838 §12
476 2757 624 2830 Quamvis
652 2756 820 2834 Gregorius
840 2757 926 2832 11111,
953 2755 984 2814 33
1009 2754 1116 2831 Bulla,

322 2845 498 2909 decendente
516 2845 659 2915 Domino,
676 2845 788 2906 innuat
807 2849 882 2905 3333
909 2843 1063 2921 simplicia
1087 2843 1118 2901 in

324 2937 478 2999 Soeielate
503 2937 598 2999 JESU
620 2936 736 2996 hahere
759 2935 903 2995 eamdem
926 2932 1006 3009 vim,
1024 2951 1119 3012 quoin

323 3025 420 3085 habet
434 3024 589 3102 Religiosa
603 3024 756 3102 professio
771 3023 802 3082 in
818 3023 886 3082 aliis
899 3021 1117 3100 Regularihus,

322 3118 429 3175 tamen
451 3131 512 3173 non
537 3111 681 3190 intelligit
701 3111 805 3191 quoad
829 3111 945 3188 omnia,
962 3128 1034 3170 cum
1055 3127 1118 3170 non

323 3201 399 3261 dent
421 3199 515 3261 talem
534 3199 850 3275 indissolubilitatem,
867 3199 922 3258 sed
941 3201 1063 3259 tantum
1087 3199 1118 3257 in

324 3287 432 3347 ordine
452 3285 493 3346 ad
516 3285 769 3346 constituendum
790 3285 992 3363 Religionum,
1010 3291 1041 3346 et
1055 3285 1119 3344 vini

324 3373 491 3435 dirimendi
510 3373 760 3449 matrimonium,
778 3371 823 3432 uti
844 3391 873 3434 n.
901 3376 960 3435 679
984 3373 1117 3448 (1333333,

324 3463 397 3523 13333
420 3463 494 3543 quia
507 3469 581 3524 vota
594 3462 647 3522 3113
667 3480 731 3522 non
754 3461 927 3522 dissolvunt
950 3461 1114 3522 matrimo-

324 3552 411 3612 nium
432 3556 547 3627 ratum,
569 3549 722 3630 quidquid
746 3548 940 3610 contradicat
958 3551 1002 3609 De
1023 3549 1119 3611 Justis

323 3641 345 3702 l.
362 3644 391 3716 2,
407 3659 434 3701 c.
452 3642 500 3717 11,
517 3659 548 3698 n.
573 3641 641 3714 106,
658 3637 684 3696 33
700 3635 769 3716 quis
784 3637 815 3696 in
829 3635 1030 3698 matrimonio
1050 3641 1117 3697 rato

323 3729 508 3792 constitutus
523 3726 751 3802 admitteretur,
768 3745 806 3786 ne
829 3724 917 3786 uxori
937 3725 1026 3785 63333
1040 3724 1120 3804 inju-

322 3819 381 3896 ria,
397 3817 527 3879 deberet
539 3817 597 3896 ipsi
614 3815 763 3895 permitti,
775 3817 810 3875 ut
824 3819 895 3893 post
910 3814 1047 3892 primum
1062 3832 1120 3874 an-

323 3927 399 3970 num
422 3907 596 3969 Novitiatus
620 3906 728 3966 ederet
749 3903 993 3982 professionem,
1020 3909 1051 3964 et
1074 3903 1118 3964 sic

323 3997 546 4059 dissolveretur
559 3992 803 4055 matrimonium.

255 4102 292 4148 iii
362 4087 380 4165 §
401 4089 447 4148 13.
473 4083 621 4158 Quamvis
645 4081 901 4143 indissolubilitas
926 4079 1118 4142 matrimonii

323 4176 418 4236 etiam
441 4179 562 4235 tantum
583 4171 642 4232 rati
657 4170 697 4231 sit
717 4170 756 4230 de
780 4170 855 4231 Jure
877 4169 995 4246 divino,
1012 4174 1118 4230 tamen

323 4265 499 4326 (13333360
526 4260 702 4342 gravissimi
721 4263 874 4322 (13333333
897 4277 969 4320 eum
997 4260 1112 4321 Sancti.

323 4351 352 4414 d.
371 4356 420 4429 11,
436 4371 467 4412 n.
483 4358 519 4423 23
536 4353 644 4412 Avers.
663 4369 692 4430 q.
710 4353 739 4425 3,
755 4369 778 4410 s.
795 4352 825 4410 6.
842 4351 886 4410 De
901 4351 987 4410 Luca
1001 4348 1036 4409 (13
1050 4347 1118 4409 Mo-

323 4442 406 4501 tir‘in.
424 4439 451 4502 d.
472 4443 501 4516 9,
519 4441 550 4499 33
572 4438 613 4498 ad
636 4437 721 4498 Trid.
748 4437 778 4498 d.
802 4441 851 4513 31,
868 4456 898 4497 n.
924 4439 972 4509 163
999 4436 1115 4498 Arcud.

324 4527 346 4588 l.
363 4531 394 4604 1,
410 4546 436 4587 c.
462 4528 515 4597 l6;
533 4523 610 4586 Goh.
626 4531 666 4584 tr.
684 4526 732 4600 10,
749 4544 778 4584 n.
796 4525 851 4585 691
864 4543 871 4596 ;
885 4523 1018 4585 Coeden.
1040 4525 1071 4582 in
1087 4527 1116 4599 1,

323 4615 393 4675 crisi
415 4613 468 4673 dis.
494 4616 541 4689 19,
566 4631 596 4671 n.
615 4614 687 4684 l573
712 4611 838 4688 Sporer.
862 4631 892 4672 n.
916 4615 990 4685 3523
1007 4613 1115 4673 Mastr.

323 4725 353 4765 n.
371 4705 420 4780 63,
444 4705 552 4762 contra
572 4702 656 4763 Scot.
674 4701 706 4761 S.
723 4699 842 4760 Bonav.
868 4702 979 4762 Covar.
1005 4703 1117 4762 'fume-

324 4809 419 4853 crem.
434 4793 517 4852 Gutt.
530 4791 671 4866 Castrop.
684 4789 774 4848 Pont.
787 4787 872 4866 quod
882 4788 1118 4849 matrimonium

323 4883 438 4956 ratum,
454 4878 478 4939 si
495 4878 577 4939 adsit
586 4877 672 4956 justa
685 4895 792 4952 33333,
815 4877 912 4955 333333
935 4896 973 4937 eii
992 4895 1117 4939 conces·

324 4967 410 5028 sione
425 4966 532 5028 diviua
546 4965 649 5044 quoad
664 4965 823 5026 vinculum
837 4965 963 5026 dissolvi
983 4984 1040 5044 per
1055 4965 1118 5026 dis-

324 5056 540 5135 pensationem
563 5055 776 5128 Pontificiam;
796 5055 944 5134 leguntur
965 5055 1048 5115 enim
1068 5073 1118 5116 sa-

1176 1081 1278 1153 putest
1291 1076 1323 1136 in
1336 1076 1476 1138 Ecclesia
1486 1081 1570 1154 tota,
1589 1082 1711 1157 potest,
1727 1096 1788 1156 per
1801 1094 1832 1137 se
1845 1077 1951 1154 loqueu-

1175 1165 1228 1240 do,
1245 1165 1416 1244 Episcopus
1431 1165 1462 1225 in
1481 1185 1539 1227 sua
1553 1166 1699 1243 dioecesi,
1716 1165 1853 1244 exceptis
1866 1163 1950 1225 defini·

1175 1252 1312 1314 tionibus
1333 1253 1537 1332 333-3313313333,
1560 1260 1593 1316 et
1606 1273 1725 1328 mores3
1745 1271 1838 1335 quam
1851 1257 1950 1314 senten-

1174 1339 1252 1400 tiam
1267 1340 1380 1402 Mendo
1395 1340 1462 1401 diss.
1481 1343 1529 1418 13,
1549 1361 1580 1422 q.
1597 1346 1627 1419 2,
1645 1342 1722 1404 dicit
1743 1359 1813 1403 esse
1831 1339 1949 1420 probahi-

1175 1426 1248 1504 lem,
1270 1427 1325 1488 sed
1348 1427 1379 1486 id
1403 1429 1616 1490 communiter
1634 1447 1697 1490 non
1720 1428 1883 1490 admittunt
1900 1426 1947 1487 alii.

1177 1516 1267 1588 Quod
1286 1519 1392 1577 autem
1412 1515 1595 1578 Pontificem
1609 1517 1739 1594 attinet,
1758 1516 1853 1578 videri
1870 1519 1949 1595 potest

1176 1605 1305 1683 quaestio
1321 1605 1373 1666 illa
1383 1604 1414 1664 in
1425 1609 1591 1686 utramque
1602 1611 1725 1685 33333333
1735 1607 1804 1666 1333
1814 1606 1948 1684 disputata

1175 1694 1260 1772 apud
1274 1692 1372 1754 Krim.
1390 1711 1409 1754 3
1424 1711 1453 1754 n.
1471 1696 1559 1771 1611,
1577 1693 1675 1774 quin.
1697 1698 1788 1772 1619,
1800 1693 1945 1767 concludit,

1176 1787 1315 1860 spectata
1330 1781 1419 1859 praxi
1434 1782 1617 1843 Pontificem
1628 1783 1659 1843 id
1669 1801 1781 1862 posse;
1798 1787 1828 1843 et
1837 1784 1948 1842 1131333

1175 1870 1251 1947 (1.1,
1269 1875 1359 1948 putat
1380 1887 1509 1931 causam
1529 1870 1737 1931 sufficientem
1763 1887 1841 1946 esse,
1863 1867 1948 1929 333133

1176 1959 1378 2020 matrimonio
1394 1959 1483 2036 inito,
1500 1964 1531 2018 et
1545 1963 1764 2021 consummato
1779 1960 1948 2037 3333333333

1176 2065 1232 2108 nas
1256 2048 1392 2109 illustres
1419 2052 1608 2128 sequeretur
1628 2047 1769 2124 infamia,
1795 2054 1825 2108 et
1845 2044 1947 2107 3333313-

1175 2137 1256 2214 lum,
1273 2137 1298 2196 si
1313 2139 1449 2197 staretur
1464 2137 1562 2198 altero
1577 2137 1780 2198 matrimonio
1795 2135 1947 2200 catuntius

1175 2245 1287 2288 causas
1300 2225 1476 2288 affertdisc.
1494 2229 1522 2288 9.
1540 2228 1606 2288 lmo
1622 2219 1946 2303 docetDeJustisapud

1174 2315 1272 2375 Krim.
1288 2333 1319 2375 n.
1345 2317 1433 2390 3181,
1450 2314 1594 2375 sufficere
1609 2333 1666 2394 pro
1690 2314 1884 2376 dissolvendo
1896 2329 1944 2371 mn·

1175 2403 1321 2464 trimonio
1335 2408 1415 2480 rato,
1434 2404 1518 2483 quod
1533 2404 1565 2464 in
1581 2409 1691 2466 tenera
1705 2407 1798 2464 aetate
1814 2407 1947 2464 couti-aie

1174 2491 1246 2568 rint,
1263 2510 1335 2552 cum
1349 2491 1438 2552 facile
1453 2492 1614 2570 potuerint
1628 2492 1743 2571 decipi,
1758 2497 1789 2553 et
1799 2509 1875 2553 nunc
1887 2487 1947 2549 inei-

1174 2580 1262 2658 piant
1275 2579 1334 2640 sihi
1354 2579 1534 2658 displicere;
1551 2581 1607 2640 sed
1621 2581 1733 2641 merito
1749 2577 1944 2642 contradicunt

1174 2669 1236 2729 alii.
1260 2668 1318 2741 033
1341 2674 1447 2730 autem
1469 2669 1578 2730 dicunt
1604 2669 1688 2731 licite
1717 2668 1860 2731 contrahi
1879 2661 1945 2726 aliud

1173 2756 1408 2819 matrimonium
1422 2775 1460 2817 ex
1473 2758 1503 2817 vi
1518 2757 1589 2818 talis
1604 2757 1844 2836 dispensationis
1856 2757 1883 2814 in
1896 2751 1945 2831 pn'-

1173 2863 1236 2921 mo,
1253 2845 1379 2924 dehent,
1395 2849 1525 2924 propter
1537 2846 1622 2907 dicta
1636 2865 1655 2907 3
1670 2865 1702 2907 3.
1715 2849 1766 2923 38,
1780 2859 1944 2922 consequen·

1173 2941 1221 2997 ter
1245 2934 1365 3011 dicere,
1382 2951 1439 3012 per
1459 2933 1534 2994 33333
1553 2933 1802 3012 dispensationes
1816 2937 1844 2992 et
1862 2929 1946 2989 decla·

1174 3023 1311 3085 rationes
1325 3021 1440 3082 factam
1451 3039 1519 3082 esse
1533 3021 1741 3082 sufficientem
1751 3018 1943 3082 certitudinem
1973 3025 1975 3082 i

1174 3112 1347 3191 practicam
1361 3109 1432 3171 talis
1446 3109 1619 3171 sententiae.

1215 3201 1305 3275 01333.
1326 3198 1466 3261 Chi-istus
1489 3197 1597 3260 Macen
1620 3201 1669 3277 19,
1693 3198 1839 3277 prohibet
1859 3189 1944 3256 matri·

1173 3290 1314 3352 monium
1329 3287 1467 3365 dissolvi,
1484 3305 1557 3348 nam
1572 3287 1659 3364 dicit,
1676 3286 1755 3369 qnod
1763 3285 1839 3348 Bene
1847 3285 1943 3366 conjice

1172 3382 1238 3454 331,
1263 3377 1347 3437 homo
1369 3393 1430 3436 non
1451 3384 1576 3456 separet,
1600 3379 1632 3437 et
1655 3375 1739 3456 quod
1763 3377 1898 3454 loquatur
1914 3369 1943 3430 (13

1173 3465 1372 3528 matrimonio
1387 3463 1482 3524 etiam
1492 3467 1559 3525 rato
1571 3467 1706 3541 tantum,
1718 3463 1874 3543 probatur,
1888 3473 1942 3520 nani

1173 3555 1311 3636 loquitur
1347 3553 1386 3613 de
1422 3551 1644 3631 matrimonio,
1675 3552 1767 3632 quale
1800 3550 1855 3611 fuit
1881 3549 1943 3608 inter

1173 3647 1274 3706 Adam
1290 3648 1321 3702 et
1334 3643 1450 3716 Evam,
1470 3639 1542 3703 Gen.
1565 3643 1603 3715 2;
1620 3641 1676 3702 sed
1692 3642 1752 3702 hoc
1765 3641 1824 3700 fuit
1844 3641 1941 3699 nina

1173 3738 1290 3808 ratum,
1307 3748 1381 3791 nam
1395 3729 1482 3808 prius
1498 3733 1569 3808 post
1586 3733 1751 3808 peccatum
1766 3747 1791 3789 3.
1807 3730 1835 3803 1,
1850 3737 1943 3802 cogno·

1173 3819 1218 3882 vit
1231 3823 1348 3892 Evam;
1366 3835 1451 3897 ergo.
1478 3819 1570 3895 ltesp.
1588 3815 1739 3878 Prohibet
1752 3813 1871 3877 dissolvi
1888 3826 1942 3870 auo·

1173 3909 1298 3972 toritate
1311 3907 1450 3968 humana
1469 3923 1498 3966 c.
1515 3904 1621 3966 divina
1641 3925 1672 3966 n.
1690 3906 1772 3966 hanc
1786 3903 1863 3965 enim
1879 3901 1941 3960 11333

1174 3997 1328 4060 concessit
1347 3994 1511 4072 Ecclesia,
1533 3995 1579 4055 uti
1601 3999 1724 4056 constat
1746 4013 1765 4055 a
1786 3986 1939 4072 posterioii,

1173 4105 1245 4148 cum
1269 4084 1409 4148 Ecclesia
1429 4103 1512 4162 saepe
1535 4083 1656 4146 fecerit.
1679 4086 1729 4146 An
1743 4087 1844 4144 autem
1857 4073 1942 4138 matii·

1172 4176 1313 4238 monium
1334 4177 1438 4235 iatum
1457 4171 1584 4234 dissolvi
1608 4173 1708 4250 possit
1726 4189 1783 4250 per
1804 4167 1938 4234 ludicen,

1173 4269 1303 4343 propter
1315 4261 1505 4324 adulterium
1516 4277 1588 4322 cum
1599 4260 1713 4339 aliena,
1726 4259 1842 4321 dicetur
1850 4273 1876 4316 n.
1886 4253 1938 4312 119.

1213 4355 1288 4414 inst.
1311 4349 1545 4413 Matrimonium
1569 4352 1820 4412 consummatum
1838 4335 1939 4406 dissolvi

1173 4461 1235 4503 non
1250 4445 1370 4521 potest,
1388 4440 1564 4503 secundum
1586 4438 1671 4500 dicta
1684 4459 1716 4500 n.
1731 4440 1798 4512 103,
1815 4449 1881 4512 ergo
1897 4441 1939 4487 iet

1173 4537 1294 4607 ratum,
1319 4548 1393 4592 nam
1417 4547 1479 4591 non
1509 4529 1658 4590 differunt
1688 4523 1890 4589 essentialiter.
1911 4517 1936 4576 ll·
1968 4595 1970 4602 γ

1173 4621 1298 4682 (13113333
1323 4618 1532 4680 essentialiter
1557 4618 1589 4678 in
1618 4617 1739 4678 ratione
1768 4605 1939 4692 significate
1969 4613 1970 4620 ³

1172 4708 1237 4784 nis,
1256 4725 1328 4766 nam
1349 4705 1523 4766 secundum
1539 4703 1624 4766 dicta
1638 4725 1667 4766 n.
1689 4707 1757 4779 103,
1772 4707 1937 4762 consumma·

1172 4801 1239 4857 tuin
1254 4795 1410 4874 significat
1423 4793 1680 4874 conjunctionem
1694 4791 1804 4855 Christi
1821 4802 1883 4848 cum
1897 4781 1937 4840 113-

1172 4883 1278 4961 clesia,
1297 4882 1371 4944 item
1389 4881 1645 4962 conjunctionem
1662 4878 1755 4943 Verbi
1770 4873 1937 4938 3333133333·

1173 4971 1285 5047 nitate,
1309 4987 1378 5050 quae
1394 4967 1630 5048 conjunctiones
1651 4969 1807 5046 perpetuae
1828 4957 1936 5031 suntet
1967 5035 1968 5038 Ἴ

1173 5057 1417 5131 indissolubilem
1434 5060 1575 5117 econtra
1598 5060 1702 5117 ratum
1722 5051 1865 5132 signifieat
1882 5059 1936 5104 con·

324 5143 508 5222 pientissimi
531 5141 694 5202 Pontifices
709 5141 818 5203 decem
839 5143 883 5202 sic
903 5142 1114 5221 dispensasse,
1168 5145 1362 5226 junctionem
1382 5143 1495 5206 Christi
1517 5162 1589 5204 cum
1604 5143 1712 5204 anima
1728 5139 1813 5222 justi,
1828 5145 1935 5216 quast
1967 5131 1968 5136 ’

324 5235 402 5292 33313
418 5231 506 5311 Pign.
524 5240 545 5292 t.
564 5234 592 5308 1,
609 5249 685 5292 cons.
704 5234 770 5308 118,
787 5231 840 5291 3133
856 5231 1117 5292 etiamrefertsic
1172 5234 1275 5294 13133133
1289 5236 1336 5294 333
1349 5251 1406 5311 333
1419 5235 1583 5310 peccatum
1597 5232 1741 5293 mortale.
1752 5227 1827 5291 Vide
1840 5213 1932 5286 snut·
1966 5269 1967 5272 ,

325 5318 500 5380 declarasse
517 5320 628 5380 Sacros
643 5321 795 5398 Congreg.
812 5339 884 5380 cum
899 5319 983 5380 enim
997 5319 1118 5400 possint

325 5405 505 5484 dispensare
520 5405 552 5465 in
567 5406 759 5484 professione
774 5406 930 5485 religiosa,
947 5426 1004 5485 per
1021 5423 1117 5487 quam

324 5493 480 5557 dirimitur
494 5495 727 5558 matrimonium
741 5501 855 5575 ratum,
872 5514 928 5559 cur
942 5514 1005 5558 non
1020 5496 1118 5576 possit

1172 5340 1297 5488 sugrll.
1322 5411 1425 5472 Posita
1448 5409 1681 5490 dispensatione
1706 5399 1851 5471 Pontificio
1869 5391 1967 5489 333331

1171 5498 1406 5560 matrimonium
1421 5503 1541 5578 ratum,
1565 5499 1733 5562 dicendum
1754 5498 1813 5570 est,
1828 5482 1898 5572 quod
1908 5496 1930 5539 31
