3974 6348
691 544 742 606 DE
763 545 1025 607 lineamento.

53 733 138 791 sotem
150 735 250 790 manet
264 747 414 809 praesens
437 735 469 792 ot
482 731 626 793 assistere
642 733 752 812 possit,
772 751 825 793 nc·

53 822 114 896 gant
132 818 244 879 censeri
268 837 326 899 per
347 819 408 880 boo
422 819 530 881 datam
552 819 710 881 licentiam
733 821 825 881 assis-

53 904 123 964 tendi
143 905 338 968 matrimonio
362 907 418 966 sed
441 911 564 968 tantum
588 907 628 967 ad
649 908 754 968 danda
769 909 827 969 Sa-

53 997 201 1068 cramenta,
231 1011 367 1074 quorum
394 995 500 1056 stricte
528 995 669 1057 Minister
696 1001 743 1056 est
771 997 826 1057 Sa·

54 1081 156 1141 cardos.

10 1167 34 1220 bt
83 1171 164 1247 §29-
189 1169 339 1238 Quamvis
360 1169 522 1248 delegatus
550 1172 736 1250 regulariter
763 1188 825 1231 uon

54 1255 135 1335 possit
154 1255 370 1334 subdelegarc,
395 1257 469 1335 Cap.
493 1277 558 1317 cnm
573 1277 700 1326 causam,
718 1264 766 1334 62,
783 1258 827 1318 lle

53 1343 177 1424 appellat.
204 1343 226 1404 l.
247 1346 276 1410 l,
302 1343 321 1422 ᾗ
345 1346 373 1420 l,
391 1345 413 1404 l.
438 1349 467 1407 3.
484 1346 519 1424 ff.
536 1345 666 1427 dcosfic.
683 1349 756 1428 rpus,
778 1347 828 1406 cni

53 1428 172 1490 mandata
185 1437 226 1490 est
238 1429 425 1510 jurisdictio,
440 1433 574 1512 ideoque
589 1434 687 1494 Titius
702 1434 826 1512 delega-

54 1524 93 1578 tus
106 1517 142 1579 ad
155 1518 364 1579 assistendum
378 1521 452 1580 Caio
469 1525 499 1581 et
514 1522 636 1583 Berthae
651 1541 713 1582 non
729 1523 826 1600 possit

10 1625 12 1676 ς
51 1605 100 1665 boo
123 1607 206 1667 alteri
235 1606 444 1684 committere,
471 1613 610 1670 attamen
639 1611 825 1671 constitutus

51 1695 129 1754 otiam
142 1695 180 1754 ad
189 1696 424 1756 Matrimonium
440 1699 583 1758 Vicarius
599 1699 743 1774 Parochi‚
760 1699 825 1758 sive

51 1782 104 1840 rice
117 1801 188 1843 cura
201 1783 261 1862 ipsi
277 1783 445 1845 commissa
459 1786 499 1847 sit
514 1787 554 1846 ab
569 1787 747 1863 Ordinario,
760 1785 825 1846 sive

10 1915 13 1956 ,
51 1868 177 1929 etiamad
193 1889 312 1948 paucos
327 1870 393 1930 dies
407 1875 529 1932 tantum
550 1891 569 1933 a
584 1874 726 1936 parocho
745 1874 823 1952 ipso,

10 2009 12 2036 ,
50 1961 135 2034 potest
154 1958 350 2019 summittere
375 1959 465 2018 alteri
488 1961 651 2022 Sacerdoti
666 1960 825 2022 licentiam

10 2055 12 2104 ἑ
50 2043 212 2120 assistendi,
240 2043 314 2123 quia
337 2046 500 2124 delegatus
524 2049 564 2108 ad
589 2048 825 2109 universitatem

10 2125 12 2178 ἒ
51 2149 207 2208 causarum,
235 2135 301 2194 sire
326 2135 367 2194 ad
391 2152 499 2196 omues
523 2154 645 2212 causas,
662 2137 773 2197 saltem
793 2136 826 2194 iu

51 2223 120 2280 certo
132 2239 259 2299 genere,
285 2222 329 2282 uti
355 2223 405 2284 bic
420 2225 464 2299 lit,
484 2228 589 2302 potest
604 2225 824 2303 subdelegare,

51 2306 201 2368 dummodo
216 2310 403 2390 subdeleget
422 2311 452 2370 iu
468 2312 688 2389 particularem
704 2316 827 2373 tantum

51 2413 168 2472 oausam,
192 2399 304 2458 Arois.
331 2418 360 2479 p.
378 2402 407 2475 6,
424 2419 447 2459 s.
464 2404 494 2474 l,
511 2401 623 2476 §dom
649 2400 766 2460 Deluca
788 2398 828 2460 nd

10 2547 11 2550 Ἴ
52 2481 124 2543 llid.
142 2485 209 2545 disc.
227 2488 278 2562 26,
295 2486 497 2558 n.6;llrim.
515 2506 547 2548 n.
568 2488 781 2565 681;llugler
794 2507 824 2547 n.

10 2655 33 2710 Β
81 2660 151 2736 §aa
168 2658 199 2722 Si
215 2659 311 2720 detur
324 2658 451 2720 licentia
465 2661 506 2721 ad
526 2679 757 2742 quemeumque
773 2665 828 2724 Sa-

10 2741 11 2744 ’
51 2747 200 2824 cerdotem,
216 2748 325 2825 sponsi
340 2747 427 2808 adire
442 2755 573 2826 possunt
590 2769 684 2830 quem
704 2753 824 2812 volunt.

50 2835 131 2896 lln'm.
146 2855 173 2897 a.
184 2837 257 2897 683.
274 2835 334 2908 Oui
355 2835 489 2897 obtinuit
503 2843 538 2896 ut
558 2837 629 2898 iniri
653 2840 752 2917 possit
775 2857 827 2900 co-

50 2941 105 2984 ram
125 2923 265 2984 Parocbo
291 2923 323 2983 S.
341 2924 435 3000 Petri,
453 2924 477 2983 si
493 2923 578 2984 ineat
599 2944 706 2987 coram
730 2930 828 2988 Paro-

51 3011 98 3072 cbo
117 3013 145 3074 S.
162 3010 299 3087 Martini,
323 3011 501 3073 assistentia
522 3017 589 3074 tum
609 3020 655 3076 est
667 3016 783 3093 valida,
800 3016 826 3075 si

51 3096 206 3176 designatio
230 3099 365 3159 Parocbi
390 3100 421 3160 S.
440 3100 521 3160 Petri
546 3105 593 3164 est
612 3103 694 3164 iacta
707 3104 739 3163 in
754 3123 827 3182 gra-

51 3185 113 3246 tiam
124 3187 269 3266 petentis,
294 3203 368 3246 nam
391 3192 438 3247 est
458 3188 554 3250 tacita
575 3194 607 3251 et
628 3191 779 3270 implicita
793 3193 827 3253 li·

10 3275 12 3332 i
51 3273 145 3349 centia,
170 3278 204 3333 ut
228 3274 325 3333 etiam
347 3272 444 3333 alium
463 3275 557 3335 adeat
572 3295 582 3334 .·
597 3276 624 3336 si
638 3283 744 3338 autem
759 3279 827 3340 bero

50 3358 156 3422 licentia
170 3365 255 3422 esset
269 3361 352 3421 lacta
366 3379 404 3419 ex
418 3363 546 3439 speciali
571 3382 667 3426 causa
680 3371 826 3428 movente

10 3461 15 3512 t
51 3448 83 3507 ad
100 3448 325 3528 designandum
353 3447 529 3509 Parocbum
544 3451 576 3512 S.
600 3454 695 3530 Petri,
726 3453 771 3515 ita
791 3461 827 3516 ut

10 3593 11 3622 ζ
51 3553 101 3596 non
113 3535 279 3598 dimisisset
292 3534 333 3596 ad
350 3535 457 3611 alium,
475 3537 653 3601 assistentia
668 3540 727 3600 erit
740 3540 827 3601 inva-

50 3622 110 3699 lida,
125 3625 199 3686 Gob.
216 3643 249 3683 a.
267 3625 336 3683 525.
354 3624 393 3683 Et
406 3624 565 3685 conforme
580 3632 627 3686 est
647 3627 736 3688 dictis
751 3628 771 3689 l.
793 3632 823 3694 6,

10 3775 11 3780 ,
50 3729 74 3788 p.
88 3716 113 3789 2,
128 3733 158 3776 n.
173 3716 267 3790 Sall,
283 3711 322 3771 de
337 3711 466 3772 dimisso
481 3712 521 3772 ad
535 3714 726 3794 Episcopum
744 3720 782 3779 Α.
799 3717 825 3777 si

50 3801 156 3876 petierit
164 3800 305 3862 ordinari
321 3799 361 3860 ab
375 3799 529 3879 Episcopo
544 3804 580 3864 Β.
598 3804 707 3874 Quoad
721 3803 826 3866 Matri·

50 3889 172 3950 monium
194 3895 303 3950 tamen
327 3886 509 3965 ridendum,
527 3908 566 3950 ne
586 3897 760 3969 exponatur
774 3908 825 3968 pe·

51 3977 132 4039 riculo
146 3975 308 4038 nullitatis.

10 4061 32 4112 Ν
81 4066 96 4144 5
114 4069 160 4127 3l.
174 4069 245 4127 Huc
265 4064 400 4142 pertinet
414 4067 525 4127 solutio
540 4066 699 4147 sequentis
715 4083 822 4126 casus:

50 4155 204 4234 Episcopus
218 4153 275 4215 dat
289 4154 361 4214 Gaio
378 4155 540 4217 Sacerdoti
565 4157 752 4234 potestatem
775 4171 826 4214 as-

50 4241 159 4304 sistendi
181 4241 400 4318 matrimonio,
424 4242 546 4303 omissis
575 4241 825 4323 proclamationi·

48 4326 118 4407 bus,
144 4348 217 4390 cum
246 4329 393 4390 facultate
428 4333 463 4391 ut
490 4331 587 4409 possit
614 4331 710 4392 alium
735 4331 826 4410 juxta

49 4433 123 4478 suam
143 4417 366 4479 conscientiam
390 4418 459 4479 loco
483 4437 539 4479 suo
555 4421 754 4496 substituere,
772 4419 823 4499 qui

49 4505 166 4568 assistat.
182 4507 277 4568 Gaius
296 4507 434 4584 generali
459 4509 573 4586 scripto
589 4507 747 4569 substituit
761 4525 825 4567 om·

49 4609 94 4652 nes
106 4599 134 4654 ct
146 4594 288 4672 singulos
307 4594 474 4654 saeculares
491 4601 545 4657 aut
559 4596 729 4674 llegulares
747 4612 825 4674 quos

49 4680 88 4739 rel
100 4699 190 4760 quom
204 4680 306 4742 Titius
320 4681 450 4759 elegerit
467 4702 473 4742 :
497 4683 596 4743 Titius
615 4682 702 4761 eligit
724 4685 827 4762 Regu-

49 4766 142 4831 larem.
160 4769 316 4844 Oaoeritar
337 4787 377 4828 an
399 4770 534 4832 valuerit
556 4769 609 4830 illa
627 4771 671 4832 ita
693 4789 827 4849 genera·

1618 551 1673 610 l’l'l

882 751 944 793 non
959 733 1083 794 videtur
1097 733 1269 812 Episcopus
1292 733 1462 795 intendisse
1482 735 1677 797 substitutio-

881 839 954 882 nem
975 821 1019 882 ita
1041 823 1241 900 generalem:
1260 826 1287 885 l.
1304 823 1383 894 Ouia
1406 823 1483 884 alias
1504 842 1565 886 uon
1589 824 1673 900 Caio,

880 908 936 968 sed
959 909 1038 970 Titio
1060 909 1118 987 ipsi
1142 909 1323 971 immediate
1348 911 1677 989 lecissetpotcstatem

880 994 1015 1072 eligendi
1040 996 1243 1056 Sacerdotem
1270 1015 1365 1076 quem
1388 996 1483 1058 vellet
1506 1017 1513 1057 :
1540 1001 1569 1058 2.
1597 999 1677 1058 Cum

879 1081 1266 1144 volueritsubstituialium
1274 1084 1370 1164 jueta
1380 1085 1581 1146 conscientiam
1597 1083 1673 1160 Caii,

880 1167 1005 1228 videtur
1017 1168 1151 1228 soluisse
1167 1169 1199 1228 in
1218 1169 1290 1230 Caio
1313 1171 1423 1230 adesse
1442 1171 1606 1230 scientiam
1622 1170 1676 1229 de-

881 1255 1044 1317 terminate
1058 1256 1265 1318 substituendi
1284 1277 1290 1317 :
1309 1258 1481 1318 conscicntia
1495 1258 1579 1318 enim
1599 1257 1676 1318 dicit

879 1345 1040 1420 scientiam,
1064 1363 1118 1405 seu
1142 1346 1363 1423 coguitionem,
1380 1347 1443 1407 imo
1465 1346 1590 1407 videtur
1611 1346 1676 1406 ele-

882 1432 963 1510 gisse
979 1433 1177 1511 prudentiam
1192 1434 1240 1494 rel
1255 1434 1440 1496 industriam
1463 1434 1556 1513 hujus
1570 1433 1675 1495 deter-

879 1520 1006 1581 minatas
1020 1538 1162 1600 personae
1173 1521 1235 1581 Caii
1247 1522 1287 1582 ad
1298 1521 1534 1602 dijudicandum
1550 1520 1589 1582 de
1604 1538 1676 1582 con-

881 1607 1018 1684 ditione,
1040 1613 1071 1669 et
1093 1607 1266 1686 aptitudine
1290 1608 1509 1670 substituendi.
1536 1607 1675 1668 Praetioe

880 1695 1049 1774 loquendo,
1076 1695 1242 1754 suaderem
1264 1701 1298 1756 ut
1321 1695 1372 1756 isti
1394 1695 1541 1773 Regulari
1563 1694 1676 1756 substi-

880 1788 947 1845 tuto
963 1801 1046 1844 nunc
1061 1783 1189 1843 daretur
1203 1784 1347 1845 absoluta
1367 1783 1500 1844 facultas
1514 1781 1676 1843 matrimo-

881 1871 968 1930 nium
982 1871 1058 1932 illud
1082 1871 1253 1948 validandi,
1278 1872 1304 1931 si
1327 1872 1406 1933 forte
1426 1871 1599 1931 invalidum
1615 1875 1673 1946 est,

881 1960 1057 2038 poteritque
1077 1959 1129 2018 ille
1152 1959 1242 2019 facile
1267 1959 1407 2019 invenire
1431 1958 1562 2020 modum
1584 1967 1675 2019 r'eoo·

881 2047 977 2106 randi
989 2061 1178 2106 'eonsensum
1193 2047 1273 2107 iuter
1287 2045 1438 2127 conjuges
1453 2045 1553 2124 primo
1569 2045 1675 2106 adbuc

882 2153 988 2194 amore
1004 2136 1151 2211 calentes,
1169 2135 1221 2214 qui
1244 2135 1370 2196 omnino
1392 2138 1540 2195 tenentur
1562 2134 1676 2196 revali-

883 2221 968 2298 dam,
986 2223 1060 2300 quia
1074 2222 1184 2282 saltem
1199 2222 1360 2300 probabile
1375 2226 1422 2283 est
1435 2224 1676 2284 Sacramentum

882 2308 957 2369 illud
972 2310 1088 2385 valere,
1105 2313 1136 2370 et
1159 2309 1216 2386 ipsi
1241 2309 1477 2389 cesseruntjuri
1492 2326 1561 2386 suo,
1580 2311 1676 2371 etiam

882 2414 938 2474 pro
967 2415 1041 2457 casu
1069 2395 1296 2475 probabilitatis
1325 2397 1363 2457 de
1391 2396 1597 2475 invaliditate,
1629 2396 1675 2458 uti

883 2485 1063 2546 dictumest
1081 2503 1112 2546 n.
1136 2487 1205 2546 ll'l.
1226 2485 1273 2545 lta
1294 2502 1366 2546 cum
1380 2484 1449 2545 aliis
1469 2485 1576 2546 censui
1591 2503 1675 2546 anno

922 2662 1011 2738 532.
1036 2665 1115 2722 liam
1138 2661 1200 2722 buc
1227 2662 1363 2740 pertinet
1381 2661 1492 2723 solutio
1514 2660 1675 2740 sequentis
1702 2676 1741 2722 aar

883 2766 996 2809 casus:
1020 2749 1119 2809 Titius
1138 2753 1169 2810 et
1191 2749 1275 2824 Gaia,
1293 2750 1421 2810 obtenta
1441 2749 1674 2828 dispensatione

882 2836 922 2897 ab
957 2835 1119 2896 Ordinario
1155 2837 1360 2897 contrahendi
1392 2853 1499 2897 eoram
1532 2836 1673 2898 Parooho

882 2941 1015 3004 sponsae,
1032 2929 1096 3000 aut,
1121 2925 1159 2985 de
1180 2925 1261 2985 illius
1280 2925 1425 3003 prascitu
1445 2929 1476 2985 et
1490 2925 1585 2987 salvis
1596 2925 1674 3006 juri-

881 3011 951 3088 bus,
976 3028 1082 3071 eoram
1103 3011 1164 3072 alio
1193 3011 1380 3086 Sacerdote,
1412 3010 1526 3072 omisso
1554 3011 1673 3090 proprii

881 3098 1014 3160 Paroebi
1037 3099 1194 3177 praescito,
1214 3116 1321 3159 coram
1335 3099 1395 3158 alio
1412 3099 1581 3160 Sacerdote
1600 3117 1676 3161 cou-

881 3188 1033 3263 trabunt,
1069 3188 1237 3266 statimque
1265 3186 1365 3246 altera
1391 3185 1442 3246 die
1470 3187 1502 3246 in
1530 3187 1674 3248 convivio

882 3275 1012 3354 nuptiali
1035 3276 1160 3337 solvunt
1187 3275 1314 3354 proprio
1343 3275 1485 3336 Perocho
1510 3275 1595 3355 jura,
1619 3275 1672 3354 qui

882 3363 926 3423 eis
950 3364 1195 3441 congratulatur.
1214 3361 1376 3438 Quaeritur,
1394 3365 1422 3422 l.
1440 3364 1488 3423 lln
1512 3361 1675 3440 prasoitus

881 3451 998 3529 proprii
1022 3452 1155 3511 Paroohi
1180 3451 1212 3511 in
1240 3450 1472 3529 dispensatione
1500 3448 1674 3510 mentiona-

880 3543 929 3599 tus
944 3539 984 3600 sit
996 3556 1053 3617 per
1066 3538 1195 3599 modum
1210 3537 1359 3616 simplicis
1373 3537 1470 3614 modi,
1488 3557 1529 3598 an
1544 3555 1618 3598 vero
1634 3538 1673 3598 de

880 3627 991 3703 forma,
1009 3633 1040 3686 et
1054 3625 1198 3702 essentia,
1216 3626 1425 3704 importetque
1445 3626 1620 3702 clausulam
1634 3626 1675 3686 ir·

879 3712 1047 3776 rientem?
1067 3719 1096 3775 E.
1114 3714 1146 3776 Si
1168 3713 1325 3793 importet,
1347 3731 1387 3773 an
1408 3713 1587 3775 assistentia
1600 3731 1674 3792 pro-

880 3803 939 3880 prii
968 3804 1124 3880 Parochi,
1154 3807 1185 3864 et
1211 3802 1439 3882 congratulatio
1468 3803 1500 3862 io
1528 3803 1673 3864 convivio

881 3891 1010 3970 nuptiali
1032 3891 1116 3951 lacta
1137 3890 1258 3950 censeri
1281 3907 1343 3949 uon
1366 3889 1465 3967 possit
1487 3889 1672 3950 revalidatio

879 3979 993 4056 prioris
1008 3977 1207 4039 contractus?
1221 3979 1258 4039 R.
1277 3976 1319 4037 nd
1339 3979 1367 4036 l.
1392 3976 1570 4037 Clausulam
1593 3976 1674 4037 bano

881 4067 1089 4129 commissioni
1106 4066 1266 4138 insertam,
1279 4063 1314 4124 cle
1328 4063 1412 4123 illius
1425 4063 1563 4144 prcescitu
1576 4073 1603 4123 et
1615 4065 1674 4125 col-

880 4154 1059 4236 vaporibus,
1076 4173 1136 4215 non
1153 4151 1252 4214 videri
1268 4150 1453 4227 irritantem,
1465 4150 1521 4210 sed
1535 4169 1674 4230 praecap-

880 4242 976 4304 tivam
1000 4243 1161 4318 duntaxat,
1178 4241 1219 4300 ad
1234 4237 1377 4300 vitandas
1392 4240 1538 4316 querelas
1553 4241 1672 4318 proprii

880 4329 1023 4405 Parocbi,
1049 4332 1081 4389 ct
1104 4347 1142 4388 ue
1164 4325 1405 4387 defraudaretur
1424 4325 1559 4405 juribus.
1583 4326 1672 4388 Ratio

880 4421 928 4478 est
962 4416 1037 4496 quia
1064 4435 1102 4476 ex
1129 4433 1192 4476 uua
1215 4417 1304 4493 parte
1331 4413 1541 4490 amplissimus
1569 4417 1617 4476 est
1641 4414 1672 4473 in

879 4508 896 4569 J
900 4524 955 4566 ure
970 4505 1059 4566 lavor
1072 4502 1272 4579 Matrimonii,
1289 4505 1371 4562 etex
1387 4501 1487 4562 altera
1505 4505 1594 4579 parte
1618 4502 1674 4562 do-

880 4598 1001 4656 crotum
1022 4592 1107 4652 Trid.
1125 4591 1250 4653 irritans
1273 4588 1473 4649 matrimonia
1488 4593 1535 4649 est
1553 4607 1673 4650 corree-

880 4682 1006 4756 torium,
1023 4681 1157 4760 ideoque
1173 4683 1296 4758 oportet
1311 4695 1436 4755 semper
1449 4680 1532 4737 stare
1547 4695 1603 4754 pro
1618 4696 1673 4738 va-

880 4771 946 4832 lore
969 4767 1171 4843 matrimonii,
1198 4766 1324 4846 quando
1347 4781 1386 4824 ca
1404 4764 1570 4825 observata
1588 4769 1671 4840 sunt,

49 4857 78 4916 lis
89 4859 264 4920 substitutio
288 4857 393 4918 aCaio
416 4857 510 4934 facta,
536 4865 568 4918 et
586 4863 822 4939 consequenter,
881 4875 951 4936 quar
973 4854 1103 4934 praecise
1127 4851 1244 4913 aTrid.
1267 4851 1307 4912 ad
1321 4850 1493 4912 tollendam
1507 4849 1674 4911 clandesti-

49 4959 80 5002 au
99 4946 238 5006 validum
262 4945 302 5005 sit
323 4945 578 5007 Matrimonium?
592 4949 628 5007 a.
647 4951 675 5008 l.
692 4949 827 5008 Interro-
881 4946 1010 5007 uitatem
1024 4942 1207 5021 praescripta
1220 4943 1303 5016 sunt,
1320 4939 1360 4999 ad
1376 4937 1460 5018 quod
1475 4937 1589 4999 suffieit
1602 4955 1674 4998 con·

10 5053 12 5068 .
47 5034 154 5110 gandus
168 5036 354 5114 Episcopus,
371 5035 448 5114 quid
463 5034 647 5096 intellexerit
661 5052 718 5114 per
736 5035 823 5111 illud,
880 5034 1005 5096 trabere
1029 5031 1075 5094 vel
1098 5049 1196 5092 comm
1217 5028 1341 5110 proprio
1364 5027 1498 5088 Paroclro
1516 5027 1613 5106 spone
1623 5035 1675 5086 aar

10 5195 11 5206 ἵ
43 5131 123 5198 parm
148 5143 232 5184 snam
260 5122 474 5198 conscientiam,
505 5127 535 5183 ct
564 5142 604 5183 an
632 5123 826 5183 voluntatem
879 5141 1001 5204 sponsae,
1018 5117 1224 5199 presentibus
1249 5115 1372 5178 duobus
1395 5114 1507 5175 saltem
1526 5112 1595 5174 aliis
1615 5118 1675 5175 tes·

10 5211 11 5248 3
48 5225 123 5270 suam
136 5210 313 5274 extenderit
326 5211 364 5271 ad
381 5229 489 5272 casum
503 5209 656 5290 ejusmodi
671 5209 826 5289 generalis
880 5211 974 5286 tibus,
999 5209 1049 5268 vel
1072 5225 1178 5268 coram
1203 5205 1265 5266 alio
1288 5202 1457 5265 Sacerdote
1477 5219 1514 5262 ex
1529 5203 1675 5263 commis-

10 5291 12 5376 ᾗ
49 5296 290 5375 substitutionis,
311 5289 402 5360 'sciet
429 5297 512 5359 enim
548 5298 704 5378 quomodo
734 5297 828 5360 fuerit
882 5298 968 5359 sione
992 5293 1123 5354 Parocbi
1144 5290 1274 5370 proprii,
1291 5289 1337 5350 acl
1354 5307 1392 5349 ca·
1411 5287 1607 5349 commissione
1621 5289 1675 5350 Or-

10 5377 12 5468 i
49 5384 144 5448 atem
157 5387 359 5448 habitualiter
380 5386 572 5466 dispositus:
594 5385 619 5445 si
634 5390 740 5446 autem
754 5385 826 5446 inde
882 5383 995 5448 dinarii
1018 5400 1116 5443 coram
1141 5379 1203 5438 alio
1223 5375 1389 5453 Sacerdote,
1406 5384 1434 5435 ct
1447 5371 1672 5453 discisionibus,

10 5469 12 5522 ἶ
49 5471 113 5534 nibil
134 5473 244 5536 resciri
265 5479 377 5554 potest,
405 5478 440 5535 a.
467 5477 494 5536 2.
517 5475 634 5537 Stando
657 5475 689 5534 in
710 5473 824 5553 verbis,
881 5471 935 5533 ubi
944 5487 1006 5532 non
1021 5467 1157 5545 additur,
1168 5485 1233 5528 com
1244 5465 1386 5548 prescitae
1396 5463 1521 5544 proprii
1531 5462 1673 5543 Poroclri,

10 5633 11 5636 ,
135 5580 211 5644 Tor.
228 5581 281 5644 lv.
585 5601 596 5623 ·
1580 5573 1618 5634 ra
