3986 6350
308 525 367 612 iao

304 729 428 792 dedisse
442 727 532 807 signa
547 725 674 802 doloris,
688 726 813 788 tenetur
833 721 987 784 Sacerdos
1005 721 1092 782 illurn

306 818 480 880 absolvere.
491 813 580 875 Ratio
592 815 648 890 est,
662 809 867 891 quiaquando
877 808 1097 886 nonagiturde

305 903 487 988 praejudicio
496 902 594 978 tertii,
607 899 802 968 credituruni
812 898 949 958 testi.lta
958 896 1096 973 Garmaz,

306 991 408 1076 Mopa,
425 993 548 1068 Averso,
574 989 684 1065 Diana,
701 986 851 1062 Herinca,
876 985 990 1064 aliique
1012 1003 1098 1046 com·

304 1079 496 1142 manissime.
509 1079 575 1140 lmo
590 1076 655 1137 fere
670 1094 779 1137 omnes
798 1073 919 1135 addunt
937 1090 1008 1133 cum
1024 1076 1099 1134 Gor-

304 1187 374 1232 maz
389 1187 420 1232 n.
437 1171 507 1245 238,
524 1166 681 1233 sufficere,
694 1163 719 1224 si
735 1163 767 1223 id
778 1166 909 1223 testetur
920 1161 1015 1222 etiam
1029 1160 1099 1221 infr-

305 1259 382 1320 delis
393 1255 633 1331 vclHaereticus,
645 1253 798 1333 quiacum
813 1250 875 1311 sint
885 1249 989 1310 hostes
1005 1249 1098 1329 hujus

306 1344 512 1422 Sacramenti,
521 1342 842 1424 praesuminoupotesl
857 1339 941 1417 qrrod
952 1338 1029 1398 falso
1043 1343 1098 1399 tes·

304 1440 409 1498 tantur
418 1435 450 1494 in
463 1432 572 1494 ordine
589 1431 628 1492 ad
643 1429 714 1506 hoo,
732 1433 766 1489 ut
780 1427 1094 1488 Sacramentumfret:

306 1541 396 1583 secus
416 1538 504 1596 vero,
528 1517 552 1578 si
575 1516 818 1596 praesumeretur
839 1531 893 1572 eos
913 1511 1037 1573 mentiri
1057 1512 1097 1573 ad

304 1608 481 1672 illusionem
504 1607 790 1678 sacramentorum,
818 1606 853 1661 ut
869 1619 926 1680 per
944 1619 977 1660 se
998 1605 1094 1678 patet.

343 1702 374 1760 6.
400 1695 553 1759 Sacerdos
571 1691 740 1754 accersitus
759 1691 852 1751 etiam
874 1689 1097 1751 moribundum

304 1787 447 1849 sensibus
461 1783 644 1846 destitutum
664 1779 757 1840 debet
775 1778 955 1854 absolvere,
972 1777 1097 1840 tametsi

304 1892 396 1935 nemo
429 1889 574 1952 expresse
595 1871 726 1930 testetur
751 1867 838 1927 illum
862 1865 984 1927 dedisse
1008 1867 1099 1946 signa

304 1961 437 2034 doloris;
453 1959 548 2021 modo
564 1957 735 2038 prudenter
749 1954 893 2033 praesumi
915 1955 1027 2034 possit,
1045 1955 1098 2014 de·

304 2049 385 2110 disse
409 2067 444 2108 11
467 2047 536 2127 1111
552 2065 559 2106 :
576 2044 651 2124 quia
670 2043 717 2104 fas
739 2046 786 2104 est
804 2043 1021 2103 administrare
1043 2045 1097 2104 Sa·

303 2141 465 2199 crementa
479 2136 510 2196 in
525 2133 720 2209 necessitate,
738 2131 864 2210 quando
881 2131 1096 2192 deficientibus

303 2225 371 2286 aliis
399 2222 656 2303 probationibus,
687 2221 857 2298 prudenter
884 2219 1094 2297 praesumitur,

302 2311 414 2372 adesse
428 2308 535 2371 omnia
557 2307 764 2369 essentialiter
782 2305 956 2385 requisita:
981 2306 1097 2367 etenim

301 2399 504 2480 praesumptio
520 2397 654 2458 babetur
674 2413 732 2474 pro
751 2393 900 2471 veritate,
918 2396 1043 2473 quaudo
1060 2415 1097 2456 ca

302 2507 364 2550 non
380 2487 506 2550 eliditur
529 2489 560 2547 et
579 2485 812 2545 demonstratur
826 2481 876 2543 bic
891 2487 922 2542 et
937 2501 1019 2544 nune
1039 2484 1097 2544 fal-

301 2576 377 2654 lere,
394 2579 429 2638 ut
443 2575 561 2635 habent
574 2575 724 2634 Doctores
739 2570 769 2630 in
785 2571 859 2648 Gap.
878 2569 976 2631 Semel
987 2569 1094 2648 ructas,

302 2662 341 2723 de
366 2663 493 2742 Regalis
511 2661 592 2743 juris
616 2660 647 2720 in
671 2663 770 2720 sexto.
792 2657 967 2719 Prudenter
991 2663 1096 2720 autem

301 2751 504 2830 presumitur
517 2751 556 2810 de
579 2747 717 2828 quolibet
737 2747 819 2808 bono
835 2746 1020 2823 Christiano,
1043 2745 1095 2825 qui

301 2835 446 2918 previdit
459 2837 633 2917 periculum
647 2833 791 2896 instantis
805 2833 924 2910 mortis,
942 2834 1025 2914 quod
1041 2834 1096 2893 de-

302 2926 384 2989 derit
398 2926 522 3006 signum
538 2923 731 2986 contritionis
746 2922 777 2982 in
792 2921 902 2982 ordine
917 2921 957 2982 ad
972 2921 1096 2983 Confes-

301 3015 446 3076 sionem:
468 3013 545 3074 illud
565 3013 680 3093 quippe
701 3011 873 3091 prudenter
896 3011 1097 3088 praesumitur

301 3103 430 3181 factum,
448 3103 532 3183 quod
547 3103 731 3182 plerumque
742 3100 809 3161 freri
824 3100 913 3175 solet,
930 3104 964 3161 11
979 3099 1097 3160 habent

301 3194 452 3253 Doctores
466 3190 498 3250 in
520 3190 623 3269 legem
638 3188 668 3247 in
683 3187 818 3264 obscures,
835 3187 894 3248 Tit.
912 3186 951 3246 de
969 3186 1095 3265 Regulis

298 3277 390 3359 juris.
407 3279 473 3339 lmo
488 3276 521 3337 id
539 3276 663 3338 videtur
678 3274 773 3337 etiam
786 3273 1041 3353 presumendum
1056 3275 1094 3336 de

302 3384 356 3443 11,
379 3365 431 3445 qui
447 3363 568 3442 perdite
583 3361 669 3438 vixit,
687 3361 823 3422 advertit
836 3380 869 3422 se
885 3380 951 3422 esse
967 3361 997 3422 in
1013 3379 1094 3423 mor·

301 3453 341 3515 tis
356 3452 550 3524 discrimine;
568 3451 642 3531 quia
660 3450 755 3511 etiam
768 3450 846 3511 tales
866 3450 1024 3526 homines,
1042 3450 1095 3512 ubi

303 3541 411 3602 vident
433 3541 514 3602 sein
539 3546 686 3602 extremae
701 3539 910 3601 damnationis
934 3539 1093 3619 periculo,

302 3628 398 3692 etiam
413 3629 515 3690 solent
529 3629 569 3689 ad
584 3631 684 3689 Deum
699 3627 849 3704 converti,
862 3629 973 3689 saltem
983 3628 1095 3690 timore

300 3733 415 3796 prenae.
432 3718 479 3778 lta
494 3717 627 3777 Gormaz
642 3733 672 3774 1.
690 3717 759 3775 161.

344 3803 451 3878 duest.
468 3805 517 3864 33.
534 3836 575 3848 -
591 3802 698 3865 Utrum
711 3801 811 3862 aalide
824 3802 1020 3866 abraderetur
1033 3823 1097 3864 rno-

302 3890 443 3954 rituedas
469 3889 595 3953 sensibus
622 3889 787 3959 destitutus,
817 3891 871 3972 qui
895 3911 946 3952 aee
964 3893 1096 3973 petiisset

305 3979 537 4060 Confessioaem,
554 3998 606 4040 nee
623 3977 765 4059 specialia
784 3979 869 4058 11111
889 3979 1000 4042 doloris
1014 4000 1097 4062 pra-

301 4078 379 4130 sente
392 4078 445 4132 out
458 4069 571 4131 absente
582 4067 766 4149 Confessario
778 4066 910 4146 dedisset,
922 4069 949 4130 si
958 4069 1096 4134 tcoetenus

302 4158 411 4219 uiseret
424 4157 596 4235 1111111111,
615 4157 643 4218 si
663 4157 858 4219 Sacramenta
877 4155 1093 4238 frequentorit,

302 4257 329 4308 et
343 4247 405 4309 olio
419 4246 452 4307 id
464 4266 552 4328 penos
567 4246 640 4308 tona
654 4265 741 4328 opero
754 4245 877 4328 fecerit?

345 4337 437 4414 Resp.
455 4353 542 4414 seqq.
560 4339 591 4396 et
606 4336 634 4395 1.
648 4333 781 4406 Quidem
794 4333 966 4395 extrinsece
981 4335 1097 4412 proba·

302 4421 365 4485 bile
388 4425 435 4484 est
459 4422 560 4482 valide
578 4421 699 4484 absolvi
722 4421 817 4482 talem
845 4422 1094 4484 moribundum:

305 4528 377 4572 nam
392 4506 480 4570 multi
501 4511 652 4570 Doctores
667 4527 729 4570 non
744 4509 858 4572 infimae
873 4517 965 4589 note,
982 4513 1097 4590 proba-

303 4598 456 4661 bilitatem
483 4595 577 4675 hujus
600 4596 754 4675 opinionis
774 4603 892 4675 tenent,
919 4617 997 4679 quos
1015 4601 1098 4661 iuter

304 4683 615 4766 reperiturHerincx,
628 4684 680 4764 qui
693 4686 806 4747 multos
816 4686 893 4748 alios
907 4689 1003 4751 refert
1017 4688 1096 4768 ejus·

305 4775 378 4836 dem
406 4773 567 4835 sententies
595 4777 757 4836 Patronos.
784 4777 872 4837 Hanc
894 4781 987 4838 vocat
1014 4794 1097 4837 nunc

304 4881 505 4925 communem
525 4862 619 4940 Moya
637 4861 753 4940 disput.
770 4865 800 4939 6,
825 4864 939 4935 Quaest.
955 4868 985 4940 1,
1001 4865 1019 4941 ἓ
1035 4867 1049 4924 1
1066 4870 1098 4925 11

304 4956 334 5029 2,
351 4970 408 5030 pro
431 4969 493 5032 qua
512 4951 656 5012 adductis
676 4950 744 5011 fuse
766 4952 954 5030 nominibus,
971 4953 1047 5015 locis
1067 4959 1098 5017 et

304 5039 410 5103 verbis
437 5039 513 5102 citat
534 5057 647 5118 graves
671 5045 815 5101 auctores
843 5040 1015 5118 sexdecim,
1043 5043 1096 5123 qui

304 5146 375 5190 eam
389 5127 530 5189 absolute
545 5131 667 5204 tenent,
684 5127 759 5189 item
774 5127 851 5189 alios
870 5127 962 5208 longe
977 5131 1094 5209 plures,

304 5216 356 5297 qui
372 5214 545 5276 defendunt
558 5218 593 5277 ut
606 5214 819 5294 probabilem,
837 5219 920 5292 etex
938 5222 1096 5294 praecepto

303 5303 464 5367 charitatis
479 5303 509 5362 in
525 5303 612 5382 praxi
623 5303 807 5378 tenendam3
821 5322 899 5384 quos
909 5304 1096 5367 interBooo·

302 5391 405 5472 pratia
419 5389 645 5452 Franciscanus
655 5392 685 5452 in
697 5394 854 5454 summula
868 5395 982 5466 Quaest.
996 5396 1096 5472 flegu-

302 5477 416 5542 larium
431 5479 570 5541 extendit
583 5498 674 5543 suam
688 5481 868 5564 opinionem
882 5482 976 5545 ctiam
991 5483 1030 5543 ad
1046 5501 1096 5544 ca·

1035 531 1152 598 LIBER
1179 533 1230 596 lX.

1151 738 1232 797 1111,
1250 736 1312 798 quo
1327 716 1378 778 ille
1393 719 1602 780 moribundus
1612 718 1912 788 laboratinfamiaua·

1151 807 1268 868 ledicti.
1281 806 1433 867 Eemdem
1447 808 1626 868 Alexander
1640 811 1826 873 Ludovisius
1838 817 1914 876 Arcti·

1152 894 1317 972 episcopus
1336 893 1542 955 Bononiensis
1566 895 1631 975 (qui
1654 903 1768 974 postea
1788 900 1841 961 fuit
1851 903 1914 963 Sun-

1151 999 1222 1041 mus
1246 980 1390 1044 Pontifex
1414 982 1583 1061 Gregorius
1606 985 1687 1063 XV),
1713 988 1915 1064 approbaritet

1153 1068 1312 1131 observari
1327 1069 1476 1147 precepit
1491 1070 1522 1130 in
1545 1073 1719 1133 Memoriali
1741 1075 1915 1137 confessuris

1152 1175 1223 1218 rum
1237 1157 1321 1218 edito
1345 1158 1505 1236 Bononiae,
1523 1161 1598 1238 Cap.
1618 1165 1646 1238 l,
1664 1162 1702 1221 de
1724 1161 1915 1227 1111115111-

1152 1247 1247 1309 menti
1272 1247 1486 1321 Paenitentiae3
1504 1253 1535 1309 et
1548 1251 1663 1327 probat
1687 1253 1862 1314 auctoritate
1877 1256 1915 1316 Sa-

1152 1335 1318 1396 cerdotalis
1333 1335 1482 1412 Romani,
1500 1335 1530 1395 in
1546 1354 1608 1416 quo
1624 1357 1661 1398 ex
1677 1340 1710 1400 S.
1728 1341 1872 1402 Antonino
1886 1342 1915 1403 111

1151 1424 1387 1501 praescribitur:
1409 1425 1565 1502 Infirmus,
1590 1426 1644 1506 qui
1664 1427 1770 1488 amisit
1791 1429 1914 1509 loquelam

1151 1511 1200 1572 vel
1219 1529 1310 1572 usum
1329 1511 1470 1590 rationis,
1497 1513 1521 1572 si
1541 1514 1622 1574 benc
1646 1515 1789 1595 vivebat,
1806 1520 1915 1596 quamvis

1151 1617 1214 1660 non
1237 1600 1362 1678 petierit
1386 1601 1601 1678 Sacramenta,
1628 1602 1724 1664 debet
1746 1607 1913 1685 praesupponi

1152 1688 1317 1763 contritus;
1335 1695 1366 1748 et
1385 1688 1539 1750 Sacerdos
1554 1690 1648 1752 faciat
1662 1692 1914 1757 absolutionsmab

1152 1777 1236 1837 omni
1251 1776 1409 1839 sententia
1423 1782 1455 1839 et
1468 1784 1608 1856 peccato.

1190 1867 1400 1927 Confirmatur
1423 1867 1506 1928 idem
1529 1886 1566 1928 ex
1589 1871 1714 1932 statutis
1737 1872 1913 1951 Synodalibus

1150 1952 1297 2014 Ecclesiae
1321 1953 1552 2015 Lemovicensis
1567 1975 1641 2018 ann.
1669 1961 1758 2037 1620,
1782 1959 1914 2041 inquibus

1151 2041 1226 2117 Gap.
1244 2045 1293 2118 st,
1309 2041 1353 2102 ita
1369 2041 1548 2104 decernitur
1565 2064 1571 2104 :
1588 2045 1707 2107 Poterit
1723 2065 1841 2127 quoque
1852 2048 1913 2108 iden

1151 2129 1301 2207 applicari
1322 2131 1495 2191 remedium
1518 2133 1546 2192 ei
1578 2134 1631 2212 qui
1649 2133 1770 2214 judicio
1795 2137 1914 2198 omniun·

1151 2234 1211 2294 que
1226 2235 1375 2278 sensuum
1390 2237 1447 2279 usu
1462 2219 1568 2280 statim
1578 2227 1688 2300 captus
1702 2229 1759 2300 est,
1778 2224 1914 2304 nonpetita

1151 2303 1348 2374 Paenitentia,
1365 2305 1513 2384 nulloque
1529 2307 1618 2386 signo
1634 2309 1827 2372 contritionis
1839 2311 1912 2382 edita

1151 2407 1223 2451 cum
1243 2391 1393 2453 violentia
1413 2394 1515 2454 morbi
1536 2394 1699 2475 judicatur
1721 2398 1876 2479 derepente
1892 2405 1914 2459 st

1152 2497 1188 2537 ex
1203 2478 1372 2556 improviso
1383 2485 1560 2558 preventus
1571 2487 1602 2544 et
1612 2500 1792 2564 oppressus,
1805 2486 1915 2549 etcbris

1150 2567 1234 2627 tiano
1257 2567 1343 2644 vixit,
1361 2568 1497 2649 ferrique
1513 2575 1616 2649 potest
1626 2571 1784 2651 judicium
1797 2595 1831 2637 ex
1842 2575 1915 2636 actia

1151 2654 1241 2715 nibus
1256 2655 1327 2716 vitae
1343 2655 1538 2732 stratoribus,
1556 2675 1628 2718 eum
1642 2659 1779 2722 libenter
1792 2663 1916 2742 poeniter-

1150 2742 1200 2803 tire
1216 2746 1453 2805 Sacramentum
1476 2746 1648 2824 petiturum
1672 2749 1756 2827 fore,
1773 2751 1797 2811 si
1819 2755 1915 2828 tempus

1150 2835 1182 2890 et
1196 2830 1343 2892 violentia
1357 2833 1458 2894 morbi
1474 2834 1690 2913 permisissent
1705 2857 1713 2896 :
1730 2838 1815 2899 Licet
1830 2838 1856 2898 in
1872 2837 1916 2897 boc

1150 2935 1225 2978 casu
1249 2919 1325 2980 nibil
1345 2920 1384 2980 de
1404 2921 1608 2983 absolutionis
1632 2925 1745 2986 effectu
1763 2927 1916 3006 promittere

1149 3007 1315 3086 possimus.
1334 3009 1396 3070 Sed
1415 3010 1592 3072 animarum
1607 3013 1829 3076 salvandarum
1844 3029 1917 3076 11111

1150 3095 1270 3156 nullum
1297 3098 1471 3160 remedium
1495 3099 1638 3161 omittere
1662 3101 1830 3180 debemus,
1853 3098 1917 3181 quod

1150 3184 1232 3245 Deus
1255 3185 1400 3264 potestati
1420 3193 1535 3248 nostrae
1550 3189 1718 3266 commisit,
1737 3193 1918 3252 1111111111-

1149 3276 1207 3349 tes,
1225 3273 1420 3335 utimmensa
1428 3275 1568 3338 bonitate
1580 3281 1612 3337 et
1621 3277 1844 3356 misericordia,
1853 3274 1917 3356 qood

1150 3360 1237 3421 deest
1258 3367 1447 3441 egrotorum
1471 3363 1680 3445 dispositioni,
1700 3368 1860 3446 suppleat,
1874 3382 1919 3426 ca·

1149 3451 1216 3508 tora
1234 3448 1486 3512 inscrutabilibus
1506 3451 1561 3512 Dei
1573 3451 1700 3532 judiciis
1715 3451 1919 3514 commendan-

1149 3538 1207 3594 tes.
1224 3538 1270 3597 lta
1285 3537 1379 3598 refert
1393 3535 1528 3598 Morinos
1550 3537 1589 3599 de
1603 3538 1867 3603 administratione
1879 3538 1919 3599 Sa·

1150 3623 1300 3685 crementi
1329 3625 1523 3688 Paenitentia
1546 3625 1601 3687 lib.
1632 3630 1685 3705 10,
1710 3647 1783 3708 cap.
1808 3631 1852 3706 to,
1880 3624 1920 3686 ubi

1150 3711 1293 3772 eamdem
1309 3714 1496 3775 sententiam
1510 3720 1701 3796 propugnat.

1189 3801 1319 3862 Accedit
1329 3803 1505 3865 Auctoritas
1521 3806 1553 3866 S.
1566 3805 1745 3886 Augustini,
1764 3806 1815 3887 qui
1830 3814 1888 3866 torn.
1896 3805 1919 3875 6,

1149 3885 1185 3948 de
1198 3886 1295 3949 adult.
1316 3889 1461 3970 eonjopiis
1475 3889 1523 3951 lit.
1543 3896 1571 3968 1,
1593 3910 1658 3973 cap.
1679 3892 1737 3954 att.
1759 3893 1842 3958 idem
1855 3891 1920 3952 ride

1149 3980 1201 4038 tur
1211 3995 1356 4055 expresse
1367 3977 1491 4040 docere.
1503 3977 1555 4040 Ait
1569 3979 1665 4058 euim,
1678 3983 1921 4044 Gatecbumeuuu

1149 4065 1181 4124 in
1205 4064 1358 4126 adulterio
1382 4065 1551 4143 viventem,
1578 4071 1609 4130 et
1632 4069 1738 4132 subita
1762 4083 1921 4151 oppressum

1150 4153 1340 4231 infirmitate,
1353 4153 1396 4215 ita
1410 4157 1446 4214 ut
1459 4154 1601 4216 dolorem
1615 4173 1652 4218 ac
1668 4157 1856 4219 desiderium
1864 4157 1923 4232 bap·

1149 4241 1232 4303 tlsmi
1247 4241 1423 4321 significare
1438 4250 1586 4324 nequeat,
1600 4244 1827 4324 baptizandum
1838 4251 1922 4307 111111

1151 4348 1229 4392 esse.
1246 4331 1284 4392 llt
1297 4331 1401 4392 statim
1415 4331 1576 4412 subjungit
1593 4353 1599 4393 :
1617 4335 1692 4406 Ques
1706 4339 1816 4398 autem
1828 4333 1922 4411 baptis

1149 4418 1261 4494 matie,
1288 4419 1399 4479 eadem
1420 4421 1682 4484 reconciliationis
1707 4429 1758 4486 est
1781 4416 1922 4496 causa,si

1150 4505 1229 4567 forte
1261 4506 1465 4585 poenitentem
1492 4509 1638 4570 flniendae
1665 4511 1741 4573 ritae
1772 4509 1924 4591 periculum

1151 4597 1426 4674 praeoccupaverit.
1450 4599 1514 4658 Nec
1535 4599 1620 4659 enim
1640 4600 1727 4680 ipsos
1751 4619 1789 4662 ex
1806 4601 1860 4661 hac
1875 4597 1924 4656 rite

1151 4684 1218 4744 sine
1241 4685 1336 4745 arrha
1356 4703 1420 4747 suae
1436 4685 1521 4764 pacis
1541 4687 1625 4748 exire
1641 4689 1723 4750 velle
1740 4689 1833 4750 debet
1845 4687 1924 4748 Mater

1151 4772 1300 4833 Ecclesia.
1325 4774 1424 4844 Quem
1444 4774 1548 4836 locum
1572 4774 1708 4837 Leander
1722 4797 1743 4839 a
1767 4779 1820 4840 SS.
1836 4777 1924 4838 siua-

1151 4867 1256 4922 meuto
1281 4865 1418 4940 111115,
1436 4861 1552 4941 disput.
1577 4867 1608 4941 6,
1626 4869 1740 4945 quaest.
1760 4869 1815 4936 16ς
1837 4859 1924 4940 delae-

1151 4947 1254 5016 ditlas,
1280 4949 1319 5010 de
1349 4950 1536 5012 Paenitentia
1563 4969 1634 5032 cap.
1652 4955 1707 5028 13;
1740 4952 1923 5015 Lodouirusa

1151 5037 1360 5115 Conceptione
1375 5041 1466 5099 tract.
1482 5042 1513 5116 5,
1529 5045 1641 5119 quaest.
1659 5045 1689 5119 1,
1708 5043 1822 5121 aliique
1835 5041 1922 5100 11111

1151 5143 1201 5184 111
1216 5126 1295 5187 bene
1311 5127 1399 5188 multi
1415 5126 1454 5187 de
1470 5129 1672 5190 Sacramenta
1690 5127 1874 5191 Paenitentia
1886 5123 1922 5182 in·

1151 5214 1305 5293 telligunt.
1323 5218 1531 5277 contraxere
1552 5218 1716 5280 sententiae
1732 5211 1920 5299 opposuere

1151 5301 1289 5366 fensores
1304 5305 1387 5366 bunc
1402 5306 1567 5385 Augustini
1583 5308 1688 5368 locum
1704 5295 1918 5384 restringeret

1151 5411 1225 5470 111,
1249 5394 1301 5473 qui
1322 5395 1353 5454 in
1378 5394 1504 5474 publiea
1522 5396 1710 5474 poenitentia
1728 5395 1915 5459 versabantur·

1151 5481 1213 5542 Sed
1234 5483 1333 5544 rerba
1356 5483 1522 5564 Augustini
1542 5484 1573 5546 id
1588 5503 1648 5548 nan
1664 5486 1837 5572 significant
1850 5501 1857 5542 :
1869 5479 1916 5540 imt
