4044 6340
310 569 351 630 'lli
968 564 1042 625 LIB.
1066 563 1116 625 Vl.
1140 561 1242 624 PARS
1263 561 1317 624 111.

244 779 281 824 301
351 753 420 833 §t
446 753 529 815 'l'alis
552 753 671 816 habens
693 752 830 814 rationes
849 748 1027 831 probabiles
1048 765 1105 828 pro
1161 765 1258 821 uxor;
1283 747 1307 808 si
1324 751 1429 809 tamen
1453 746 1614 809 Paroohus
1636 746 1947 827 rationabiliterjudi-

312 841 452 902 nullitate
467 839 666 917 Matrimonii,
689 843 721 901 et
739 839 840 901 nullas
862 855 918 918 pro
939 837 1058 913 valore,
1080 835 1106 898 si
1160 842 1248 896 cetur
1262 835 1467 913 consensisse,
1483 840 1519 897 ut
1541 835 1672 914 simplex
1693 834 1850 897 Sacerdos
1866 835 1947 896 assis·

312 929 428 992 habeat
440 945 528 1006 spem
542 926 702 991 obtinendi
712 925 865 1006 majoram
873 923 1104 999 certitudinem,
1160 925 1250 999 teret,
1274 925 1364 1001 putat
1385 940 1476 1002 posse
1500 921 1661 983 odbaerere
1683 922 1806 1001 primae.
1828 921 1947 984 &undo

313 1033 375 1078 non
390 1021 492 1095 potest
505 1019 611 1095 petere
627 1014 782 1087 debiturn
804 1013 879 1094 quia
894 1017 961 1076 tum
975 1011 1038 1075 tale
1054 1010 1106 1071 de·
1159 1010 1304 1071 sententio
1319 1027 1415 1089 quam
1429 1012 1538 1071 tenent
1550 1011 1587 1070 n.
1605 1011 1671 1073 Sot.
1687 1012 1861 1087 Veraorux,
1876 1010 1946 1072 vict

312 1104 414 1166 bitum
427 1107 571 1166 censetur
589 1101 746 1180 vincibile,
762 1120 824 1182 quo
839 1104 941 1164 stante
955 1117 1019 1162 nou
1034 1097 1107 1160 licet
1160 1099 1274 1176 Lopez,
1291 1097 1382 1159 Suar.
1399 1098 1479 1160 lion.
1496 1101 1606 1176 Laym.
1618 1099 1734 1175 Bonae,
1748 1097 1861 1178 Regin.
1872 1101 1946 1160 Less.

314 1191 448 1271 operari,
464 1191 597 1254 Cardeu.
614 1209 728 1252 annm.
746 1192 815 1252 tta.
1160 1187 1271 1262 borea,
1287 1186 1389 1248 Bress.
1407 1187 1485 1266 Lug.
1508 1187 1596 1248 lioss.
1617 1186 1723 1263 Bardi,
1747 1186 1865 1248 Saneh.
1888 1185 1908 1248 l.
1921 1191 1947 1263 t,

246 1293 287 1338 aaa
351 1280 414 1358 §5-
431 1279 463 1342 Si
483 1278 679 1342 Matrimonio
700 1279 785 1340 bona
802 1277 864 1338 fide
879 1278 1043 1346 ¹contracto
1058 1293 1108 1336 su·
1161 1273 1192 1335 d.
1207 1277 1258 1351 ll,
1274 1273 1364 1336 Dian.
1380 1293 1412 1355 p.
1428 1279 1458 1352 t,
1475 1282 1515 1337 tr.
1532 1278 1562 1353 3,
1580 1275 1616 1336 li.
1633 1278 1682 1354 tt,
1693 1276 1811 1340 Dicast
1824 1275 1947 1338 deuenit.

313 1366 475 1445 perveniat
490 1366 620 1427 dubium
634 1365 673 1427 da
688 1366 793 1427 valore
806 1370 838 1426 et
852 1368 922 1444 post
935 1363 1093 1444 inquisitio
1161 1357 1191 1420 d.
1208 1363 1237 1437 5,
1261 1381 1323 1423 on.
1340 1366 1410 1439 til,
1436 1362 1541 1424 Terill.
1564 1361 1600 1425 de
1620 1383 1698 1426 conr.
1723 1385 1753 1447 q.
1779 1367 1830 1442 2³,
1855 1385 1885 1426 n.
1905 1367 1946 1442 66,

314 1471 387 1514 nem
401 1454 444 1515 nil
457 1455 575 1532 resciri,
588 1472 647 1518 nec
661 1455 791 1518 dubium
802 1453 916 1533 deponi
926 1450 1108 1533 possit,pri·
1162 1444 1253 1510 Gard.
1270 1468 1300 1511 n.
1318 1451 1388 1526 lll'l,
1414 1449 1522 1512 dicunt
1535 1467 1627 1529 posse
1642 1451 1737 1512 etiam
1750 1457 1860 1531 petere
1873 1452 1949 1514 debi-

314 1560 363 1604 rna
375 1543 527 1620 enecta,
540 1547 753 1624 quamtenent
767 1545 799 1606 S.
812 1543 923 1604 Thcm.
940 1543 974 1604 S.
986 1542 1104 1604 Bonav.
1161 1538 1239 1598 tum.
1266 1539 1295 1598 l.
1321 1537 1400 1610 Quia
1421 1539 1583 1618 praemissa
1609 1541 1776 1603 sufficienti
1801 1541 1949 1621 diligentia

314 1631 347 1698 S.
364 1633 437 1694 Aut.
453 1632 488 1692 P.
506 1631 571 1694 Sot.
588 1630 731 1694 Ledesm.
747 1631 816 1694 Vel.
828 1633 923 1712 Vasq.
941 1633 1032 1693 Azor.
1050 1629 1108 1690 lte-
1162 1624 1312 1704 conjuges
1326 1625 1444 1688 habent
1462 1627 1675 1689 invincibilem
1696 1628 1904 1708 ignorantiam
1916 1630 1948 1690 de

313 1719 386 1782 bell.
404 1721 493 1782 Pont.
510 1721 600 1782 liurt.
612 1722 703 1782 Turn.
720 1723 790 1783 Arr.
807 1723 917 1784 Avens.
929 1736 959 1802 q.
969 1720 1019 1786 tl,
1035 1735 1058 1778 s.
1075 1719 1104 1792 2,
1161 1710 1365 1793 invenditam,
1392 1734 1467 1797 ergo
1481 1720 1589 1778 manet
1608 1719 1764 1797 possessio
1779 1736 1838 1799 pro
1852 1717 1949 1780 validi·

315 1811 347 1869 et
361 1805 413 1869 alii
429 1809 479 1883 l'l,
496 1824 568 1870 cum
586 1807 704 1870 Sohild.
722 1811 855 1883 tracti,
872 1824 897 1868 c.
912 1810 943 1883 t,
959 1805 1015 1883 54,
1032 1801 1109 1864 dicit
1162 1804 1235 1878 tate,
1253 1821 1327 1882 ergo
1338 1822 1470 1884 pergere
1481 1810 1612 1884 possunt
1620 1811 1834 1887 supponentes
1843 1806 1947 1869 nalem.

313 1911 405 1974 posse
415 1893 977 1975 quidamredderedabitum‚sednon
987 1893 1104 1969 petere,
1161 1893 1191 1950 2.
1208 1889 1415 1954 Durissimum
1438 1897 1486 1954 est
1499 1894 1687 1973 compellere
1702 1894 1849 1956 homines
1862 1895 1949 1974 culpe

314 1982 387 2063 quie
402 1982 445 2044 ite
458 1981 664 2046 videturesse
679 1982 818 2046 decisum
832 2000 899 2062 cop.
914 1979 1052 2062 inquisit.
1073 1978 1108 2040 de
1161 1977 1327 2057 immunes,
1349 1984 1384 2042 ut
1406 1980 1502 2043 vitem
1522 1981 1663 2043 celibem
1682 1982 1813 2060 ducant,
1838 1983 1877 2046 ed
1899 1983 1949 2044 boc

312 2079 433 2135 sentent.
451 2091 592 2134 eccomm.
616 2071 669 2134 ubi
693 2072 818 2149 dicitur,
844 2089 910 2132 curn
931 2068 1107 2131 consciencia
1161 2072 1267 2128 autom
1281 2069 1553 2148 compellerentur,
1574 2069 1599 2130 si
1619 2071 1664 2132 uti
1678 2089 1740 2133 non
1756 2076 1883 2152 possent
1894 2089 1949 2132 mu·

312 2159 414 2242 pulsnt
433 2161 563 2224 animum
582 2179 620 2224 en
641 2161 814 2224 credulitate
829 2159 986 2243 probabili
1002 2166 1030 2220 et
1046 2155 1107 2219 clis-
1160 2154 1318 2217 trimonio.
1334 2158 1364 2217 3.
1381 2157 1416 2219 ld
1435 2156 1561 2219 videtur
1581 2159 1774 2222 sufficienter
1789 2160 1949 2223 decisurus

314 2257 404 2317 nan,
423 2248 556 2328 quamuis
576 2267 634 2310 non
654 2248 782 2310 evidenti
799 2255 826 2308 rt
846 2248 1013 2328 manifesto,
1031 2243 1107 2306 debi-
1160 2244 1257 2306 Ducio
1272 2246 1324 2322 lll,
1341 2247 1416 2325 Gap.
1440 2244 1594 2325 Dominus,
1618 2248 1663 2309 uti
1687 2249 1826 2312 referam
1840 2267 1870 2310 n.
1885 2251 1946 2326 Sit,

314 2345 376 2396 tnm
397 2335 515 2419 quidem
537 2335 656 2399 reddere
679 2345 780 2418 potest,
808 2334 857 2398 sed
877 2333 1031 2418 postolare
1048 2350 1106 2393 non
1160 2329 1203 2391 ibi
1218 2331 1302 2392 enim
1311 2333 1469 2413 supponit,
1481 2335 1506 2396 si
1515 2336 1653 2398 secundo
1664 2337 1867 2401 matrimonio
1876 2339 1949 2400 bonu

313 2423 499 2492 delatoria
521 2424 664 2486 alterutro
678 2422 724 2485 cel
739 2429 841 2486 contro
856 2423 945 2505 leqem
959 2421 1103 2505 ccnjnqt'i,
1159 2419 1222 2480 nde
1243 2425 1403 2483 contracto
1423 2424 1624 2502 superveniat
1645 2425 1778 2488 dubium
1803 2427 1843 2488 de
1860 2430 1948 2488 morte

312 2512 359 2573 nel
369 2510 626 2594 controjndicinm
639 2512 823 2573 conscientie
841 2511 1001 2573 committet
1015 2509 1107 2590 offen·
1160 2508 1273 2586 prioris
1293 2507 1447 2590 conjugis,
1470 2529 1562 2590 posse
1586 2529 1670 2589 eum,
1701 2513 1778 2593 quia
1798 2514 1881 2577 bona
1897 2513 1949 2575 lide

311 2614 384 2661 rom,
405 2599 570 2662 Rationem
591 2600 645 2660 dat
669 2597 785 2661 Sohild.
809 2600 883 2680 quia
900 2600 974 2662 licet
994 2599 1031 2677 is,
1053 2599 1104 2680 qui
1160 2597 1315 2659 contraxit
1329 2603 1436 2676 petere
1451 2599 1603 2678 debitum,
1625 2605 1657 2661 at
1676 2601 1825 2680 alterum,
1841 2599 1949 2667 etiamsi

311 2688 396 2750 bona
408 2689 470 2750 fide
484 2689 606 2768 accepit
624 2689 854 2770 possessionem
873 2690 1030 2752 honorum
1043 2688 1107 2750 ior·
1160 2685 1244 2745 mala
1257 2685 1318 2746 lide
1333 2688 1533 2766 contraxerit,
1550 2689 1796 2766 possereddere.
1814 2690 1950 2754 Similiter

311 2779 407 2854 tunae,
424 2776 520 2838 dubio
534 2777 785 2856 superveniente,
802 2778 937 2840 retinere
952 2776 1105 2842 eteislrui
1161 2776 1236 2852 Gap.
1257 2772 1453 2836 Landubc'lem
1471 2774 1507 2837 dc
1524 2775 1629 2857 sn'qid.
1655 2785 1683 2838 et
1701 2778 1805 2860 metes.
1832 2779 1946 2850 dicitur;

312 2864 422 2944 possit,
440 2863 514 2945 qnia
528 2863 792 2944 scilicetpotestas
807 2865 994 2946 Superioris,
1006 2870 1106 2928 trans·
1160 2862 1399 2941 superveniente
1414 2863 1510 2926 dubio
1526 2865 1564 2926 de
1579 2864 1775 2945 impotentia,
1794 2872 1948 2948 utrumque

310 2952 374 3015 lato
389 2969 447 3032 per
457 2951 509 3033 jus
524 2953 621 3014 altum
632 2952 781 3030 dominic,
798 2953 901 3016 aufert
914 2954 996 3017 atali
1011 2953 1105 3016 dubio
1160 2969 1251 3030 posse
1275 2951 1316 3013 ad
1332 2951 1502 3013 triennium
1522 2953 1671 3030 reddare,
1697 2958 1729 3017 et
1746 2961 1855 3034 petere
1873 2953 1949 3017 debi-

310 3057 490 3120 poseessore
505 3039 667 3117 malitiam,
685 3059 755 3121 quae
768 3040 939 3107 iorteesset
952 3041 983 3103 in
999 3042 1105 3105 deten-
1160 3043 1238 3101 turn.
1257 3039 1307 3101 Ad
1327 3042 1402 3117 Gap.
1422 3039 1560 3121 inquisit.
1581 3042 1774 3120 respondent
1791 3045 1896 3128 aliqui,
1912 3045 1947 3108 ibi

311 3130 397 3192 lione
414 3129 471 3206 rei,
488 3129 513 3191 si
528 3128 587 3192 tuit
599 3130 649 3191 nel
663 3129 703 3192 sit
717 3130 830 3209 aliena,
847 3134 1039 3193 tamencum
1053 3149 1105 3192 ne·
1159 3131 1282 3191 tuntum
1297 3127 1369 3204 dici,
1387 3126 1472 3208 quod
1486 3146 1549 3190 non
1559 3128 1765 3210 liceatpetere
1780 3139 1853 3198 ante
1861 3135 1948 3216 majo·

311 3235 364 3280 mo
377 3217 488 3281 tollere
502 3219 601 3296 possit
620 3217 771 3280 malitiam
786 3237 805 3279 a
819 3218 1034 3296 fornicatione,
1050 3220 1106 3281 du·
1159 3235 1226 3278 rem
1240 3216 1482 3296 inquisitionem.
1499 3220 1587 3297 Lugo
1602 3218 1722 3301 deject.
1737 3219 1769 3284 d.
1789 3225 1838 3301 l'l,
1860 3243 1889 3284 n.
1904 3227 1945 3302 88,

310 3307 362 3369 bio
377 3306 633 3386 superveniente,
652 3325 714 3368 non
729 3307 854 3368 videtur
867 3325 958 3386 posse
972 3307 1036 3388 peti
1050 3307 1107 3369 de·
1160 3304 1235 3366 dicit
1255 3323 1292 3364 ex
1312 3307 1458 3366 contextu
1479 3309 1634 3384 constare,
1652 3309 1736 3388 quod
1750 3311 1891 3372 Pontifex
1911 3309 1946 3372 ibi

309 3395 421 3472 bitum,
437 3394 527 3456 sicuti
543 3393 595 3474 qui
611 3399 658 3457 est
671 3395 704 3455 in
717 3395 912 3473 possessione
927 3396 1017 3459 bona
1031 3396 1104 3460 fidei
1159 3393 1305 3472 loquatur
1326 3390 1365 3451 de
1387 3407 1473 3468 casu,
1493 3391 1525 3452 in
1540 3411 1602 3472 quo
1626 3394 1741 3475 conjux
1764 3396 1863 3459 habet
1873 3397 1948 3479 judi·

309 3484 414 3565 quoad
432 3483 658 3560 Sacerdotium,
688 3484 928 3563 superveniente
947 3484 1104 3564 prudente
1159 3481 1242 3542 cium
1256 3479 1418 3558 probabile
1437 3480 1476 3540 de
1498 3481 1564 3542 sola
1583 3483 1724 3545 nullitate
1752 3485 1945 3562 Matrimonii,

309 3571 404 3634 dubio
418 3571 457 3632 de
471 3571 578 3634 valore
599 3572 823 3648 ordinationis,
844 3591 937 3634 nemo
951 3577 1057 3651 potest
1075 3573 1102 3636 ei
1159 3573 1190 3631 et
1206 3569 1324 3630 nullum
1332 3568 1597 3648 habetprobabile
1605 3573 1759 3635 motivum
1771 3593 1830 3654 pro
1838 3577 1943 3652 valore,

309 3661 385 3724 dare
397 3659 566 3732 licentiam,
583 3663 618 3724 ut
631 3661 778 3732 celebret,
795 3662 870 3743 quia
883 3679 977 3725 nemo
997 3663 1103 3726 lacere
1159 3675 1196 3719 ao
1211 3661 1277 3718 tum
1292 3673 1354 3716 non
1368 3675 1459 3736 posse
1473 3662 1591 3736 petere,
1603 3659 1660 3721 scd
1673 3663 1799 3724 tantum
1812 3663 1945 3737 reddere,

309 3751 412 3828 potest
425 3765 482 3829 per
495 3749 730 3810 concessionem
750 3768 855 3824 suam,
874 3755 909 3813 ut
929 3751 1101 3823 Ordinatio,
1159 3745 1217 3806 nisi
1228 3743 1353 3804 aliunde
1363 3743 1422 3804 sibi
1432 3743 1545 3806 formet
1553 3746 1778 3812 conscientiam
1787 3749 1948 3812 secundum

308 3835 334 3896 si
352 3835 432 3897 torte
459 3853 522 3897 non
542 3835 642 3898 valuit
662 3836 768 3898 valida
788 3837 852 3899 fiat.
889 3837 996 3914 Addit,
1019 3839 1104 3919 quod
1160 3831 1243 3894 diota
1256 3850 1287 3892 n.
1311 3833 1380 3894 300.
1403 3831 1435 3893 Si
1457 3836 1563 3894 autem
1586 3834 1626 3894 sit
1642 3833 1775 3898 dubium
1794 3838 1844 3900 vel
1859 3837 1947 3902 utrin-

309 3923 463 4004 possessio
486 3925 518 3984 in
536 3925 734 3987 matrimonio
754 3944 817 3986 non
844 3926 1026 4007 acquiratur
1048 3945 1105 4006 per
1159 3939 1219 4002 quc
1252 3919 1443 3998 negativum,
1473 3919 1550 3982 dicit
1576 3940 1649 3984 oum
1678 3923 1793 3986 Terillo
1830 3928 1862 3987 nt
1886 3923 1947 3986 aliis

309 4016 516 4091 contractum,
533 4013 590 4075 sed
603 4031 660 4091 per
674 4031 766 4076 usum
788 4015 938 4095 corporis,
958 4019 990 4078 et
1010 4016 1105 4078 coba·
1159 4011 1254 4072 etiam
1274 4009 1356 4070 licite
1380 4027 1471 4088 posse
1489 4013 1616 4088 petere;
1636 4017 1706 4074 tum
1719 4014 1806 4078 enim
1828 4019 1874 4077 est
1886 4031 1947 4093 pos·

309 4101 505 4172 bitationem,
523 4102 567 4163 uti
581 4103 735 4182 possessio
758 4102 902 4166 beneficii
923 4123 986 4166 non
1005 4111 1105 4166 estex
1159 4098 1256 4161 sessio
1270 4115 1326 4176 pro
1342 4097 1459 4175 valore,
1472 4097 1614 4179 adeoque
1625 4101 1721 4162 etiam
1730 4119 1788 4181 pro
1799 4101 1882 4164 licito
1897 4115 1947 4160 usu

311 4189 492 4264 donatione,
508 4190 564 4251 sed
582 4209 622 4252 ex
640 4210 716 4265 usu;
737 4191 844 4269 atille,
870 4191 924 4272 qui
945 4192 1030 4254 bona
1043 4193 1104 4253 tide
1159 4185 1358 4250 Matrimonii.
1375 4185 1424 4247 Ad
1445 4186 1599 4248 rationem
1620 4188 1652 4248 in
1674 4189 1855 4268 oppositum
1874 4187 1948 4266 patet

311 4279 443 4340 accessit
456 4278 569 4340 adnon
584 4298 690 4357 suam,
705 4285 882 4360 nonpotest
895 4287 1002 4361 petere
1018 4281 1106 4342 debi-
1159 4275 1320 4354 responsio
1342 4293 1380 4336 ex
1403 4275 1504 4339 dictis,
1525 4278 1589 4338 Nec
1612 4282 1660 4339 est
1680 4279 1780 4340 simile
1804 4279 1844 4340 de
1864 4273 1946 4340 dubie

310 4369 388 4442 tum,
404 4367 450 4427 uti
465 4366 641 4428 concedunt
654 4385 773 4443 omnes,
790 4387 865 4449 ergo
876 4370 974 4432 multo
988 4369 1103 4442 minus,
1161 4363 1314 4440 ordinato,
1332 4381 1405 4424 nam
1419 4381 1490 4425 cum
1504 4383 1562 4444 per
1575 4367 1694 4428 nullam
1709 4367 1944 4438 concessorem,

310 4453 365 4534 qui
388 4453 489 4515 solum
516 4453 601 4516 bona
622 4455 684 4516 tide
711 4458 875 4520 conuexit.
904 4459 983 4520 ilino
1011 4458 1106 4518 infert
1160 4452 1210 4514 vel
1219 4452 1399 4531 opinionem
1413 4453 1479 4513 ficri
1488 4453 1595 4531 possit,
1606 4454 1822 4532 utOrdinatio,
1838 4453 1864 4516 si
1877 4453 1946 4514 torte

309 4541 448 4606 Setilder
470 4559 528 4603 nec
542 4541 709 4622 conjugem
722 4562 817 4623 posse
831 4549 937 4624 petere
952 4547 1103 4627 debitum,
1161 4560 1223 4603 non
1238 4541 1345 4618 valuit,
1361 4541 1467 4602 valida
1488 4542 1553 4619 fiat,
1578 4544 1783 4605 Sacramenta
1806 4547 1887 4605 certo
1905 4559 1947 4602 ex·

310 4631 336 4693 st
359 4628 697 4709 dubinreincipiatan
711 4633 947 4696 matrimonium
961 4637 1001 4698 sit
1021 4637 1106 4700 inve·
1160 4635 1352 4709 ponerentur
1378 4629 1516 4708 periculo
1544 4629 1711 4709 bullientis,
1748 4631 1824 4694 binc
1850 4629 1947 4692 relicta

310 4719 421 4796 lidum,
443 4717 483 4779 ob
504 4721 622 4780 metum
643 4739 650 4780 :
669 4739 725 4782 nac
746 4721 778 4782 in
799 4739 884 4799 casu,
901 4742 963 4804 quo
985 4726 1108 4789 adulter
1140 4713 1255 4782 'etiam
1277 4718 1479 4797 probabiliori
1501 4719 1543 4780 ibi
1562 4721 1758 4801 sequendum
1778 4726 1827 4782 esi
1846 4719 1942 4792 iulius,

310 4805 454 4886 promisit
467 4805 700 4869 matrimonium
720 4809 870 4872 adulterae
889 4816 1107 4891 postmortem
1161 4805 1334 4868 secundum
1348 4805 1432 4865 ditia
1451 4805 1473 4867 l·
1490 4808 1519 4882 6,
1540 4823 1572 4884 l)-
1590 4809 1619 4883 ¹,
1636 4825 1665 4868 a·
1682 4824 1714 4868 n.
1732 4809 1800 4883 ¹0⁴,
1817 4825 1834 4867 θ
1849 4807 1945 4868 tosslffl

312 4891 453 4973 conjugis
472 4910 548 4971 suae,
573 4897 605 4955 et
626 4898 735 4974 postea
757 4896 879 4960 dubitat
897 4916 937 4959 an
954 4917 1033 4962 uxor
1051 4919 1108 4962 sua
1161 4899 1282 4959 certum
1297 4898 1344 4954 ost
1358 4892 1527 4972 aliquando
1540 4893 1661 4956 licitum
1675 4912 1742 4956 esse
1756 4911 1790 4954 se
1805 4903 1944 4970 exponere

311 4981 423 5042 vixerit
435 4983 576 5060 ternpore
600 4983 825 5061 promissionis,
848 4991 903 5047 aut
925 4986 951 5047 si
972 4987 1105 5066 dubitet,
1160 4983 1299 5066 periculo
1313 4981 1482 5044 materialis
1497 4981 1721 5061 fornicationis,
1740 4982 1784 5045 uti
1803 4975 1945 5044 consnnt

311 5087 351 5130 an
366 5068 554 5131 adulterium
568 5087 640 5130 oum
663 5071 717 5132 tali
740 5073 946 5151 promissione
961 5075 1108 5138 commis·
1161 5093 1199 5135 ex
1209 5070 1350 5134 dicendis
1364 5089 1395 5131 n.
1412 5072 1470 5132 ote
1485 5074 1517 5132 et
1530 5073 1600 5134 803.
1622 5074 1724 5152 Atque
1740 5071 1808 5132 haeo
1821 5063 1944 5130 secunda

310 5175 380 5219 sum
395 5158 453 5219 sit:
469 5175 528 5220 nec
542 5157 573 5220 in
588 5175 674 5236 casu,
691 5177 754 5240 quo
769 5160 839 5240 quis
852 5163 939 5241 prius
954 5165 1108 5225 contraxit
1161 5159 1458 5237 sententiavidatur,
1470 5160 1581 5222 saltem
1595 5163 1734 5240 spectata
1747 5157 1877 5231 ratione,
1887 5167 1943 5214 esse

310 5263 383 5307 cum
397 5263 461 5306 una
474 5262 580 5308 eorem
604 5247 736 5327 simplici
760 5249 939 5327 Sacerdote,
961 5253 1013 5334 qui
1028 5253 1107 5315 forte
1161 5249 1363 5331 probabilior.

310 5333 470 5395 licentiam
485 5335 647 5396 assistendi
664 5354 727 5398 non
741 5343 907 5416 acceperat
920 5356 940 5399 a
953 5340 1105 5418 Pmocho,
1201 5337 1219 5417 ᾖ
1244 5339 1274 5398 6.
1304 5338 1401 5398 Docet
1422 5339 1651 5417 cousequenter
1677 5335 1781 5416 prima
1803 5328 1941 5396 sententia
1960 5357 1988 5406 ,e

312 5423 343 5480 et
356 5423 468 5498 postea
485 5421 579 5482 etiam
592 5422 675 5484 bona
688 5421 750 5484 ilde
761 5441 832 5484 cum
843 5424 1107 5488 elteracontraxe-
1161 5445 1234 5489 oum
1250 5425 1397 5495 Sclcilclcr,
1413 5427 1475 5505 55,
1500 5426 1654 5507 ejusmodi
1677 5424 1868 5487 dubitantem
1889 5435 1940 5480 non

313 5505 355 5578 rit
368 5523 475 5569 coram
489 5508 640 5590 Perocho,
657 5513 750 5600 atque
772 5509 816 5582 ita
836 5511 967 5592 dubitet,
984 5517 1055 5584 utro
1068 5514 1109 5577 sit
1161 5531 1253 5602 posse
1268 5515 1400 5582 reddere
1422 5514 1573 5592 debitum,
1601 5512 1724 5597 quando
1747 5529 1810 5576 non
1833 5511 1941 5573 tenetur
