3986 6350
595 544 648 606 DE
675 545 839 608 curlclls
859 543 1128 616 GONFESSARIJ.

52 734 134 802 cedit,
150 733 234 814 quod
250 732 317 793 haec
338 731 378 794 sit
391 730 550 810 deinceps,
576 748 649 791 curn
672 748 705 791 se
730 729 831 809 primo

52 823 162 886 occasio
186 821 319 898 dederit,
345 820 378 879 in
400 816 593 881 Paenitentia
613 818 773 881 Tribuuali
788 819 835 878 le-

50 912 148 990 gitimo
168 910 272 973 ludici
295 907 477 989 aperienda,
502 910 537 968 ut
557 906 597 966 ab
621 924 660 966 ea
678 905 832 968 absolutio

52 998 160 1061 directe
171 998 377 1077 impetretur;
393 995 446 1056 illa
460 1013 535 1055 vero
551 1011 762 1074 nequaquam.

84 1089 110 1147 3.
140 1087 171 1148 Si
200 1086 271 1166 quis
299 1083 429 1145 crimine
457 1087 617 1143 reservate
646 1081 830 1158 obstrictae,

50 1173 169 1235 illudio
193 1171 395 1235 Goulessiooe
419 1171 503 1249 apud
525 1169 706 1230 inferiorem
722 1171 835 1232 Sacer-

50 1262 146 1322 dotem
167 1260 248 1321 iuita
271 1277 309 1318 ex
329 1258 491 1336 inculpata
513 1257 670 1318 oblivione
695 1258 828 1331 omittit3

51 1347 72 1409 is
90 1365 149 1407 nou
171 1350 341 1424 prepterea
365 1345 474 1424 gratiae
496 1344 691 1406 Sacramenti
711 1345 832 1405 obicem

51 1436 137 1516 pouit,
164 1435 238 1515 quia
258 1434 350 1514 juxta
372 1434 404 1494 id
428 1433 513 1513 quod
537 1434 605 1514 jam
633 1433 832 1494 observatum

51 1524 110 1602 luit,
125 1528 159 1587 ut
181 1527 286 1585 ratum
310 1523 350 1584 sit
373 1525 611 1586 Sacramentum
626 1522 741 1583 suflicit
754 1521 834 1582 inte-

51 1631 101 1691 gra
121 1613 302 1686 formaliter,
317 1611 487 1687 Confessio,
514 1611 614 1691 qualis
637 1609 688 1670 bic
702 1610 834 1670 interce·

51 1701 99 1763 dit.
121 1700 209 1762 Adde
232 1700 318 1780 quod
343 1701 461 1780 alioqui
480 1715 640 1778 nunquam
655 1701 761 1777 posset
775 1698 833 1758 iste

52 1793 195 1868 peccator,
213 1789 310 1850 etiam
324 1788 426 1868 quoad
443 1806 506 1848 ncn
520 1792 680 1848 reservata
698 1786 738 1847 ab
754 1786 801 1846 inf
818 1820 833 1831 -

53 1876 117 1937 riori
150 1877 321 1938 Sacerdote
356 1879 440 1935 recte
475 1873 622 1945 absolvi3
653 1873 678 1933 si
719 1891 831 1951 nempe

53 1963 157 2024 crimen
180 1963 258 2024 illud
281 1965 478 2024 reservatum
499 1977 660 2041 uunquam
684 1959 833 2038 deinceps

52 2052 79 2110 in
96 2052 279 2113 memoriam
301 2049 442 2123 rediret;
467 2049 549 2128 qucd
574 2046 833 2109 absurdissimum

54 2142 101 2200 est.

85 2229 112 2286 l.
135 2225 167 2286 Si
191 2225 287 2286 homo
308 2225 464 2303 poenitens
486 2226 575 2284 extra
592 2222 702 2282 mortis
718 2222 834 2284 articu-

52 2313 108 2373 lum
126 2313 322 2388 constitutus,
338 2313 404 2372 solu
427 2310 558 2371 crimina
573 2315 733 2371 reservata
747 2310 832 2387 apud

53 2401 220 2461 inferiorem
235 2399 437 2462 Sacerdotem
452 2397 546 2459 etiam
560 2396 643 2457 bena
658 2397 719 2457 lide
736 2397 833 2475 depo-

54 2491 108 2562 nat,
123 2487 207 2547 irrite
222 2487 414 2547 absolvetur.
431 2486 646 2563 terpretatur,
663 2485 737 2563 quia
756 2489 832 2544 tunc

54 2575 126 2635 nulla
139 2574 304 2654 subjicitur
318 2573 512 2635 sacramenti
527 2573 669 2633 materia.
687 2575 728 2633 Ut
748 2572 833 2631 euim

53 2665 202 2740 peccatum
217 2660 345 2740 aliquod
365 2659 396 2719 in
418 2661 620 2722 Sacramenta
637 2659 831 2720 Poenitentiae

52 2749 142 2810 locum
165 2749 305 2810 materiae
329 2747 477 2824 obtineat,
501 2748 575 2808 satis
599 2763 661 2807 non
685 2750 732 2807 est
755 2746 831 2806 siin

54 2839 136 2900 Sacro
150 2836 311 2899 Tribunali
326 2835 420 2896 etiam
435 2853 507 2896 cum
522 2834 629 2895 dolore
644 2833 751 2895 debito
776 2832 832 2893 de-

53 2926 184 3002 claretur,
211 2924 267 2986 sed
291 2923 461 3002 requiritur
480 2923 609 3000 insuper
621 2921 761 3000 legitima
776 2921 831 2982 Sa·

53 3013 173 3076 cerdctis
194 3015 226 3073 in
249 3011 327 3072 illud
352 3009 545 3087 Jurisdictio,
570 3008 601 3070 vi
626 3009 715 3088 cujus
734 3009 832 3086 possit

54 3100 140 3160 abac
164 3100 282 3160 directe
307 3097 480 3158 absolvere.
504 3097 635 3157 lniericr
653 3099 759 3156 autem
774 3095 831 3156 Sa-

53 3188 149 3248 cerdos
165 3190 253 3248 caret
267 3186 351 3246 omui
366 3185 398 3244 in
414 3183 545 3245 crimina
558 3187 718 3244 reservata
731 3181 832 3243 luris-

55 3273 184 3334 diciicue.
208 3276 291 3352 Ergo
315 3273 341 3333 si
362 3271 522 3332 hominem
543 3270 760 3348 poenitentem,
777 3268 830 3348 qui

54 3361 111 3421 sclu
122 3361 245 3442 subjicit
259 3365 429 3435 reservata,
451 3358 603 3432 absolvat,
630 3357 706 3417 nihil
722 3375 832 3417 occur-

55 3453 94 3506 ret
118 3449 146 3508 in
173 3449 259 3529 quod
287 3448 355 3508 haec
383 3445 537 3508 absolutio
570 3445 688 3506 directe
716 3446 831 3505 cadere

54 3537 147 3612 possit,
164 3538 239 3615 quia
252 3537 377 3597 deficiet
391 3534 492 3596 omnis
516 3533 709 3595 sacramenti
731 3539 832 3594 mate-

55 3620 103 3682 ria.
118 3624 196 3701 ltrgo
218 3625 341 3687 irritum
362 3621 507 3684 conficiat
530 3623 769 3683 Sacramentum
783 3623 832 3681 est

56 3724 179 3772 ramese.

87 3797 114 3855 5.
141 3796 172 3857 Si
200 3795 294 3856 bomo
322 3791 478 3872 paenitens
505 3791 612 3872 aliqua
646 3793 830 3856 necessitate

56 3879 181 3959 adactus,
207 3884 338 3960 peccata
360 3884 519 3942 reservata
541 3880 625 3958 apud
648 3880 830 3943 inferiorem

57 3967 243 4032 Sacerdotem
269 3968 362 4030 simul
391 3985 462 4029 curn
486 3968 554 4030 aliis
582 3970 733 4048 deponat;
757 3975 831 4034 tunc

56 4073 117 4117 cum
130 4059 276 4137 Superior
289 4057 340 4119 vel
354 4057 516 4136 delegatus
530 4057 611 4118 adiri
633 4075 696 4119 non
715 4061 827 4136 potest,

57 4142 105 4205 rite
130 4163 165 4207 ac
187 4146 268 4208 licite
292 4145 496 4221 absolvetur,
522 4163 541 4205 a
573 4162 635 4205 non
663 4147 830 4208 reservatis

1627 545 1687 607 423

889 735 920 790 et
934 745 1026 790 nemo
1046 729 1197 790 hacteuus
1216 729 1383 792 inficiatur.
1399 731 1472 792 dam
1486 725 1565 790 'vcro
1587 746 1684 810 pona·

890 837 960 878 mus
975 817 1093 878 crimen
1107 817 1192 878 idem
1209 837 1272 880 non
1287 836 1324 878 ex
1340 817 1507 894 oblivione,
1524 817 1581 878 sed
1598 817 1685 897 justa

889 906 928 968 de
957 923 1053 967 causa
1074 906 1211 984 reticeri,
1241 925 1303 968 non
1328 906 1476 969 contiuuo
1509 905 1598 966 irrita
1625 904 1686 966 erit

888 992 1063 1066 absoluti03
1091 1011 1164 1054 nam
1192 994 1306 1056 oblivio
1335 1000 1367 1055 et
1394 993 1581 1070 reticentia,
1612 1011 1684 1054 cum

888 1087 1021 1159 utraque
1046 1080 1173 1142 innoxia
1187 1085 1243 1158 est,
1260 1081 1390 1160 perinde
1409 1085 1482 1143 sunt
1498 1081 1530 1142 in
1554 1099 1588 1142 re
1611 1080 1681 1142 ista.

891 1168 972 1240 Ouid
987 1186 1063 1247 ergo
1084 1169 1108 1228 si
1132 1169 1287 1248 paenitens
1302 1169 1420 1230 crimen
1440 1169 1568 1248 aliquod
1582 1167 1685 1228 mani-

889 1254 991 1331 festet,
1018 1257 1211 1318 sacramenti
1236 1256 1338 1334 gratia
1361 1256 1546 1335 privabitur,
1573 1255 1685 1316 eadem

889 1362 964 1405 vero
982 1344 1152 1405 donabitur
1167 1344 1192 1403 si
1207 1344 1284 1404 illud
1303 1343 1376 1424 jure
1391 1343 1519 1424 quidem
1542 1361 1611 1419 suo,
1628 1341 1684 1402 sod

888 1435 995 1493 tamen
1015 1432 1117 1491 scions
1141 1432 1311 1512 volensque
1331 1431 1487 1494 occultet?
1509 1434 1583 1492 Haec
1607 1448 1684 1490 vero

889 1518 952 1579 duo
967 1519 1049 1580 inter
1063 1538 1096 1579 se
1112 1519 1271 1580 cohaerere
1287 1538 1349 1580 uon
1364 1523 1504 1598 pessunt.
1518 1519 1597 1580 Hinc
1612 1535 1684 1578 con-

889 1625 1025 1685 sequens
1035 1613 1083 1668 est
1096 1611 1131 1668 ut
1145 1607 1238 1669 liceat
1252 1607 1391 1668 inferiori
1406 1607 1567 1670 Sacerdoti
1583 1606 1684 1667 absol·

888 1713 963 1756 vere
992 1694 1215 1774 poenitcntam3
1246 1696 1299 1775 qui
1322 1696 1426 1776 aliqua
1449 1696 1490 1756 ad
1513 1693 1684 1755 ineundam

889 1783 1125 1845 Confessionem
1154 1784 1337 1845 necessitate
1370 1785 1524 1860 adactus,
1554 1785 1685 1862 peccata

889 1877 1049 1931 reservata
1070 1871 1162 1931 simul
1186 1889 1258 1932 cum
1282 1871 1350 1932 aliis
1365 1871 1495 1951 deponit
1508 1875 1595 1947 tunc,
1611 1887 1684 1932 cum

888 1958 968 2019 adiri
984 1957 1134 2036 Superior
1152 1962 1209 2020 aut
1230 1958 1298 2039 ejus
1313 1959 1475 2038 delegatus
1491 1976 1552 2020 non
1567 1961 1681 2036 potest.

889 2047 968 2104 Nam
991 2062 1064 2103 cum
1087 2044 1134 2104 fas
1158 2045 1374 2124 sitpoenitenti
1396 2045 1441 2106 sic
1463 2044 1614 2122 confiteri,
1640 2044 1685 2106 ita

889 2133 1007 2211 pariter
1020 2134 1220 2194 confitentem
1235 2135 1397 2196 absolvere
1417 2133 1555 2195 inferiori
1571 2135 1685 2195 Sacer-

888 2219 953 2281 doti
968 2218 1088 2279 licitum
1103 2237 1170 2278 esse
1186 2237 1313 2281 necesse
1328 2225 1384 2282 est.

930 2307 1053 2386 Objior'ee
1080 2311 1108 2368 l.
1140 2310 1216 2369 Cum
1240 2308 1277 2369 iis
1301 2309 1409 2386 paucis
1431 2309 1483 2389 qui
1506 2307 1683 2386 oppositam

887 2394 1074 2456 sententiam
1102 2398 1253 2471 tuentur,
1283 2396 1454 2474 voluntque
1482 2398 1586 2456 ratum
1614 2413 1681 2455 esse
1742 2451 1744 2456 .

887 2482 1078 2562 poenitentiae
1094 2484 1342 2558 Sacramentum,
1354 2484 1380 2543 si
1391 2481 1547 2561 poenitens
1562 2481 1682 2542 crimen

888 2574 1081 2631 reservatum
1106 2569 1137 2629 in
1160 2570 1320 2648 proposita
1342 2570 1515 2650 quastione
1539 2569 1680 2629 inferiori

888 2656 1048 2720 Sacerdoti
1077 2656 1252 2729 celaverit;
1283 2656 1406 2718 irritum
1433 2674 1508 2718 vero
1541 2655 1567 2716 si
1602 2655 1681 2716 illud

887 2743 1054 2822 aperuerit.
1071 2744 1247 2821 Repugnat,
1264 2743 1419 2822 inquiunt,
1436 2745 1601 2822 peccatum
1625 2742 1683 2804 ali-

887 2829 971 2910 quod
986 2829 1100 2892 lethale
1122 2829 1154 2889 in
1176 2831 1375 2891 confessione
1390 2829 1503 2892 diserte
1519 2830 1633 2908 exponi
1650 2832 1683 2892 et

886 2918 918 2978 in
933 2917 1009 2978 illud
1025 2915 1253 2978 absolutionem
1267 2917 1384 2979 directe
1399 2935 1461 2977 non
1481 2917 1606 2993 cadere,
1623 2917 1680 2977 sed

887 3006 963 3067 illud
977 3007 1008 3065 vi
1026 3005 1228 3066 absolutionis
1244 3004 1360 3066 directe
1376 3024 1438 3066 non
1453 3005 1580 3066 remitti.
1599 3004 1680 3076 Quid

887 3093 970 3153 enim
985 3091 1071 3152 aliud
1085 3095 1132 3152 est
1145 3095 1310 3170 peccatum
1325 3093 1439 3154 letbalc
1460 3093 1490 3153 vi
1507 3091 1690 3152 absolutio:

887 3180 934 3239 nis
949 3180 1066 3240 directe
1081 3178 1208 3247 remitti,
1225 3197 1319 3258 quam
1334 3179 1410 3241 illud
1424 3179 1529 3240 afferri
1545 3179 1577 3238 in
1595 3177 1683 3259 judi-

886 3267 969 3326 cium
985 3268 1062 3328 etin
1076 3267 1159 3327 diem
1170 3267 1303 3346 proferri
1318 3266 1515 3326 sententiam.
1528 3265 1564 3326 Id
1575 3269 1681 3326 autem

885 3356 921 3416 fit
940 3356 1061 3434 quoties
1080 3355 1149 3435 quis
1164 3359 1328 3433 peccatum
1348 3353 1475 3434 aliquod
1496 3353 1611 3415 lethale
1627 3370 1682 3415 no·

885 3442 1028 3503 minatim
1057 3443 1232 3519 confitetur,
1254 3446 1286 3504 et
1312 3442 1352 3503 ab
1381 3459 1418 3502 co
1446 3441 1678 3503 absolutionem

886 3530 1015 3592 obtinet.
1037 3533 1116 3592 Cum
1129 3530 1225 3608 igitur
1239 3547 1301 3591 non
1316 3529 1415 3608 possit
1437 3528 1557 3589 crimen
1579 3545 1681 3588 reser-

885 3622 993 3679 vatum
1009 3618 1092 3698 quud
1108 3617 1222 3678 diserte
1238 3618 1387 3696 aperitur,
1405 3616 1445 3677 ab
1460 3615 1608 3676 inferiore
1623 3618 1683 3678 Sa-

886 3706 1012 3766 cerdote
1036 3704 1154 3766 directe
1176 3704 1303 3781 remitti,
1329 3704 1373 3764 ita
1387 3719 1445 3764 uec
1459 3703 1611 3764 indirecte
1625 3720 1680 3781 po-

886 3793 968 3855 terit.
987 3796 1079 3873 Resp.
1106 3796 1142 3854 N.
1169 3796 1242 3855 Ant.
1259 3793 1324 3855 Etsi
1340 3792 1423 3852 enim
1438 3792 1479 3852 ad
1494 3790 1646 3853 directam
1661 3807 1681 3850 a

885 3885 1013 3962 peccato
1030 3881 1135 3959 aliquo
1150 3880 1379 3942 absolutionem
1403 3877 1606 3939 obtinendam
1628 3895 1681 3938 ne·

886 3968 1021 4029 cessaria
1049 3969 1089 4030 sit
1108 3967 1190 4030 illius
1215 3968 1396 4043 declaratio,
1423 3985 1461 4026 ea
1483 3969 1589 4027 tamen
1617 3983 1680 4026 uon

885 4056 1009 4132 sufficit,
1033 4055 1090 4116 sed
1113 4055 1285 4134 requiritur
1307 4056 1435 4133 insuper
1454 4051 1633 4114 Sacerdotis
1647 4052 1679 4112 in

885 4143 962 4205 illud
982 4141 1122 4221 legitima
1133 4142 1331 4221 jurisdictic;
1349 4141 1424 4220 quia
1446 4139 1567 4199 directa
1589 4137 1680 4198 abso-

57 4233 170 4309 quidem
184 4233 312 4310 directe,
326 4238 358 4295 et
372 4252 391 4294 a
404 4233 570 4294 reservatis
584 4233 746 4309 indirecte,
758 4251 830 4294 oum
883 4229 961 4289 lutio
975 4229 1120 4308 proprius
1134 4232 1181 4290 est
1194 4228 1424 4290 iurisdictionis
1447 4230 1546 4288 actus.
1563 4226 1675 4305 ltaque

57 4333 138 4380 onere
161 4323 263 4382 tamen
286 4320 420 4381 crimina
437 4325 597 4381 reservata
620 4320 760 4399 legitimo
775 4323 831 4382 Ju-

57 4403 108 4464 dici
129 4407 238 4468 iterum
265 4409 437 4486 aperiendi.
462 4409 552 4470 Ratio
580 4413 637 4484 est,
668 4409 830 4488 quiatuuc

57 4497 188 4570 peccator
202 4495 364 4556 materiam
389 4495 514 4556 exhibet
527 4495 721 4573 requisitam,
746 4494 831 4556 dolc-

885 4333 943 4376 nec
957 4315 1075 4376 crimen
1090 4318 1295 4392 reservatum,
1313 4314 1396 4394 quud
1412 4313 1505 4374 simul
1529 4329 1601 4374 oum
1616 4328 1678 4371 non

884 4402 1050 4464 reservatis
1062 4402 1254 4486 declaratur,
1264 4402 1398 4462 materia
1407 4406 1455 4462 ast
1470 4398 1677 4475 Sacramenti,

885 4508 986 4570 neque
1010 4490 1085 4551 illud
1113 4490 1145 4550 in
1163 4488 1318 4570 judicium
1346 4490 1486 4565 affertur,
1515 4504 1617 4566 neque
1645 4486 1678 4546 in

57 4580 263 4658 rcmscilicet,
284 4583 480 4661 propositum
503 4587 534 4644 et
556 4586 757 4661 peccatorum
779 4584 831 4645 de·
885 4578 969 4639 idem
996 4577 1154 4657 protertur
1187 4577 1365 4650 sententia;
1397 4576 1471 4657 quia
1506 4573 1677 4637 declaratio

57 4665 263 4746 cierationem,
286 4687 420 4749 eamque
442 4671 525 4748 apud
548 4670 723 4748 legitimum
741 4671 831 4733 ludi·
885 4663 969 4726 illius
990 4683 1052 4727 non
1081 4667 1117 4727 dt
1147 4683 1254 4726 coram
1279 4664 1419 4744 legitimo
1442 4662 1563 4726 lodice.
1588 4661 1678 4722 Unde

57 4769 115 4814 cern
133 4755 296 4835 qualisest,
322 4757 426 4836 quoad
442 4775 504 4818 non
519 4760 689 4833 reservata,
702 4757 831 4818 inferior
885 4758 958 4816 tunc
979 4753 1100 4833 peccati
1121 4752 1203 4813 illius
1226 4752 1395 4814 declaratio
1418 4751 1529 4813 eodem
1550 4765 1679 4827 prorsus

58 4839 207 4919 Sacerdos,
225 4843 277 4923 qui
296 4842 461 4905 sufficienti
485 4843 705 4906 iurisdictione
728 4842 831 4904 muni·
885 4841 978 4902 modo
994 4859 1027 4901 se
1042 4841 1137 4902 babet
1152 4840 1258 4919 quoad
1282 4839 1523 4916 absolutionem,
1540 4854 1577 4898 ac
1602 4835 1678 4898 obli-

58 4928 100 4986 tus
112 4929 141 4990 et
153 4929 262 5006 sciens,
279 4934 311 4991 et
332 4931 441 4991 volens
456 4930 496 4990 ab
511 4929 571 4990 illis
595 4929 749 5003 absolvit;
773 4949 831 4991 nec
885 4931 935 4993 vio
951 4933 982 4991 et
996 4928 1169 4991 reticentia.

58 5012 131 5074 aliud
144 5033 267 5094 prorsus
282 5018 466 5097 quidquam,
479 5021 513 5079 ut
528 5018 632 5079 valeat
646 5019 832 5079 Sacramen-
925 5015 1062 5077 Instatis.
1080 5016 1198 5078 Saltem
1212 5020 1287 5076 tunc
1301 5031 1364 5075 non
1378 5016 1503 5076 tenetur
1524 5014 1678 5094 paenitens

60 5103 116 5160 tum
128 5106 156 5164 et
168 5111 235 5165 rata
248 5105 288 5165 sit
301 5105 467 5182 absolutio,
479 5105 658 5184 requiritur.
675 5108 831 5167 Praeterea
885 5109 1045 5166 reservata
1059 5104 1190 5164 crimina
1203 5103 1340 5166 inferiori
1358 5101 1521 5164 Sacerdoti
1541 5103 1675 5180 aperire.

59 5189 198 5262 poenitens
211 5192 340 5253 crimine
354 5197 513 5254 reservato
524 5192 702 5268 obstrictus,
715 5192 739 5252 si
755 5192 831 5253 illud
885 5191 940 5254 Cui
955 5191 1039 5251 onim
1062 5191 1145 5252 bono
1160 5191 1213 5253 illa
1236 5193 1438 5269 peccatorum
1459 5189 1641 5266 declaratio,
1658 5205 1678 5248 a

60 5270 86 5369 io
105 5277 296 5340 Confessione
320 5279 404 5358 apud
427 5278 609 5340 interiorem
628 5279 829 5341 Sacerdotem
886 5279 1000 5358 quibus
1028 5280 1146 5340 directe
1183 5280 1340 5358 poenitens
1374 5276 1494 5338 absolvi
1529 5293 1592 5337 non
1624 5293 1678 5354 po·

60 5359 125 5422 mita
138 5363 212 5426 citra
229 5367 353 5446 culpam
376 5384 501 5428 omnam
523 5366 656 5442 omittat,
679 5371 763 5428 recte
785 5371 832 5428 ta-
885 5369 957 5441 test,
982 5365 1038 5427 scd
1061 5383 1131 5444 quae
1152 5365 1266 5426 iterum
1287 5363 1426 5443 legitimo
1449 5361 1552 5425 Judici
1575 5363 1677 5425 decla·

61 5461 122 5510 meu
134 5451 319 5530 absolvetur3
336 5457 370 5517 ut
385 5457 507 5518 constat
521 5471 560 5516 cx
570 5453 660 5516 dictis
675 5453 828 5534 superius,
886 5450 987 5516 reuda
1010 5452 1185 5514 necessario
1204 5451 1316 5513 erunt?
1331 5453 1424 5530 Resp.
1440 5453 1475 5512 N.
1494 5451 1673 5532 sequelam.
