<?xml version="1.0" encoding="UTF-8"?>
<!DOCTYPE html PUBLIC "-//W3C//DTD XHTML 1.0 Transitional//EN"
    "http://www.w3.org/TR/xhtml1/DTD/xhtml1-transitional.dtd">
<html xmlns="http://www.w3.org/1999/xhtml" xml:lang="en" lang="en">
 <head>
  <title>
</title>
<meta http-equiv="Content-Type" content="text/html;charset=utf-8" />
  <meta name='ocr-system' content='tesseract 3.04.00' />
  <meta name='ocr-capabilities' content='ocr_page ocr_carea ocr_par ocr_line ocrx_word'/>
</head>
<body>
  <div class='ocr_page' id='page_1' title='image "./theologiamorali00diongoog_0458.png"; bbox 0 0 3986 6350; ppageno 0'>
   <div class='ocr_carea' id='block_1_1' title="bbox 330 557 389 619">
    <p class='ocr_par' dir='ltr' id='par_1_1' title="bbox 330 557 389 619">
     <span class='ocr_line' id='line_1_1' title="bbox 330 557 389 619; baseline 0.017 -1"><span class='ocrx_word' id='word_1_1' title='bbox 330 557 389 619; x_wconf 75' lang='lat'><strong>448</strong></span> 
     </span>
    </p>
   </div>
   <div class='ocr_carea' id='block_1_2' title="bbox 1079 551 1268 624">
    <p class='ocr_par' dir='ltr' id='par_1_2' title="bbox 1079 551 1268 624">
     <span class='ocr_line' id='line_1_2' title="bbox 1079 551 1268 624; baseline -0.005 -2"><span class='ocrx_word' id='word_1_2' title='bbox 1079 553 1197 624; x_wconf 75' lang='lat' dir='ltr'><strong>alcas</strong></span> <span class='ocrx_word' id='word_1_3' title='bbox 1216 551 1268 621; x_wconf 80' lang='lat' dir='ltr'><strong>IX.</strong></span> 
     </span>
    </p>
   </div>
   <div class='ocr_carea' id='block_1_3' title="bbox 334 735 1984 912">
    <p class='ocr_par' dir='ltr' id='par_1_3' title="bbox 334 735 1984 912">
     <span class='ocr_line' id='line_1_3' title="bbox 334 735 1984 858; baseline 0.005 -56"><span class='ocrx_word' id='word_1_4' title='bbox 334 747 403 815; x_wconf 89' lang='lat' dir='ltr'><strong>tu1·;</strong></span> <span class='ocrx_word' id='word_1_5' title='bbox 420 737 599 840; x_wconf 79' lang='lat' dir='ltr'><strong>Orationem</strong></span> <span class='ocrx_word' id='word_1_6' title='bbox 613 735 747 819; x_wconf 80' lang='lat' dir='ltr'><strong>s&#39;cilicet,</strong></span> <span class='ocrx_word' id='word_1_7' title='bbox 763 741 924 823; x_wconf 87' lang='lat' dir='ltr'><strong>Jejunium</strong></span> <span class='ocrx_word' id='word_1_8' title='bbox 938 745 970 804; x_wconf 91' lang='lat' dir='ltr'><strong>et</strong></span> <span class='ocrx_word' id='word_1_9' title='bbox 982 741 1126 804; x_wconf 87' lang='lat' dir='ltr'><strong>Dleemo-</strong></span> <span class='ocrx_word' id='word_1_10' title='bbox 1180 742 1388 805; x_wconf 76' lang='lat' dir='ltr'><strong>caementatam</strong></span> <span class='ocrx_word' id='word_1_11' title='bbox 1398 739 1604 826; x_wconf 76' lang='lat' dir='ltr'><strong>Eleemospoa</strong></span> <span class='ocrx_word' id='word_1_12' title='bbox 1616 738 1942 826; x_wconf 59' lang='lat' dir='ltr'><strong>vetjquainmauutu</strong></span> <span class='ocrx_word' id='word_1_13' title='bbox 1982 763 1984 858; x_wconf 60' lang='lat' dir='ltr'><strong>q</strong></span> 
     </span>
     <span class='ocr_line' id='line_1_4' title="bbox 335 830 1984 912; baseline 0.003 -22"><span class='ocrx_word' id='word_1_14' title='bbox 335 847 457 908; x_wconf 87' lang='lat' dir='ltr'><strong>synam.</strong></span> <span class='ocrx_word' id='word_1_15' title='bbox 474 831 604 888; x_wconf 80' lang='lat' dir='ltr'><strong>Nomine</strong></span> <span class='ocrx_word' id='word_1_16' title='bbox 618 830 760 890; x_wconf 77' lang='lat' dir='ltr'><strong>orationts</strong></span> <span class='ocrx_word' id='word_1_17' title='bbox 774 831 989 909; x_wconf 82' lang='lat' dir='ltr'><strong>significantur</strong></span> <span class='ocrx_word' id='word_1_18' title='bbox 999 849 1061 893; x_wconf 90' lang='lat' dir='ltr'><strong>non</strong></span> <span class='ocrx_word' id='word_1_19' title='bbox 1076 848 1127 890; x_wconf 92' lang='lat' dir='ltr'><strong>so·</strong></span> <span class='ocrx_word' id='word_1_20' title='bbox 1179 830 1358 912; x_wconf 79' lang='lat' dir='ltr'><strong>hujusmodi,</strong></span> <span class='ocrx_word' id='word_1_21' title='bbox 1371 850 1430 912; x_wconf 79' lang='lat' dir='ltr'><strong>pro</strong></span> <span class='ocrx_word' id='word_1_22' title='bbox 1442 831 1606 893; x_wconf 84' lang='lat' dir='ltr'><strong>liberandis</strong></span> <span class='ocrx_word' id='word_1_23' title='bbox 1615 843 1801 894; x_wconf 81' lang='lat' dir='ltr'><strong>mortuoram</strong></span> <span class='ocrx_word' id='word_1_24' title='bbox 1810 832 1943 895; x_wconf 79' lang='lat' dir='ltr'><strong>animatust</strong></span> <span class='ocrx_word' id='word_1_25' title='bbox 1983 881 1984 912; x_wconf 78' lang='lat'><strong>,</strong></span> 
     </span>
    </p>
   </div>
   <div class='ocr_carea' id='block_1_4' title="bbox 335 918 1123 999">
    <p class='ocr_par' dir='ltr' id='par_1_4' title="bbox 335 918 1123 999">
     <span class='ocr_line' id='line_1_5' title="bbox 335 918 1123 999; baseline 0 -21"><span class='ocrx_word' id='word_1_26' title='bbox 335 918 400 978; x_wconf 91' lang='lat' dir='ltr'><strong>lum</strong></span> <span class='ocrx_word' id='word_1_27' title='bbox 414 936 522 999; x_wconf 80' lang='lat' dir='ltr'>preces</span> <span class='ocrx_word' id='word_1_28' title='bbox 536 920 600 979; x_wconf 89' lang='lat' dir='ltr'><strong>Deo</strong></span> <span class='ocrx_word' id='word_1_29' title='bbox 616 922 670 979; x_wconf 91' lang='lat' dir='ltr'><strong>aut</strong></span> <span class='ocrx_word' id='word_1_30' title='bbox 684 918 838 981; x_wconf 88' lang='lat' dir='ltr'><strong>coelitibus</strong></span> <span class='ocrx_word' id='word_1_31' title='bbox 852 919 943 997; x_wconf 79' lang='lat' dir='ltr'><strong>fusae,</strong></span> <span class='ocrx_word' id='word_1_32' title='bbox 960 937 1015 980; x_wconf 89' lang='lat' dir='ltr'><strong>scu</strong></span> <span class='ocrx_word' id='word_1_33' title='bbox 1029 936 1123 993; x_wconf 89' lang='lat' dir='ltr'><strong>voce,</strong></span> 
     </span>
    </p>
   </div>
   <div class='ocr_carea' id='block_1_5' title="bbox 1218 920 1984 1024">
    <p class='ocr_par' dir='ltr' id='par_1_5' title="bbox 1218 920 1984 1024">
     <span class='ocr_line' id='line_1_6' title="bbox 1218 920 1984 1024; baseline 0.001 -43"><span class='ocrx_word' id='word_1_34' title='bbox 1218 922 1311 999; x_wconf 90' lang='lat' dir='ltr'><strong>Resp.</strong></span> <span class='ocrx_word' id='word_1_35' title='bbox 1329 923 1423 982; x_wconf 85' lang='lat' dir='ltr'><strong>Recte</strong></span> <span class='ocrx_word' id='word_1_36' title='bbox 1447 920 1542 982; x_wconf 87' lang='lat' dir='ltr'><strong>etiam</strong></span> <span class='ocrx_word' id='word_1_37' title='bbox 1560 925 1662 999; x_wconf 86' lang='lat' dir='ltr'><strong>potest</strong></span> <span class='ocrx_word' id='word_1_38' title='bbox 1683 925 1716 984; x_wconf 92' lang='lat' dir='ltr'><strong>et</strong></span> <span class='ocrx_word' id='word_1_39' title='bbox 1735 921 1813 983; x_wconf 88' lang='lat' dir='ltr'><strong>illud</strong></span> <span class='ocrx_word' id='word_1_40' title='bbox 1833 920 1941 1001; x_wconf 85' lang='lat' dir='ltr'><strong>injungi,</strong></span> <span class='ocrx_word' id='word_1_41' title='bbox 1982 941 1984 1024; x_wconf 63' lang='lat' dir='ltr'><strong>q</strong></span> 
     </span>
    </p>
   </div>
   <div class='ocr_carea' id='block_1_6' title="bbox 333 1006 1984 1706">
    <p class='ocr_par' dir='ltr' id='par_1_6' title="bbox 333 1006 1984 1706">
     <span class='ocr_line' id='line_1_7' title="bbox 335 1006 1984 1088; baseline 0.002 -22"><span class='ocrx_word' id='word_1_42' title='bbox 335 1023 390 1066; x_wconf 90' lang='lat' dir='ltr'><strong>seu</strong></span> <span class='ocrx_word' id='word_1_43' title='bbox 418 1009 521 1067; x_wconf 88' lang='lat' dir='ltr'><strong>mente</strong></span> <span class='ocrx_word' id='word_1_44' title='bbox 550 1006 651 1067; x_wconf 89' lang='lat' dir='ltr'><strong>solum</strong></span> <span class='ocrx_word' id='word_1_45' title='bbox 679 1007 913 1082; x_wconf 82' lang='lat' dir='ltr'><strong>adhibeantur3</strong></span> <span class='ocrx_word' id='word_1_46' title='bbox 948 1009 1003 1069; x_wconf 92' lang='lat' dir='ltr'><strong>sed</strong></span> <span class='ocrx_word' id='word_1_47' title='bbox 1031 1007 1126 1068; x_wconf 91' lang='lat' dir='ltr'><strong>etiam</strong></span> <span class='ocrx_word' id='word_1_48' title='bbox 1179 1007 1254 1087; x_wconf 90' lang='lat' dir='ltr'><strong>quia</strong></span> <span class='ocrx_word' id='word_1_49' title='bbox 1270 1007 1344 1068; x_wconf 91' lang='lat' dir='ltr'><strong>licet</strong></span> <span class='ocrx_word' id='word_1_50' title='bbox 1361 1013 1435 1068; x_wconf 88' lang='lat' dir='ltr'><strong>tunc</strong></span> <span class='ocrx_word' id='word_1_51' title='bbox 1450 1007 1621 1070; x_wconf 87' lang='lat' dir='ltr'><strong>satisfactio</strong></span> <span class='ocrx_word' id='word_1_52' title='bbox 1637 1009 1742 1087; x_wconf 91' lang='lat' dir='ltr'><strong>operis</strong></span> <span class='ocrx_word' id='word_1_53' title='bbox 1766 1008 1944 1088; x_wconf 84' lang='lat' dir='ltr'><strong>operanlisai</strong></span> <span class='ocrx_word' id='word_1_54' title='bbox 1982 1025 1984 1088; x_wconf 67' lang='lat' dir='ltr'><strong>l</strong></span> 
     </span>
     <span class='ocr_line' id='line_1_8' title="bbox 334 1089 1984 1177; baseline 0.001 -21"><span class='ocrx_word' id='word_1_55' title='bbox 334 1094 435 1156; x_wconf 77' lang='lat' dir='ltr'><strong>Missae</strong></span> <span class='ocrx_word' id='word_1_56' title='bbox 447 1093 652 1170; x_wconf 79' lang='lat' dir='ltr'><strong>Sacrificium,</strong></span> <span class='ocrx_word' id='word_1_57' title='bbox 664 1113 770 1156; x_wconf 91' lang='lat' dir='ltr'><strong>rerum</strong></span> <span class='ocrx_word' id='word_1_58' title='bbox 780 1115 941 1158; x_wconf 88' lang='lat' dir='ltr'><strong>sacrarum</strong></span> <span class='ocrx_word' id='word_1_59' title='bbox 951 1094 1123 1172; x_wconf 89' lang='lat' dir='ltr'><strong>meditatio,</strong></span> <span class='ocrx_word' id='word_1_60' title='bbox 1180 1096 1247 1156; x_wconf 90' lang='lat' dir='ltr'><strong>illas</strong></span> <span class='ocrx_word' id='word_1_61' title='bbox 1261 1095 1382 1156; x_wconf 88' lang='lat' dir='ltr'><strong>animas</strong></span> <span class='ocrx_word' id='word_1_62' title='bbox 1397 1096 1699 1170; x_wconf 60' lang='lat' dir='ltr'><strong>transmittemns</strong></span> <span class='ocrx_word' id='word_1_63' title='bbox 1713 1101 1819 1158; x_wconf 84' lang='lat' dir='ltr'><strong>tamen</strong></span> <span class='ocrx_word' id='word_1_64' title='bbox 1833 1099 1944 1177; x_wconf 75' lang='lat' dir='ltr'><strong>quesn·</strong></span> <span class='ocrx_word' id='word_1_65' title='bbox 1983 1089 1984 1092; x_wconf 47' lang='lat'>&#39;</span> 
     </span>
     <span class='ocr_line' id='line_1_9' title="bbox 335 1183 1945 1266; baseline 0.001 -22"><span class='ocrx_word' id='word_1_66' title='bbox 335 1185 608 1245; x_wconf 87' lang='lat' dir='ltr'><strong>Sacramentorum</strong></span> <span class='ocrx_word' id='word_1_67' title='bbox 623 1186 789 1262; x_wconf 80' lang='lat' dir='ltr'>susceptio,</span> <span class='ocrx_word' id='word_1_68' title='bbox 807 1186 957 1248; x_wconf 89' lang='lat' dir='ltr'><strong>discussio</strong></span> <span class='ocrx_word' id='word_1_69' title='bbox 973 1185 1125 1266; x_wconf 90' lang='lat' dir='ltr'><strong>quotidia-</strong></span> <span class='ocrx_word' id='word_1_70' title='bbox 1180 1183 1379 1245; x_wconf 88' lang='lat' dir='ltr'><strong>oramentalis</strong></span> <span class='ocrx_word' id='word_1_71' title='bbox 1394 1189 1451 1262; x_wconf 89' lang='lat' dir='ltr'><strong>est,</strong></span> <span class='ocrx_word' id='word_1_72' title='bbox 1468 1203 1523 1245; x_wconf 91' lang='lat' dir='ltr'><strong>seu</strong></span> <span class='ocrx_word' id='word_1_73' title='bbox 1539 1203 1683 1264; x_wconf 88' lang='lat' dir='ltr'><strong>exopere</strong></span> <span class='ocrx_word' id='word_1_74' title='bbox 1695 1189 1823 1264; x_wconf 88' lang='lat' dir='ltr'><strong>operata</strong></span> <span class='ocrx_word' id='word_1_75' title='bbox 1833 1189 1945 1264; x_wconf 74' lang='lat' dir='ltr'><strong>lotape</strong></span> 
     </span>
     <span class='ocr_line' id='line_1_10' title="bbox 335 1269 1945 1354; baseline 0 -22"><span class='ocrx_word' id='word_1_76' title='bbox 335 1291 376 1332; x_wconf 89' lang='lat' dir='ltr'><strong>na</strong></span> <span class='ocrx_word' id='word_1_77' title='bbox 390 1273 605 1350; x_wconf 81' lang='lat' dir='ltr'><strong>conscientiae,</strong></span> <span class='ocrx_word' id='word_1_78' title='bbox 622 1274 674 1351; x_wconf 90' lang='lat' dir='ltr'><strong>pia</strong></span> <span class='ocrx_word' id='word_1_79' title='bbox 695 1273 798 1352; x_wconf 89' lang='lat' dir='ltr'><strong>lectio,</strong></span> <span class='ocrx_word' id='word_1_80' title='bbox 815 1275 929 1337; x_wconf 88' lang='lat' dir='ltr'><strong>devota</strong></span> <span class='ocrx_word' id='word_1_81' title='bbox 946 1274 1126 1354; x_wconf 87' lang='lat' dir='ltr'><strong>peregrina·</strong></span> <span class='ocrx_word' id='word_1_82' title='bbox 1180 1270 1306 1332; x_wconf 90' lang='lat' dir='ltr'><strong>nitentis</strong></span> <span class='ocrx_word' id='word_1_83' title='bbox 1327 1269 1396 1332; x_wconf 92' lang='lat' dir='ltr'><strong>erit.</strong></span> <span class='ocrx_word' id='word_1_84' title='bbox 1413 1272 1569 1334; x_wconf 86' lang='lat' dir='ltr'><strong>Praeterea</strong></span> <span class='ocrx_word' id='word_1_85' title='bbox 1587 1272 1658 1352; x_wconf 87' lang='lat' dir='ltr'><strong>ipsa</strong></span> <span class='ocrx_word' id='word_1_86' title='bbox 1678 1271 1865 1336; x_wconf 86' lang='lat' dir='ltr'><strong>attribuendi</strong></span> <span class='ocrx_word' id='word_1_87' title='bbox 1881 1273 1945 1351; x_wconf 87' lang='lat' dir='ltr'><strong>pion</strong></span> 
     </span>
     <span class='ocr_line' id='line_1_11' title="bbox 333 1359 1946 1442; baseline 0 -20"><span class='ocrx_word' id='word_1_88' title='bbox 333 1361 388 1434; x_wconf 86' lang='lat' dir='ltr'><strong>tio;</strong></span> <span class='ocrx_word' id='word_1_89' title='bbox 401 1361 633 1441; x_wconf 91' lang='lat' dir='ltr'><strong>deniqueactus</strong></span> <span class='ocrx_word' id='word_1_90' title='bbox 648 1361 778 1442; x_wconf 81' lang='lat' dir='ltr'>quilibet</span> <span class='ocrx_word' id='word_1_91' title='bbox 792 1382 812 1423; x_wconf 93' lang='lat' dir='ltr'><strong>a</strong></span> <span class='ocrx_word' id='word_1_92' title='bbox 825 1364 940 1425; x_wconf 88' lang='lat' dir='ltr'><strong>virtute</strong></span> <span class='ocrx_word' id='word_1_93' title='bbox 957 1362 1126 1442; x_wconf 80' lang='lat' dir='ltr'><strong>Religionis</strong></span> <span class='ocrx_word' id='word_1_94' title='bbox 1180 1378 1260 1438; x_wconf 88' lang='lat' dir='ltr'><strong>opus</strong></span> <span class='ocrx_word' id='word_1_95' title='bbox 1279 1359 1516 1421; x_wconf 82' lang='lat' dir='ltr'><strong>demortuorum</strong></span> <span class='ocrx_word' id='word_1_96' title='bbox 1535 1362 1647 1424; x_wconf 89' lang='lat' dir='ltr'><strong>solatio</strong></span> <span class='ocrx_word' id='word_1_97' title='bbox 1671 1363 1828 1440; x_wconf 84' lang='lat' dir='ltr'><strong>voluntas,</strong></span> <span class='ocrx_word' id='word_1_98' title='bbox 1844 1360 1898 1422; x_wconf 81' lang='lat' dir='ltr'><strong>rim</strong></span> <span class='ocrx_word' id='word_1_99' title='bbox 1909 1360 1946 1422; x_wconf 87' lang='lat' dir='ltr'><strong>hs·</strong></span> 
     </span>
     <span class='ocr_line' id='line_1_12' title="bbox 334 1447 1946 1530; baseline 0.002 -22"><span class='ocrx_word' id='word_1_100' title='bbox 334 1447 501 1528; x_wconf 90' lang='lat' dir='ltr'><strong>profectus.</strong></span> <span class='ocrx_word' id='word_1_101' title='bbox 525 1447 658 1510; x_wconf 84' lang='lat' dir='ltr'><strong>Nomine</strong></span> <span class='ocrx_word' id='word_1_102' title='bbox 680 1449 796 1530; x_wconf 80' lang='lat' dir='ltr'><strong>Jejania&#39;</strong></span> <span class='ocrx_word' id='word_1_103' title='bbox 818 1449 1042 1529; x_wconf 90' lang='lat' dir='ltr'><strong>intelliguntur,</strong></span> <span class='ocrx_word' id='word_1_104' title='bbox 1063 1466 1126 1510; x_wconf 92' lang='lat' dir='ltr'><strong>non</strong></span> <span class='ocrx_word' id='word_1_105' title='bbox 1179 1447 1234 1509; x_wconf 90' lang='lat' dir='ltr'><strong>bet</strong></span> <span class='ocrx_word' id='word_1_106' title='bbox 1259 1447 1405 1526; x_wconf 81' lang='lat' dir='ltr'><strong>expiandi</strong></span> <span class='ocrx_word' id='word_1_107' title='bbox 1438 1455 1586 1528; x_wconf 86' lang='lat' dir='ltr'><strong>peccata,</strong></span> <span class='ocrx_word' id='word_1_108' title='bbox 1613 1467 1687 1512; x_wconf 92' lang='lat' dir='ltr'><strong>cum</strong></span> <span class='ocrx_word' id='word_1_109' title='bbox 1718 1453 1807 1513; x_wconf 89' lang='lat' dir='ltr'><strong>actus</strong></span> <span class='ocrx_word' id='word_1_110' title='bbox 1829 1449 1946 1512; x_wconf 74' lang='lat' dir='ltr'><strong>baneas</strong></span> 
     </span>
     <span class='ocr_line' id='line_1_13' title="bbox 334 1535 1944 1617; baseline 0 -21"><span class='ocrx_word' id='word_1_111' title='bbox 334 1536 436 1597; x_wconf 90' lang='lat' dir='ltr'><strong>solum</strong></span> <span class='ocrx_word' id='word_1_112' title='bbox 460 1554 479 1597; x_wconf 89' lang='lat' dir='ltr'><strong>a</strong></span> <span class='ocrx_word' id='word_1_113' title='bbox 500 1535 568 1597; x_wconf 90' lang='lat' dir='ltr'><strong>cibo</strong></span> <span class='ocrx_word' id='word_1_114' title='bbox 584 1541 615 1597; x_wconf 90' lang='lat' dir='ltr'><strong>et</strong></span> <span class='ocrx_word' id='word_1_115' title='bbox 638 1539 713 1614; x_wconf 92' lang='lat' dir='ltr'><strong>potu</strong></span> <span class='ocrx_word' id='word_1_116' title='bbox 732 1537 931 1615; x_wconf 89' lang='lat' dir='ltr'><strong>abstinentia,</strong></span> <span class='ocrx_word' id='word_1_117' title='bbox 952 1538 1007 1598; x_wconf 91' lang='lat' dir='ltr'><strong>sed</strong></span> <span class='ocrx_word' id='word_1_118' title='bbox 1032 1537 1126 1598; x_wconf 90' lang='lat' dir='ltr'><strong>etiam</strong></span> <span class='ocrx_word' id='word_1_119' title='bbox 1181 1553 1278 1614; x_wconf 92' lang='lat' dir='ltr'><strong>perse</strong></span> <span class='ocrx_word' id='word_1_120' title='bbox 1293 1535 1342 1614; x_wconf 90' lang='lat' dir='ltr'><strong>sit,</strong></span> <span class='ocrx_word' id='word_1_121' title='bbox 1359 1539 1475 1596; x_wconf 90' lang='lat' dir='ltr'><strong>etcum</strong></span> <span class='ocrx_word' id='word_1_122' title='bbox 1490 1536 1596 1617; x_wconf 89' lang='lat' dir='ltr'><strong>aliqua</strong></span> <span class='ocrx_word' id='word_1_123' title='bbox 1609 1537 1757 1600; x_wconf 86' lang='lat' dir='ltr'><strong>molestia</strong></span> <span class='ocrx_word' id='word_1_124' title='bbox 1771 1535 1944 1617; x_wconf 68' lang='lat' dir='ltr'><strong>conjunctam</strong></span> 
     </span>
     <span class='ocr_line' id='line_1_14' title="bbox 335 1623 1946 1706; baseline -0.001 -20"><span class='ocrx_word' id='word_1_125' title='bbox 335 1642 443 1686; x_wconf 90' lang='lat' dir='ltr'><strong>omnes</strong></span> <span class='ocrx_word' id='word_1_126' title='bbox 460 1625 599 1702; x_wconf 87' lang='lat' dir='ltr'><strong>corporis</strong></span> <span class='ocrx_word' id='word_1_127' title='bbox 613 1625 807 1704; x_wconf 81' lang='lat' dir='ltr'><strong>afflictiones,</strong></span> <span class='ocrx_word' id='word_1_128' title='bbox 826 1645 894 1706; x_wconf 87' lang='lat' dir='ltr'><strong>quae</strong></span> <span class='ocrx_word' id='word_1_129' title='bbox 910 1625 1017 1688; x_wconf 76' lang='lat' dir='ltr'><strong>axilis</strong></span> <span class='ocrx_word' id='word_1_130' title='bbox 1032 1627 1127 1688; x_wconf 87' lang='lat' dir='ltr'><strong>Sanc·</strong></span> <span class='ocrx_word' id='word_1_131' title='bbox 1181 1623 1325 1704; x_wconf 84' lang='lat' dir='ltr'><strong>hancque</strong></span> <span class='ocrx_word' id='word_1_132' title='bbox 1353 1623 1598 1686; x_wconf 75' lang='lat' dir='ltr'><strong>satisfactionem</strong></span> <span class='ocrx_word' id='word_1_133' title='bbox 1621 1624 1797 1686; x_wconf 81' lang='lat' dir='ltr'><strong>demortuis</strong></span> <span class='ocrx_word' id='word_1_134' title='bbox 1822 1626 1946 1704; x_wconf 73' lang='lat' dir='ltr'><strong>paenitens</strong></span> 
     </span>
    </p>
   </div>
   <div class='ocr_carea' id='block_1_7' title="bbox 333 1711 1130 2852">
    <p class='ocr_par' dir='ltr' id='par_1_7' title="bbox 333 1711 1127 2057">
     <span class='ocr_line' id='line_1_15' title="bbox 333 1711 1127 1798; baseline 0 -25"><span class='ocrx_word' id='word_1_135' title='bbox 333 1711 373 1773; x_wconf 90' lang='lat' dir='ltr'><strong>tis</strong></span> <span class='ocrx_word' id='word_1_136' title='bbox 397 1711 540 1790; x_wconf 90' lang='lat' dir='ltr'><strong>usurpari</strong></span> <span class='ocrx_word' id='word_1_137' title='bbox 563 1713 673 1774; x_wconf 91' lang='lat' dir='ltr'><strong>solent.</strong></span> <span class='ocrx_word' id='word_1_138' title='bbox 699 1713 900 1798; x_wconf 72' lang='lat' dir='ltr'><strong>Eleemosynae</strong></span> <span class='ocrx_word' id='word_1_139' title='bbox 922 1713 1050 1776; x_wconf 68' lang='lat' dir='ltr'><strong>madens</strong></span> <span class='ocrx_word' id='word_1_140' title='bbox 1073 1729 1127 1773; x_wconf 89' lang='lat' dir='ltr'><strong>nc·</strong></span> 
     </span>
     <span class='ocr_line' id='line_1_16' title="bbox 334 1797 1127 1883; baseline -0.006 -21"><span class='ocrx_word' id='word_1_141' title='bbox 334 1800 418 1862; x_wconf 92' lang='lat' dir='ltr'><strong>mine</strong></span> <span class='ocrx_word' id='word_1_142' title='bbox 441 1800 656 1880; x_wconf 86' lang='lat' dir='ltr'><strong>significantur</strong></span> <span class='ocrx_word' id='word_1_143' title='bbox 670 1820 707 1862; x_wconf 91' lang='lat' dir='ltr'><strong>ea</strong></span> <span class='ocrx_word' id='word_1_144' title='bbox 722 1803 837 1880; x_wconf 89' lang='lat' dir='ltr'><strong>omnia,</strong></span> <span class='ocrx_word' id='word_1_145' title='bbox 855 1821 925 1883; x_wconf 81' lang='lat' dir='ltr'><strong>quae</strong></span> <span class='ocrx_word' id='word_1_146' title='bbox 940 1801 1056 1882; x_wconf 89' lang='lat' dir='ltr'><strong>passim</strong></span> <span class='ocrx_word' id='word_1_147' title='bbox 1070 1797 1127 1859; x_wconf 93' lang='lat' dir='ltr'><strong>mi-</strong></span> 
     </span>
     <span class='ocr_line' id='line_1_17' title="bbox 333 1888 1127 1972; baseline -0.003 -22"><span class='ocrx_word' id='word_1_148' title='bbox 333 1888 511 1951; x_wconf 81' lang='lat' dir='ltr'><strong>sericordiae</strong></span> <span class='ocrx_word' id='word_1_149' title='bbox 525 1894 593 1951; x_wconf 89' lang='lat' dir='ltr'><strong>tum</strong></span> <span class='ocrx_word' id='word_1_150' title='bbox 607 1908 776 1971; x_wconf 87' lang='lat' dir='ltr'><strong>corporeae,</strong></span> <span class='ocrx_word' id='word_1_151' title='bbox 789 1896 856 1954; x_wconf 93' lang='lat' dir='ltr'><strong>tum</strong></span> <span class='ocrx_word' id='word_1_152' title='bbox 870 1890 1040 1972; x_wconf 89' lang='lat' dir='ltr'><strong>spiritualis</strong></span> <span class='ocrx_word' id='word_1_153' title='bbox 1055 1905 1127 1967; x_wconf 90' lang='lat' dir='ltr'><strong>ope·</strong></span> 
     </span>
     <span class='ocr_line' id='line_1_18' title="bbox 334 1983 614 2057; baseline 0.004 -18"><span class='ocrx_word' id='word_1_154' title='bbox 334 1997 370 2039; x_wconf 91' lang='lat' dir='ltr'><strong>ra</strong></span> <span class='ocrx_word' id='word_1_155' title='bbox 383 1983 614 2057; x_wconf 78' lang='lat' dir='ltr'><strong>nuncupentur.</strong></span> 
     </span>
    </p>

    <p class='ocr_par' dir='ltr' id='par_1_8' title="bbox 334 2065 1130 2759">
     <span class='ocr_line' id='line_1_19' title="bbox 373 2065 1126 2149; baseline 0.001 -21"><span class='ocrx_word' id='word_1_156' title='bbox 373 2067 419 2128; x_wconf 82' lang='lat' dir='ltr'><strong>Ex</strong></span> <span class='ocrx_word' id='word_1_157' title='bbox 440 2065 488 2127; x_wconf 87' lang='lat' dir='ltr'><strong>his</strong></span> <span class='ocrx_word' id='word_1_158' title='bbox 507 2070 613 2128; x_wconf 89' lang='lat' dir='ltr'><strong>autem</strong></span> <span class='ocrx_word' id='word_1_159' title='bbox 635 2068 734 2130; x_wconf 90' lang='lat' dir='ltr'><strong>tribus</strong></span> <span class='ocrx_word' id='word_1_160' title='bbox 754 2087 885 2149; x_wconf 90' lang='lat' dir='ltr'><strong>operum</strong></span> <span class='ocrx_word' id='word_1_161' title='bbox 906 2066 1126 2131; x_wconf 90' lang='lat' dir='ltr'><strong>satisfactoria·</strong></span> 
     </span>
     <span class='ocr_line' id='line_1_20' title="bbox 334 2155 1129 2237; baseline 0 -20"><span class='ocrx_word' id='word_1_162' title='bbox 334 2174 405 2217; x_wconf 90' lang='lat' dir='ltr'><strong>rum</strong></span> <span class='ocrx_word' id='word_1_163' title='bbox 418 2155 601 2234; x_wconf 89' lang='lat' dir='ltr'><strong>generibus,</strong></span> <span class='ocrx_word' id='word_1_164' title='bbox 618 2157 791 2218; x_wconf 89' lang='lat' dir='ltr'><strong>notandum</strong></span> <span class='ocrx_word' id='word_1_165' title='bbox 806 2155 948 2219; x_wconf 91' lang='lat' dir='ltr'><strong>hocloco</strong></span> <span class='ocrx_word' id='word_1_166' title='bbox 964 2156 1047 2237; x_wconf 90' lang='lat' dir='ltr'><strong>quod</strong></span> <span class='ocrx_word' id='word_1_167' title='bbox 1062 2173 1129 2217; x_wconf 90' lang='lat' dir='ltr'><strong>mo-</strong></span> 
     </span>
     <span class='ocr_line' id='line_1_21' title="bbox 334 2243 1129 2324; baseline 0.003 -22"><span class='ocrx_word' id='word_1_168' title='bbox 334 2249 388 2303; x_wconf 91' lang='lat' dir='ltr'><strong>net</strong></span> <span class='ocrx_word' id='word_1_169' title='bbox 402 2244 433 2304; x_wconf 92' lang='lat' dir='ltr'><strong>S.</strong></span> <span class='ocrx_word' id='word_1_170' title='bbox 450 2243 586 2304; x_wconf 79' lang='lat' dir='ltr'><strong>Thomas</strong></span> <span class='ocrx_word' id='word_1_171' title='bbox 601 2261 672 2304; x_wconf 89' lang='lat' dir='ltr'><strong>cum</strong></span> <span class='ocrx_word' id='word_1_172' title='bbox 687 2244 755 2304; x_wconf 91' lang='lat' dir='ltr'><strong>aliis</strong></span> <span class='ocrx_word' id='word_1_173' title='bbox 769 2243 947 2324; x_wconf 76' lang='lat' dir='ltr'><strong>theologis,</strong></span> <span class='ocrx_word' id='word_1_174' title='bbox 968 2243 1129 2324; x_wconf 88' lang='lat' dir='ltr'><strong>Jejunium</strong></span> 
     </span>
     <span class='ocr_line' id='line_1_22' title="bbox 335 2329 1129 2409; baseline 0.001 -20"><span class='ocrx_word' id='word_1_175' title='bbox 335 2346 448 2408; x_wconf 87' lang='lat' dir='ltr'><strong>nempe</strong></span> <span class='ocrx_word' id='word_1_176' title='bbox 476 2329 627 2391; x_wconf 87' lang='lat' dir='ltr'><strong>adversus</strong></span> <span class='ocrx_word' id='word_1_177' title='bbox 650 2334 781 2409; x_wconf 88' lang='lat' dir='ltr'><strong>peccata</strong></span> <span class='ocrx_word' id='word_1_178' title='bbox 809 2331 924 2407; x_wconf 90' lang='lat' dir='ltr'><strong>carnis,</strong></span> <span class='ocrx_word' id='word_1_179' title='bbox 948 2330 1129 2392; x_wconf 82' lang='lat' dir='ltr'><strong>Orationem</strong></span> 
     </span>
     <span class='ocr_line' id='line_1_23' title="bbox 334 2415 1130 2497; baseline 0.003 -21"><span class='ocrx_word' id='word_1_180' title='bbox 334 2415 485 2478; x_wconf 89' lang='lat' dir='ltr'><strong>adversus</strong></span> <span class='ocrx_word' id='word_1_181' title='bbox 507 2423 637 2496; x_wconf 88' lang='lat' dir='ltr'><strong>peccata</strong></span> <span class='ocrx_word' id='word_1_182' title='bbox 650 2417 792 2496; x_wconf 75' lang='lat' dir='ltr'><strong>spirituS,</strong></span> <span class='ocrx_word' id='word_1_183' title='bbox 810 2419 1052 2497; x_wconf 82' lang='lat' dir='ltr'><strong>Eleemosynam</strong></span> <span class='ocrx_word' id='word_1_184' title='bbox 1073 2419 1130 2481; x_wconf 91' lang='lat' dir='ltr'><strong>de-</strong></span> 
     </span>
     <span class='ocr_line' id='line_1_24' title="bbox 334 2503 1129 2584; baseline 0.003 -20"><span class='ocrx_word' id='word_1_185' title='bbox 334 2504 428 2584; x_wconf 91' lang='lat' dir='ltr'><strong>nique</strong></span> <span class='ocrx_word' id='word_1_186' title='bbox 465 2503 615 2566; x_wconf 88' lang='lat' dir='ltr'><strong>adversus</strong></span> <span class='ocrx_word' id='word_1_187' title='bbox 651 2509 782 2584; x_wconf 89' lang='lat' dir='ltr'><strong>peccata</strong></span> <span class='ocrx_word' id='word_1_188' title='bbox 811 2512 921 2567; x_wconf 90' lang='lat' dir='ltr'><strong>contra</strong></span> <span class='ocrx_word' id='word_1_189' title='bbox 949 2507 1129 2584; x_wconf 86' lang='lat' dir='ltr'><strong>proximum</strong></span> 
     </span>
     <span class='ocr_line' id='line_1_25' title="bbox 335 2589 1128 2672; baseline 0.008 -22"><span class='ocrx_word' id='word_1_190' title='bbox 335 2589 498 2652; x_wconf 89' lang='lat' dir='ltr'><strong>commode</strong></span> <span class='ocrx_word' id='word_1_191' title='bbox 526 2596 558 2651; x_wconf 90' lang='lat' dir='ltr'><strong>et</strong></span> <span class='ocrx_word' id='word_1_192' title='bbox 583 2591 724 2671; x_wconf 89' lang='lat' dir='ltr'><strong>apposite</strong></span> <span class='ocrx_word' id='word_1_193' title='bbox 749 2591 866 2672; x_wconf 91' lang='lat' dir='ltr'><strong>imponi</strong></span> <span class='ocrx_word' id='word_1_194' title='bbox 895 2608 952 2672; x_wconf 91' lang='lat' dir='ltr'><strong>pro</strong></span> <span class='ocrx_word' id='word_1_195' title='bbox 982 2592 1128 2656; x_wconf 81' lang='lat' dir='ltr'><strong>facultate</strong></span> 
     </span>
     <span class='ocr_line' id='line_1_26' title="bbox 335 2679 952 2759; baseline 0.008 -19"><span class='ocrx_word' id='word_1_196' title='bbox 335 2679 514 2759; x_wconf 89' lang='lat' dir='ltr'><strong>poenitentis</strong></span> <span class='ocrx_word' id='word_1_197' title='bbox 528 2682 559 2742; x_wconf 90' lang='lat' dir='ltr'><strong>et</strong></span> <span class='ocrx_word' id='word_1_198' title='bbox 572 2681 739 2759; x_wconf 90' lang='lat' dir='ltr'><strong>prudentia</strong></span> <span class='ocrx_word' id='word_1_199' title='bbox 754 2681 952 2745; x_wconf 78' lang='lat' dir='ltr'><strong>confessarii.</strong></span> 
     </span>
    </p>

    <p class='ocr_par' dir='ltr' id='par_1_9' title="bbox 377 2767 1130 2852">
     <span class='ocr_line' id='line_1_27' title="bbox 377 2767 1130 2852; baseline 0.005 -24"><span class='ocrx_word' id='word_1_200' title='bbox 377 2767 485 2842; x_wconf 73' lang='lat' dir='ltr'><strong>Queat.</strong></span> <span class='ocrx_word' id='word_1_201' title='bbox 501 2773 550 2829; x_wconf 77' lang='lat' dir='ltr'><strong>t&#39;l.</strong></span> <span class='ocrx_word' id='word_1_202' title='bbox 566 2802 607 2814; x_wconf 87' lang='lat'>-</span> <span class='ocrx_word' id='word_1_203' title='bbox 620 2769 668 2830; x_wconf 83' lang='lat' dir='ltr'><strong>Aa</strong></span> <span class='ocrx_word' id='word_1_204' title='bbox 682 2787 754 2851; x_wconf 88' lang='lat' dir='ltr'><strong>opus</strong></span> <span class='ocrx_word' id='word_1_205' title='bbox 773 2789 852 2832; x_wconf 86' lang='lat' dir='ltr'><strong>mere</strong></span> <span class='ocrx_word' id='word_1_206' title='bbox 869 2771 1008 2840; x_wconf 82' lang='lat' dir='ltr'><strong>interius,</strong></span> <span class='ocrx_word' id='word_1_207' title='bbox 1034 2771 1130 2852; x_wconf 81' lang='lat' dir='ltr'><strong>cajus-</strong></span> 
     </span>
    </p>
   </div>
   <div class='ocr_carea' id='block_1_8' title="bbox 1182 1712 1819 1790">
    <p class='ocr_par' dir='ltr' id='par_1_10' title="bbox 1182 1712 1819 1790">
     <span class='ocr_line' id='line_1_28' title="bbox 1182 1712 1819 1790; baseline 0.006 -18"><span class='ocrx_word' id='word_1_208' title='bbox 1182 1730 1244 1775; x_wconf 91' lang='lat' dir='ltr'><strong>non</strong></span> <span class='ocrx_word' id='word_1_209' title='bbox 1260 1712 1415 1790; x_wconf 91' lang='lat' dir='ltr'><strong>concedit,</strong></span> <span class='ocrx_word' id='word_1_210' title='bbox 1433 1713 1489 1774; x_wconf 90' lang='lat' dir='ltr'><strong>sod</strong></span> <span class='ocrx_word' id='word_1_211' title='bbox 1505 1717 1604 1776; x_wconf 89' lang='lat' dir='ltr'><strong>totam</strong></span> <span class='ocrx_word' id='word_1_212' title='bbox 1619 1713 1678 1774; x_wconf 93' lang='lat' dir='ltr'><strong>sibi</strong></span> <span class='ocrx_word' id='word_1_213' title='bbox 1693 1713 1819 1776; x_wconf 89' lang='lat' dir='ltr'><strong>retinet.</strong></span> 
     </span>
    </p>
   </div>
   <div class='ocr_carea' id='block_1_9' title="bbox 1532 1852 1628 1930">
    <p class='ocr_par' dir='ltr' id='par_1_11' title="bbox 1532 1852 1628 1930">
     <span class='ocr_line' id='line_1_29' title="bbox 1532 1852 1628 1930; baseline 0.01 -17"><span class='ocrx_word' id='word_1_214' title='bbox 1532 1852 1551 1930; x_wconf 70' lang='lat' dir='ltr'><strong>a</strong></span> <span class='ocrx_word' id='word_1_215' title='bbox 1577 1853 1628 1914; x_wconf 79' lang='grc' dir='ltr'><strong>ιν.</strong></span> 
     </span>
    </p>
   </div>
   <div class='ocr_carea' id='block_1_10' title="bbox 1183 1972 1949 2850">
    <p class='ocr_par' dir='ltr' id='par_1_12' title="bbox 1184 1972 1948 2145">
     <span class='ocr_line' id='line_1_30' title="bbox 1225 1972 1948 2056; baseline -0.001 -21"><span class='ocrx_word' id='word_1_216' title='bbox 1225 1973 1333 2049; x_wconf 80' lang='lat' dir='ltr'><strong>Oaoest.</strong></span> <span class='ocrx_word' id='word_1_217' title='bbox 1349 1976 1399 2036; x_wconf 77' lang='lat'><strong>50.</strong></span> <span class='ocrx_word' id='word_1_218' title='bbox 1415 2008 1456 2020; x_wconf 90' lang='lat'>—</span> <span class='ocrx_word' id='word_1_219' title='bbox 1467 1972 1584 2048; x_wconf 79' lang='lat' dir='ltr'><strong>Quanta</strong></span> <span class='ocrx_word' id='word_1_220' title='bbox 1597 1973 1948 2056; x_wconf 72' lang='lat' dir='ltr'><strong>Paeniteata&#39;bussatissactia</strong></span> 
     </span>
     <span class='ocr_line' id='line_1_31' title="bbox 1184 2062 1439 2145; baseline 0 -21"><span class='ocrx_word' id='word_1_221' title='bbox 1184 2062 1366 2145; x_wconf 72' lang='lat' dir='ltr'><strong>injungenda</strong></span> <span class='ocrx_word' id='word_1_222' title='bbox 1380 2063 1439 2124; x_wconf 83' lang='lat' dir='ltr'><strong>sit?</strong></span> 
     </span>
    </p>

    <p class='ocr_par' dir='ltr' id='par_1_13' title="bbox 1183 2153 1949 2850">
     <span class='ocr_line' id='line_1_32' title="bbox 1224 2153 1949 2233; baseline 0.001 -20"><span class='ocrx_word' id='word_1_223' title='bbox 1224 2155 1317 2232; x_wconf 85' lang='lat' dir='ltr'><strong>Resp.</strong></span> <span class='ocrx_word' id='word_1_224' title='bbox 1335 2170 1422 2233; x_wconf 88' lang='lat' dir='ltr'><strong>seqq.</strong></span> <span class='ocrx_word' id='word_1_225' title='bbox 1446 2157 1475 2216; x_wconf 92' lang='lat' dir='ltr'><strong>l.</strong></span> <span class='ocrx_word' id='word_1_226' title='bbox 1499 2157 1604 2216; x_wconf 79' lang='lat' dir='ltr'><strong>Poenae</strong></span> <span class='ocrx_word' id='word_1_227' title='bbox 1634 2153 1810 2215; x_wconf 77' lang='lat' dir='ltr'><strong>indicendae</strong></span> <span class='ocrx_word' id='word_1_228' title='bbox 1831 2153 1949 2232; x_wconf 78' lang='lat' dir='ltr'><strong>paeniten-</strong></span> 
     </span>
     <span class='ocr_line' id='line_1_33' title="bbox 1183 2239 1946 2320; baseline -0.001 -18"><span class='ocrx_word' id='word_1_229' title='bbox 1183 2239 1267 2302; x_wconf 90' lang='lat' dir='ltr'><strong>tibus</strong></span> <span class='ocrx_word' id='word_1_230' title='bbox 1294 2240 1562 2304; x_wconf 78' lang='lat' dir='ltr'><strong>confessariorum</strong></span> <span class='ocrx_word' id='word_1_231' title='bbox 1585 2242 1727 2320; x_wconf 90' lang='lat' dir='ltr'><strong>arbitrio,</strong></span> <span class='ocrx_word' id='word_1_232' title='bbox 1751 2258 1816 2303; x_wconf 89' lang='lat' dir='ltr'><strong>nou</strong></span> <span class='ocrx_word' id='word_1_233' title='bbox 1838 2241 1946 2316; x_wconf 89' lang='lat' dir='ltr'><strong>omnino,</strong></span> 
     </span>
     <span class='ocr_line' id='line_1_34' title="bbox 1183 2329 1946 2408; baseline 0 -18"><span class='ocrx_word' id='word_1_234' title='bbox 1183 2330 1238 2390; x_wconf 91' lang='lat' dir='ltr'><strong>sed</strong></span> <span class='ocrx_word' id='word_1_235' title='bbox 1253 2348 1290 2390; x_wconf 86' lang='lat' dir='ltr'><strong>ex</strong></span> <span class='ocrx_word' id='word_1_236' title='bbox 1304 2333 1394 2408; x_wconf 88' lang='lat' dir='ltr'><strong>parte</strong></span> <span class='ocrx_word' id='word_1_237' title='bbox 1409 2329 1561 2392; x_wconf 85' lang='lat' dir='ltr'><strong>duntaxat</strong></span> <span class='ocrx_word' id='word_1_238' title='bbox 1575 2329 1821 2408; x_wconf 88' lang='lat' dir='ltr'><strong>permittuntur:</strong></span> <span class='ocrx_word' id='word_1_239' title='bbox 1838 2329 1889 2392; x_wconf 91' lang='lat' dir='ltr'><strong>hoc</strong></span> <span class='ocrx_word' id='word_1_240' title='bbox 1904 2335 1946 2405; x_wconf 88' lang='lat' dir='ltr'><strong>est,</strong></span> 
     </span>
     <span class='ocr_line' id='line_1_35' title="bbox 1184 2417 1949 2498; baseline -0.005 -18"><span class='ocrx_word' id='word_1_241' title='bbox 1184 2419 1276 2480; x_wconf 78' lang='lat' dir='ltr'><strong>nullae</strong></span> <span class='ocrx_word' id='word_1_242' title='bbox 1310 2417 1461 2497; x_wconf 88' lang='lat' dir='ltr'><strong>speciales</strong></span> <span class='ocrx_word' id='word_1_243' title='bbox 1488 2419 1626 2498; x_wconf 87' lang='lat' dir='ltr'><strong>peccatis</strong></span> <span class='ocrx_word' id='word_1_244' title='bbox 1654 2419 1793 2497; x_wconf 87' lang='lat' dir='ltr'><strong>singulis</strong></span> <span class='ocrx_word' id='word_1_245' title='bbox 1819 2417 1949 2497; x_wconf 84' lang='lat' dir='ltr'><strong>expiandis</strong></span> 
     </span>
     <span class='ocr_line' id='line_1_36' title="bbox 1184 2505 1949 2585; baseline -0.004 -17"><span class='ocrx_word' id='word_1_246' title='bbox 1184 2511 1307 2569; x_wconf 81' lang='lat' dir='ltr'><strong>statutae</strong></span> <span class='ocrx_word' id='word_1_247' title='bbox 1321 2510 1394 2566; x_wconf 89' lang='lat' dir='ltr'><strong>suut</strong></span> <span class='ocrx_word' id='word_1_248' title='bbox 1408 2523 1525 2585; x_wconf 78' lang='lat' dir='ltr'><strong>poenae3</strong></span> <span class='ocrx_word' id='word_1_249' title='bbox 1542 2506 1597 2567; x_wconf 89' lang='lat' dir='ltr'><strong>sed</strong></span> <span class='ocrx_word' id='word_1_250' title='bbox 1621 2511 1726 2584; x_wconf 89' lang='lat' dir='ltr'><strong>potest</strong></span> <span class='ocrx_word' id='word_1_251' title='bbox 1747 2507 1892 2568; x_wconf 89' lang='lat' dir='ltr'><strong>Sacerdos</strong></span> <span class='ocrx_word' id='word_1_252' title='bbox 1910 2505 1949 2565; x_wconf 85' lang='lat' dir='ltr'><strong>has</strong></span> 
     </span>
     <span class='ocr_line' id='line_1_37' title="bbox 1183 2591 1949 2673; baseline -0.005 -19"><span class='ocrx_word' id='word_1_253' title='bbox 1183 2593 1233 2654; x_wconf 92' lang='lat' dir='ltr'><strong>vel</strong></span> <span class='ocrx_word' id='word_1_254' title='bbox 1247 2593 1315 2653; x_wconf 90' lang='lat' dir='ltr'><strong>illes</strong></span> <span class='ocrx_word' id='word_1_255' title='bbox 1331 2612 1369 2653; x_wconf 81' lang='lat' dir='ltr'><strong>ex</strong></span> <span class='ocrx_word' id='word_1_256' title='bbox 1383 2593 1540 2653; x_wconf 89' lang='lat' dir='ltr'><strong>consuetis</strong></span> <span class='ocrx_word' id='word_1_257' title='bbox 1549 2591 1727 2673; x_wconf 84' lang='lat' dir='ltr'><strong>injungere,</strong></span> <span class='ocrx_word' id='word_1_258' title='bbox 1739 2611 1804 2654; x_wconf 90' lang='lat' dir='ltr'><strong>non</strong></span> <span class='ocrx_word' id='word_1_259' title='bbox 1815 2593 1855 2654; x_wconf 88' lang='lat' dir='ltr'><strong>ita</strong></span> <span class='ocrx_word' id='word_1_260' title='bbox 1871 2599 1949 2653; x_wconf 79' lang='lat' dir='ltr'><strong>hmsu</strong></span> 
     </span>
     <span class='ocr_line' id='line_1_38' title="bbox 1184 2680 1949 2760; baseline 0 -18"><span class='ocrx_word' id='word_1_261' title='bbox 1184 2685 1219 2743; x_wconf 90' lang='lat' dir='ltr'><strong>ut</strong></span> <span class='ocrx_word' id='word_1_262' title='bbox 1242 2682 1269 2742; x_wconf 94' lang='lat' dir='ltr'><strong>ei</strong></span> <span class='ocrx_word' id='word_1_263' title='bbox 1293 2681 1386 2742; x_wconf 90' lang='lat' dir='ltr'><strong>liceat</strong></span> <span class='ocrx_word' id='word_1_264' title='bbox 1413 2699 1470 2760; x_wconf 93' lang='lat' dir='ltr'><strong>pro</strong></span> <span class='ocrx_word' id='word_1_265' title='bbox 1495 2681 1584 2743; x_wconf 88' lang='lat' dir='ltr'><strong>libito</strong></span> <span class='ocrx_word' id='word_1_266' title='bbox 1608 2680 1795 2760; x_wconf 80' lang='lat' dir='ltr'><strong>quorumvis</strong></span> <span class='ocrx_word' id='word_1_267' title='bbox 1817 2681 1949 2744; x_wconf 86' lang='lat' dir='ltr'><strong>criminun</strong></span> 
     </span>
     <span class='ocr_line' id='line_1_39' title="bbox 1185 2768 1949 2850; baseline -0.008 -18"><span class='ocrx_word' id='word_1_268' title='bbox 1185 2771 1279 2832; x_wconf 89' lang='lat' dir='ltr'><strong>etiam</strong></span> <span class='ocrx_word' id='word_1_269' title='bbox 1293 2769 1552 2849; x_wconf 87' lang='lat' dir='ltr'><strong>gravissimorum</strong></span> <span class='ocrx_word' id='word_1_270' title='bbox 1567 2771 1640 2830; x_wconf 88' lang='lat' dir='ltr'><strong>Reis</strong></span> <span class='ocrx_word' id='word_1_271' title='bbox 1654 2786 1765 2847; x_wconf 84' lang='lat' dir='ltr'><strong>poenas</strong></span> <span class='ocrx_word' id='word_1_272' title='bbox 1780 2769 1906 2850; x_wconf 79' lang='lat' dir='ltr'><strong>irrogare</strong></span> <span class='ocrx_word' id='word_1_273' title='bbox 1919 2768 1949 2826; x_wconf 83' lang='lat' dir='ltr'><strong>le</strong></span> 
     </span>
    </p>
   </div>
   <div class='ocr_carea' id='block_1_11' title="bbox 335 2854 1692 2941">
    <p class='ocr_par' dir='ltr' id='par_1_14' title="bbox 335 2854 1692 2941">
     <span class='ocr_line' id='line_1_40' title="bbox 335 2854 1692 2941; baseline 0.002 -26"><span class='ocrx_word' id='word_1_274' title='bbox 335 2854 416 2915; x_wconf 84' lang='lat' dir='ltr'><strong>modi</strong></span> <span class='ocrx_word' id='word_1_275' title='bbox 435 2862 503 2917; x_wconf 86' lang='lat' dir='ltr'><strong>sunt</strong></span> <span class='ocrx_word' id='word_1_276' title='bbox 516 2865 597 2917; x_wconf 87' lang='lat' dir='ltr'><strong>aetas</strong></span> <span class='ocrx_word' id='word_1_277' title='bbox 615 2855 697 2938; x_wconf 76' lang='lat' dir='ltr'><strong>fidei,</strong></span> <span class='ocrx_word' id='word_1_278' title='bbox 712 2857 782 2938; x_wconf 85' lang='lat' dir='ltr'><strong>spei,</strong></span> <span class='ocrx_word' id='word_1_279' title='bbox 798 2857 958 2927; x_wconf 79' lang='lat' dir='ltr'><strong>eharitatis.</strong></span> <span class='ocrx_word' id='word_1_280' title='bbox 974 2859 1082 2941; x_wconf 84' lang='lat' dir='ltr'><strong>aliique</strong></span> <span class='ocrx_word' id='word_1_281' title='bbox 1100 2858 1134 2920; x_wconf 78' lang='lat' dir='ltr'><strong>td</strong></span> <span class='ocrx_word' id='word_1_282' title='bbox 1184 2861 1287 2924; x_wconf 87' lang='lat' dir='ltr'><strong>viores</strong></span> <span class='ocrx_word' id='word_1_283' title='bbox 1302 2858 1420 2937; x_wconf 87' lang='lat' dir='ltr'><strong>absque</strong></span> <span class='ocrx_word' id='word_1_284' title='bbox 1434 2857 1692 2936; x_wconf 86' lang='lat' dir='ltr'><strong>legitimacausa.</strong></span> 
     </span>
    </p>
   </div>
   <div class='ocr_carea' id='block_1_12' title="bbox 328 2945 1132 5594">
    <p class='ocr_par' dir='ltr' id='par_1_15' title="bbox 328 2945 1130 3114">
     <span class='ocr_line' id='line_1_41' title="bbox 334 2945 1130 3026; baseline 0.001 -22"><span class='ocrx_word' id='word_1_285' title='bbox 334 2961 433 3025; x_wconf 80' lang='lat' dir='ltr'><strong>penas,</strong></span> <span class='ocrx_word' id='word_1_286' title='bbox 447 2945 558 3025; x_wconf 77' lang='lat' dir='ltr'><strong>possint</strong></span> <span class='ocrx_word' id='word_1_287' title='bbox 571 2952 645 3006; x_wconf 86' lang='lat' dir='ltr'><strong>reete</strong></span> <span class='ocrx_word' id='word_1_288' title='bbox 658 2945 689 3006; x_wconf 84' lang='lat' dir='ltr'><strong>in</strong></span> <span class='ocrx_word' id='word_1_289' title='bbox 696 2963 815 3026; x_wconf 81' lang='lat' dir='ltr'><strong>paenam</strong></span> <span class='ocrx_word' id='word_1_290' title='bbox 828 2946 1068 3008; x_wconf 80' lang='lat' dir='ltr'><strong>sacramentalem</strong></span> <span class='ocrx_word' id='word_1_291' title='bbox 1083 2945 1130 3006; x_wconf 86' lang='lat' dir='ltr'><strong>in-</strong></span> 
     </span>
     <span class='ocr_line' id='line_1_42' title="bbox 328 3031 442 3114; baseline -0.009 -22"><span class='ocrx_word' id='word_1_292' title='bbox 328 3031 442 3114; x_wconf 75' lang='lat' dir='ltr'><strong>junqi?</strong></span> 
     </span>
    </p>

    <p class='ocr_par' dir='ltr' id='par_1_16' title="bbox 334 3120 1132 3979">
     <span class='ocr_line' id='line_1_43' title="bbox 377 3120 1132 3204; baseline 0.007 -22"><span class='ocrx_word' id='word_1_293' title='bbox 377 3123 471 3200; x_wconf 84' lang='lat' dir='ltr'><strong>Resp.</strong></span> <span class='ocrx_word' id='word_1_294' title='bbox 494 3120 586 3184; x_wconf 81' lang='lat' dir='ltr'><strong>Tales</strong></span> <span class='ocrx_word' id='word_1_295' title='bbox 606 3125 695 3185; x_wconf 89' lang='lat' dir='ltr'><strong>actus</strong></span> <span class='ocrx_word' id='word_1_296' title='bbox 717 3123 748 3184; x_wconf 93' lang='lat' dir='ltr'><strong>in</strong></span> <span class='ocrx_word' id='word_1_297' title='bbox 774 3141 901 3204; x_wconf 89' lang='lat' dir='ltr'><strong>poenam</strong></span> <span class='ocrx_word' id='word_1_298' title='bbox 922 3129 1132 3188; x_wconf 85' lang='lat' dir='ltr'><strong>sacramenta·</strong></span> 
     </span>
     <span class='ocr_line' id='line_1_44' title="bbox 335 3209 1130 3294; baseline 0.006 -24"><span class='ocrx_word' id='word_1_299' title='bbox 335 3209 399 3271; x_wconf 89' lang='lat' dir='ltr'><strong>lem</strong></span> <span class='ocrx_word' id='word_1_300' title='bbox 420 3209 541 3291; x_wconf 89' lang='lat' dir='ltr'><strong>injungi</strong></span> <span class='ocrx_word' id='word_1_301' title='bbox 564 3217 648 3275; x_wconf 88' lang='lat' dir='ltr'><strong>recte</strong></span> <span class='ocrx_word' id='word_1_302' title='bbox 668 3219 809 3292; x_wconf 89' lang='lat' dir='ltr'><strong>possunt,</strong></span> <span class='ocrx_word' id='word_1_303' title='bbox 834 3213 908 3294; x_wconf 90' lang='lat' dir='ltr'><strong>quia</strong></span> <span class='ocrx_word' id='word_1_304' title='bbox 923 3231 1050 3276; x_wconf 89' lang='lat' dir='ltr'><strong>neccsse</strong></span> <span class='ocrx_word' id='word_1_305' title='bbox 1066 3233 1130 3276; x_wconf 93' lang='lat' dir='ltr'><strong>non</strong></span> 
     </span>
     <span class='ocr_line' id='line_1_45' title="bbox 336 3299 1127 3380; baseline 0.006 -21"><span class='ocrx_word' id='word_1_306' title='bbox 336 3301 384 3360; x_wconf 89' lang='lat' dir='ltr'><strong>est</strong></span> <span class='ocrx_word' id='word_1_307' title='bbox 397 3301 432 3360; x_wconf 87' lang='lat' dir='ltr'><strong>ut</strong></span> <span class='ocrx_word' id='word_1_308' title='bbox 453 3299 558 3360; x_wconf 92' lang='lat' dir='ltr'><strong>omnia</strong></span> <span class='ocrx_word' id='word_1_309' title='bbox 576 3318 646 3380; x_wconf 83' lang='lat' dir='ltr'><strong>quae</strong></span> <span class='ocrx_word' id='word_1_310' title='bbox 668 3309 902 3363; x_wconf 90' lang='lat' dir='ltr'><strong>sacramentum</strong></span> <span class='ocrx_word' id='word_1_311' title='bbox 919 3302 1127 3380; x_wconf 89' lang='lat' dir='ltr'><strong>constituunt,</strong></span> 
     </span>
     <span class='ocr_line' id='line_1_46' title="bbox 336 3388 1131 3469; baseline 0.004 -21"><span class='ocrx_word' id='word_1_312' title='bbox 336 3405 394 3468; x_wconf 90' lang='lat' dir='ltr'><strong>per</strong></span> <span class='ocrx_word' id='word_1_313' title='bbox 424 3405 458 3447; x_wconf 92' lang='lat' dir='ltr'><strong>se</strong></span> <span class='ocrx_word' id='word_1_314' title='bbox 492 3388 635 3450; x_wconf 89' lang='lat' dir='ltr'><strong>sensibus</strong></span> <span class='ocrx_word' id='word_1_315' title='bbox 667 3389 902 3469; x_wconf 90' lang='lat' dir='ltr'><strong>percipiantur,</strong></span> <span class='ocrx_word' id='word_1_316' title='bbox 931 3389 1026 3451; x_wconf 91' lang='lat' dir='ltr'><strong>modo</strong></span> <span class='ocrx_word' id='word_1_317' title='bbox 1054 3389 1131 3451; x_wconf 82' lang='lat' dir='ltr'><strong>fiant</strong></span> 
     </span>
     <span class='ocr_line' id='line_1_47' title="bbox 336 3474 1129 3557; baseline 0.005 -23"><span class='ocrx_word' id='word_1_318' title='bbox 336 3474 461 3535; x_wconf 90' lang='lat' dir='ltr'><strong>aliunde</strong></span> <span class='ocrx_word' id='word_1_319' title='bbox 476 3475 644 3537; x_wconf 87' lang='lat' dir='ltr'><strong>sensibilia.</strong></span> <span class='ocrx_word' id='word_1_320' title='bbox 660 3479 768 3557; x_wconf 89' lang='lat' dir='ltr'><strong>ltaque</strong></span> <span class='ocrx_word' id='word_1_321' title='bbox 784 3479 865 3539; x_wconf 92' lang='lat' dir='ltr'><strong>sicut</strong></span> <span class='ocrx_word' id='word_1_322' title='bbox 879 3478 980 3554; x_wconf 89' lang='lat' dir='ltr'><strong>dolor,</strong></span> <span class='ocrx_word' id='word_1_323' title='bbox 997 3477 1055 3538; x_wconf 89' lang='lat' dir='ltr'><strong>etsi</strong></span> <span class='ocrx_word' id='word_1_324' title='bbox 1070 3477 1129 3538; x_wconf 91' lang='lat' dir='ltr'><strong>suh</strong></span> 
     </span>
     <span class='ocr_line' id='line_1_48' title="bbox 336 3564 1129 3645; baseline 0.003 -22"><span class='ocrx_word' id='word_1_325' title='bbox 336 3581 463 3624; x_wconf 87' lang='lat' dir='ltr'><strong>sensum</strong></span> <span class='ocrx_word' id='word_1_326' title='bbox 477 3582 538 3624; x_wconf 92' lang='lat' dir='ltr'><strong>non</strong></span> <span class='ocrx_word' id='word_1_327' title='bbox 554 3564 656 3642; x_wconf 89' lang='lat' dir='ltr'><strong>cadat,</strong></span> <span class='ocrx_word' id='word_1_328' title='bbox 668 3565 737 3645; x_wconf 89' lang='lat' dir='ltr'><strong>ipsa</strong></span> <span class='ocrx_word' id='word_1_329' title='bbox 750 3571 855 3628; x_wconf 73' lang='lat' dir='ltr'><strong>mmen</strong></span> <span class='ocrx_word' id='word_1_330' title='bbox 867 3565 1013 3628; x_wconf 90' lang='lat' dir='ltr'><strong>exteriori</strong></span> <span class='ocrx_word' id='word_1_331' title='bbox 1028 3564 1129 3645; x_wconf 89' lang='lat' dir='ltr'><strong>poeni-</strong></span> 
     </span>
     <span class='ocr_line' id='line_1_49' title="bbox 336 3651 1129 3733; baseline -0.005 -20"><span class='ocrx_word' id='word_1_332' title='bbox 336 3651 429 3713; x_wconf 87' lang='lat' dir='ltr'><strong>tentis</strong></span> <span class='ocrx_word' id='word_1_333' title='bbox 456 3651 682 3731; x_wconf 82' lang='lat' dir='ltr'><strong>significatione</strong></span> <span class='ocrx_word' id='word_1_334' title='bbox 711 3654 947 3716; x_wconf 89' lang='lat' dir='ltr'><strong>sacramentalis</strong></span> <span class='ocrx_word' id='word_1_335' title='bbox 975 3655 1129 3733; x_wconf 86' lang='lat' dir='ltr'><strong>qnantum</strong></span> 
     </span>
     <span class='ocr_line' id='line_1_50' title="bbox 336 3739 1130 3818; baseline -0.001 -18"><span class='ocrx_word' id='word_1_336' title='bbox 336 3757 395 3818; x_wconf 91' lang='lat' dir='ltr'><strong>par</strong></span> <span class='ocrx_word' id='word_1_337' title='bbox 417 3743 481 3816; x_wconf 93' lang='lat' dir='ltr'><strong>est,</strong></span> <span class='ocrx_word' id='word_1_338' title='bbox 499 3739 633 3802; x_wconf 81' lang='lat' dir='ltr'><strong>efficitur</strong></span> <span class='ocrx_word' id='word_1_339' title='bbox 649 3761 656 3802; x_wconf 74' lang='grc' dir='ltr'>ε</span> <span class='ocrx_word' id='word_1_340' title='bbox 673 3741 718 3802; x_wconf 89' lang='lat' dir='ltr'><strong>ita</strong></span> <span class='ocrx_word' id='word_1_341' title='bbox 732 3746 763 3803; x_wconf 90' lang='lat' dir='ltr'><strong>et</strong></span> <span class='ocrx_word' id='word_1_342' title='bbox 783 3742 882 3804; x_wconf 88' lang='lat' dir='ltr'><strong>vocali</strong></span> <span class='ocrx_word' id='word_1_343' title='bbox 899 3739 1076 3803; x_wconf 87' lang='lat' dir='ltr'><strong>Sacerdotis</strong></span> <span class='ocrx_word' id='word_1_344' title='bbox 1090 3739 1130 3800; x_wconf 93' lang='lat' dir='ltr'><strong>ir-</strong></span> 
     </span>
     <span class='ocr_line' id='line_1_51' title="bbox 334 3827 1130 3911; baseline 0.001 -23"><span class='ocrx_word' id='word_1_345' title='bbox 334 3827 497 3908; x_wconf 88' lang='lat' dir='ltr'><strong>rogatione</strong></span> <span class='ocrx_word' id='word_1_346' title='bbox 513 3846 607 3908; x_wconf 88' lang='lat' dir='ltr'><strong>opus,</strong></span> <span class='ocrx_word' id='word_1_347' title='bbox 625 3832 709 3911; x_wconf 89' lang='lat' dir='ltr'><strong>quod</strong></span> <span class='ocrx_word' id='word_1_348' title='bbox 727 3847 813 3892; x_wconf 91' lang='lat' dir='ltr'><strong>mere</strong></span> <span class='ocrx_word' id='word_1_349' title='bbox 828 3829 959 3891; x_wconf 89' lang='lat' dir='ltr'><strong>interius</strong></span> <span class='ocrx_word' id='word_1_350' title='bbox 977 3847 1130 3909; x_wconf 87' lang='lat' dir='ltr'><strong>peragen-</strong></span> 
     </span>
     <span class='ocr_line' id='line_1_52' title="bbox 335 3915 484 3979; baseline 0.027 -4"><span class='ocrx_word' id='word_1_351' title='bbox 335 3915 484 3979; x_wconf 89' lang='lat' dir='ltr'><strong>domest.</strong></span> 
     </span>
    </p>

    <p class='ocr_par' dir='ltr' id='par_1_17' title="bbox 334 4006 1131 4355">
     <span class='ocr_line' id='line_1_53' title="bbox 376 4006 1130 4089; baseline 0.003 -23"><span class='ocrx_word' id='word_1_352' title='bbox 376 4007 552 4083; x_wconf 71' lang='lat' dir='ltr'><strong>Ouasada.</strong></span> <span class='ocrx_word' id='word_1_353' title='bbox 569 4042 609 4052; x_wconf 89' lang='lat'><em>-</em></span> <span class='ocrx_word' id='word_1_354' title='bbox 626 4007 734 4070; x_wconf 81' lang='lat' dir='ltr'><strong>Utrum</strong></span> <span class='ocrx_word' id='word_1_355' title='bbox 748 4011 779 4069; x_wconf 84' lang='lat' dir='ltr'><strong>in</strong></span> <span class='ocrx_word' id='word_1_356' title='bbox 791 4027 908 4089; x_wconf 81' lang='lat' dir='ltr'><strong>paenam</strong></span> <span class='ocrx_word' id='word_1_357' title='bbox 924 4006 1130 4068; x_wconf 85' lang='lat' dir='ltr'><strong>Sacramenta-</strong></span> 
     </span>
     <span class='ocr_line' id='line_1_54' title="bbox 335 4091 1128 4178; baseline 0.003 -22"><span class='ocrx_word' id='word_1_358' title='bbox 335 4091 390 4156; x_wconf 88' lang='lat' dir='ltr'><strong>lem</strong></span> <span class='ocrx_word' id='word_1_359' title='bbox 405 4093 525 4177; x_wconf 72' lang='lat' dir='ltr'><strong>injungi</strong></span> <span class='ocrx_word' id='word_1_360' title='bbox 530 4097 623 4174; x_wconf 83' lang='lat' dir='ltr'><strong>possit</strong></span> <span class='ocrx_word' id='word_1_361' title='bbox 637 4115 709 4177; x_wconf 84' lang='lat' dir='ltr'><strong>opus</strong></span> <span class='ocrx_word' id='word_1_362' title='bbox 724 4097 793 4178; x_wconf 85' lang='lat' dir='ltr'><strong>jam</strong></span> <span class='ocrx_word' id='word_1_363' title='bbox 812 4095 940 4158; x_wconf 83' lang='lat' dir='ltr'><strong>debitum</strong></span> <span class='ocrx_word' id='word_1_364' title='bbox 958 4105 986 4157; x_wconf 89' lang='lat' dir='ltr'><strong>et</strong></span> <span class='ocrx_word' id='word_1_365' title='bbox 1004 4097 1128 4176; x_wconf 83' lang='lat' dir='ltr'><strong>impera·</strong></span> 
     </span>
     <span class='ocr_line' id='line_1_55' title="bbox 335 4183 1131 4266; baseline 0 -22"><span class='ocrx_word' id='word_1_366' title='bbox 335 4193 409 4251; x_wconf 85' lang='lat' dir='ltr'><strong>tum,</strong></span> <span class='ocrx_word' id='word_1_367' title='bbox 424 4183 589 4264; x_wconf 76' lang='lat' dir='ltr'><strong>cujusmodi</strong></span> <span class='ocrx_word' id='word_1_368' title='bbox 596 4193 637 4246; x_wconf 88' lang='lat' dir='ltr'><strong>est</strong></span> <span class='ocrx_word' id='word_1_369' title='bbox 650 4185 805 4266; x_wconf 84' lang='lat' dir='ltr'><strong>Jejaaium</strong></span> <span class='ocrx_word' id='word_1_370' title='bbox 816 4203 844 4246; x_wconf 89' lang='lat' dir='ltr'><strong>c.</strong></span> <span class='ocrx_word' id='word_1_371' title='bbox 860 4205 891 4265; x_wconf 79' lang='lat' dir='ltr'><strong>q.</strong></span> <span class='ocrx_word' id='word_1_372' title='bbox 908 4193 1036 4265; x_wconf 86' lang='lat' dir='ltr'><strong>ternpore</strong></span> <span class='ocrx_word' id='word_1_373' title='bbox 1049 4183 1131 4260; x_wconf 80' lang='lat' dir='ltr'><strong>Qua-</strong></span> 
     </span>
     <span class='ocr_line' id='line_1_56' title="bbox 334 4271 1059 4355; baseline 0.003 -23"><span class='ocrx_word' id='word_1_374' title='bbox 334 4271 518 4352; x_wconf 75' lang='lat' dir='ltr'><strong>drcqesimca,</strong></span> <span class='ocrx_word' id='word_1_375' title='bbox 535 4271 632 4334; x_wconf 74' lang='lat' dir='ltr'><strong>Missa</strong></span> <span class='ocrx_word' id='word_1_376' title='bbox 644 4272 825 4355; x_wconf 79' lang='lat' dir='ltr'><strong>sacrificium</strong></span> <span class='ocrx_word' id='word_1_377' title='bbox 840 4271 942 4334; x_wconf 83' lang='lat' dir='ltr'><strong>dietas</strong></span> <span class='ocrx_word' id='word_1_378' title='bbox 956 4271 1059 4334; x_wconf 84' lang='lat' dir='ltr'><strong>Fastis.</strong></span> 
     </span>
    </p>

    <p class='ocr_par' dir='ltr' id='par_1_18' title="bbox 332 4359 1131 5500">
     <span class='ocr_line' id='line_1_57' title="bbox 375 4359 1130 4441; baseline 0.005 -22"><span class='ocrx_word' id='word_1_379' title='bbox 375 4361 467 4438; x_wconf 88' lang='lat' dir='ltr'><strong>Resp.</strong></span> <span class='ocrx_word' id='word_1_380' title='bbox 485 4361 618 4423; x_wconf 88' lang='lat' dir='ltr'><strong>Possunt</strong></span> <span class='ocrx_word' id='word_1_381' title='bbox 638 4361 733 4423; x_wconf 89' lang='lat' dir='ltr'><strong>etiam</strong></span> <span class='ocrx_word' id='word_1_382' title='bbox 754 4361 822 4423; x_wconf 89' lang='lat' dir='ltr'><strong>haec</strong></span> <span class='ocrx_word' id='word_1_383' title='bbox 846 4378 943 4441; x_wconf 91' lang='lat' dir='ltr'><strong>opera</strong></span> <span class='ocrx_word' id='word_1_384' title='bbox 957 4359 989 4420; x_wconf 91' lang='lat' dir='ltr'><strong>in</strong></span> <span class='ocrx_word' id='word_1_385' title='bbox 1003 4377 1130 4439; x_wconf 89' lang='lat' dir='ltr'><strong>poenam</strong></span> 
     </span>
     <span class='ocr_line' id='line_1_58' title="bbox 335 4445 1130 4529; baseline 0.003 -22"><span class='ocrx_word' id='word_1_386' title='bbox 335 4445 526 4527; x_wconf 86' lang='lat' dir='ltr'><strong>piacularem</strong></span> <span class='ocrx_word' id='word_1_387' title='bbox 550 4448 663 4527; x_wconf 92' lang='lat' dir='ltr'><strong>indici,</strong></span> <span class='ocrx_word' id='word_1_388' title='bbox 690 4449 764 4529; x_wconf 89' lang='lat' dir='ltr'><strong>quia</strong></span> <span class='ocrx_word' id='word_1_389' title='bbox 785 4450 915 4529; x_wconf 74' lang='lat' dir='ltr'><strong>praemio</strong></span> <span class='ocrx_word' id='word_1_390' title='bbox 943 4449 1039 4527; x_wconf 89' lang='lat' dir='ltr'><strong>digna</strong></span> <span class='ocrx_word' id='word_1_391' title='bbox 1061 4466 1130 4509; x_wconf 90' lang='lat' dir='ltr'><strong>esse</strong></span> 
     </span>
     <span class='ocr_line' id='line_1_59' title="bbox 335 4535 1129 4616; baseline 0.003 -20"><span class='ocrx_word' id='word_1_392' title='bbox 335 4540 442 4614; x_wconf 88' lang='lat' dir='ltr'><strong>aperte</strong></span> <span class='ocrx_word' id='word_1_393' title='bbox 456 4535 642 4614; x_wconf 83' lang='lat' dir='ltr'><strong>significavit</strong></span> <span class='ocrx_word' id='word_1_394' title='bbox 664 4536 894 4599; x_wconf 86' lang='lat' dir='ltr'><strong>Tridentinum.</strong></span> <span class='ocrx_word' id='word_1_395' title='bbox 917 4535 1030 4607; x_wconf 81' lang='lat' dir='ltr'><strong>Quidni</strong></span> <span class='ocrx_word' id='word_1_396' title='bbox 1054 4554 1129 4616; x_wconf 91' lang='lat' dir='ltr'><strong>ergo</strong></span> 
     </span>
     <span class='ocr_line' id='line_1_60' title="bbox 336 4621 1131 4704; baseline 0.001 -21"><span class='ocrx_word' id='word_1_397' title='bbox 336 4629 368 4683; x_wconf 89' lang='lat' dir='ltr'><strong>et</strong></span> <span class='ocrx_word' id='word_1_398' title='bbox 382 4621 553 4701; x_wconf 80' lang='lat' dir='ltr'><strong>piacularia</strong></span> <span class='ocrx_word' id='word_1_399' title='bbox 567 4623 679 4684; x_wconf 86' lang='lat' dir='ltr'><strong>erunt?</strong></span> <span class='ocrx_word' id='word_1_400' title='bbox 692 4623 811 4684; x_wconf 88' lang='lat' dir='ltr'><strong>Deinde</strong></span> <span class='ocrx_word' id='word_1_401' title='bbox 829 4625 879 4684; x_wconf 91' lang='lat' dir='ltr'><strong>lex</strong></span> <span class='ocrx_word' id='word_1_402' title='bbox 894 4643 963 4704; x_wconf 76' lang='lat' dir='ltr'><strong>quar</strong></span> <span class='ocrx_word' id='word_1_403' title='bbox 983 4642 1061 4703; x_wconf 91' lang='lat' dir='ltr'><strong>opus</strong></span> <span class='ocrx_word' id='word_1_404' title='bbox 1076 4625 1131 4684; x_wconf 92' lang='lat' dir='ltr'><strong>ali·</strong></span> 
     </span>
     <span class='ocr_line' id='line_1_61' title="bbox 337 4710 1130 4793; baseline 0.005 -22"><span class='ocrx_word' id='word_1_405' title='bbox 337 4711 421 4790; x_wconf 93' lang='lat' dir='ltr'><strong>quod</strong></span> <span class='ocrx_word' id='word_1_406' title='bbox 436 4710 579 4790; x_wconf 90' lang='lat' dir='ltr'><strong>injungit,</strong></span> <span class='ocrx_word' id='word_1_407' title='bbox 597 4712 635 4772; x_wconf 91' lang='lat' dir='ltr'><strong>de</strong></span> <span class='ocrx_word' id='word_1_408' title='bbox 650 4712 732 4772; x_wconf 90' lang='lat' dir='ltr'><strong>illius</strong></span> <span class='ocrx_word' id='word_1_409' title='bbox 753 4713 936 4774; x_wconf 87' lang='lat' dir='ltr'><strong>difficultate</strong></span> <span class='ocrx_word' id='word_1_410' title='bbox 951 4717 1045 4793; x_wconf 87' lang='lat' dir='ltr'><strong>atque</strong></span> <span class='ocrx_word' id='word_1_411' title='bbox 1062 4731 1130 4775; x_wconf 90' lang='lat' dir='ltr'><strong>mo-</strong></span> 
     </span>
     <span class='ocr_line' id='line_1_62' title="bbox 335 4799 1126 4881; baseline 0.005 -21"><span class='ocrx_word' id='word_1_412' title='bbox 335 4799 427 4860; x_wconf 88' lang='lat' dir='ltr'><strong>lestia</strong></span> <span class='ocrx_word' id='word_1_413' title='bbox 441 4799 517 4859; x_wconf 90' lang='lat' dir='ltr'><strong>nihil</strong></span> <span class='ocrx_word' id='word_1_414' title='bbox 540 4800 712 4880; x_wconf 88' lang='lat' dir='ltr'><strong>quidquam</strong></span> <span class='ocrx_word' id='word_1_415' title='bbox 727 4801 873 4863; x_wconf 86' lang='lat' dir='ltr'><strong>detrahit.</strong></span> <span class='ocrx_word' id='word_1_416' title='bbox 898 4803 1045 4862; x_wconf 88' lang='lat' dir='ltr'><strong>Attamen</strong></span> <span class='ocrx_word' id='word_1_417' title='bbox 1060 4821 1126 4881; x_wconf 89' lang='lat' dir='ltr'><strong>pas·</strong></span> 
     </span>
     <span class='ocr_line' id='line_1_63' title="bbox 336 4887 1130 4968; baseline 0.005 -20"><span class='ocrx_word' id='word_1_418' title='bbox 336 4887 394 4948; x_wconf 91' lang='lat' dir='ltr'><strong>sim</strong></span> <span class='ocrx_word' id='word_1_419' title='bbox 406 4905 468 4948; x_wconf 92' lang='lat' dir='ltr'><strong>non</strong></span> <span class='ocrx_word' id='word_1_420' title='bbox 480 4889 606 4967; x_wconf 90' lang='lat' dir='ltr'><strong>expedit</strong></span> <span class='ocrx_word' id='word_1_421' title='bbox 619 4889 726 4951; x_wconf 91' lang='lat' dir='ltr'><strong>debita</strong></span> <span class='ocrx_word' id='word_1_422' title='bbox 740 4907 836 4968; x_wconf 90' lang='lat' dir='ltr'><strong>opera</strong></span> <span class='ocrx_word' id='word_1_423' title='bbox 847 4889 878 4948; x_wconf 95' lang='lat' dir='ltr'><strong>in</strong></span> <span class='ocrx_word' id='word_1_424' title='bbox 889 4906 1017 4967; x_wconf 84' lang='lat' dir='ltr'><strong>poenam</strong></span> <span class='ocrx_word' id='word_1_425' title='bbox 1027 4909 1130 4952; x_wconf 89' lang='lat' dir='ltr'><strong>sacra-</strong></span> 
     </span>
     <span class='ocr_line' id='line_1_64' title="bbox 336 4975 1129 5057; baseline 0.004 -21"><span class='ocrx_word' id='word_1_426' title='bbox 336 4975 505 5037; x_wconf 92' lang='lat' dir='ltr'><strong>mentalem</strong></span> <span class='ocrx_word' id='word_1_427' title='bbox 529 4977 730 5056; x_wconf 80' lang='lat' dir='ltr'><strong>preescribere</strong></span> <span class='ocrx_word' id='word_1_428' title='bbox 748 4977 893 5056; x_wconf 89' lang='lat' dir='ltr'><strong>:punitio</strong></span> <span class='ocrx_word' id='word_1_429' title='bbox 915 4975 998 5037; x_wconf 89' lang='lat' dir='ltr'><strong>enim</strong></span> <span class='ocrx_word' id='word_1_430' title='bbox 1013 4996 1082 5057; x_wconf 85' lang='lat' dir='ltr'><strong>quae</strong></span> <span class='ocrx_word' id='word_1_431' title='bbox 1097 4979 1129 5039; x_wconf 93' lang='lat' dir='ltr'><strong>in</strong></span> 
     </span>
     <span class='ocr_line' id='line_1_65' title="bbox 336 5063 1130 5146; baseline -0.003 -18"><span class='ocrx_word' id='word_1_432' title='bbox 336 5066 397 5128; x_wconf 94' lang='lat' dir='ltr'><strong>hoc</strong></span> <span class='ocrx_word' id='word_1_433' title='bbox 411 5082 499 5126; x_wconf 91' lang='lat' dir='ltr'><strong>sacro</strong></span> <span class='ocrx_word' id='word_1_434' title='bbox 513 5063 674 5126; x_wconf 75' lang='lat' dir='ltr'><strong>Tribunali</strong></span> <span class='ocrx_word' id='word_1_435' title='bbox 689 5064 868 5125; x_wconf 87' lang='lat' dir='ltr'><strong>adhibenda</strong></span> <span class='ocrx_word' id='word_1_436' title='bbox 878 5066 934 5140; x_wconf 90' lang='lat' dir='ltr'><strong>est,</strong></span> <span class='ocrx_word' id='word_1_437' title='bbox 948 5064 979 5124; x_wconf 90' lang='lat' dir='ltr'><strong>id</strong></span> <span class='ocrx_word' id='word_1_438' title='bbox 994 5083 1050 5125; x_wconf 94' lang='lat' dir='ltr'><strong>suo</strong></span> <span class='ocrx_word' id='word_1_439' title='bbox 1057 5065 1130 5146; x_wconf 87' lang='lat' dir='ltr'><strong>jure</strong></span> 
     </span>
     <span class='ocr_line' id='line_1_66' title="bbox 335 5152 1130 5232; baseline -0.005 -14"><span class='ocrx_word' id='word_1_440' title='bbox 335 5154 461 5218; x_wconf 79' lang='lat' dir='ltr'><strong>videtur</strong></span> <span class='ocrx_word' id='word_1_441' title='bbox 479 5154 623 5232; x_wconf 90' lang='lat' dir='ltr'><strong>exigere;</strong></span> <span class='ocrx_word' id='word_1_442' title='bbox 649 5153 731 5214; x_wconf 92' lang='lat' dir='ltr'><strong>unde</strong></span> <span class='ocrx_word' id='word_1_443' title='bbox 756 5152 814 5213; x_wconf 91' lang='lat' dir='ltr'><strong>nisi</strong></span> <span class='ocrx_word' id='word_1_444' title='bbox 834 5153 949 5214; x_wconf 84' lang='lat' dir='ltr'><strong>diserte</strong></span> <span class='ocrx_word' id='word_1_445' title='bbox 973 5152 1130 5214; x_wconf 86' lang='lat' dir='ltr'><strong>Confessa-</strong></span> 
     </span>
     <span class='ocr_line' id='line_1_67' title="bbox 335 5240 1128 5323; baseline -0.003 -18"><span class='ocrx_word' id='word_1_446' title='bbox 335 5244 401 5306; x_wconf 86' lang='lat' dir='ltr'><strong>rius</strong></span> <span class='ocrx_word' id='word_1_447' title='bbox 415 5241 569 5323; x_wconf 81' lang='lat' dir='ltr'><strong>significet</strong></span> <span class='ocrx_word' id='word_1_448' title='bbox 582 5248 615 5303; x_wconf 87' lang='lat' dir='ltr'><strong>se</strong></span> <span class='ocrx_word' id='word_1_449' title='bbox 629 5245 751 5306; x_wconf 88' lang='lat' dir='ltr'><strong>tantum</strong></span> <span class='ocrx_word' id='word_1_450' title='bbox 758 5242 826 5323; x_wconf 89' lang='lat' dir='ltr'><strong>jam</strong></span> <span class='ocrx_word' id='word_1_451' title='bbox 837 5259 915 5320; x_wconf 91' lang='lat' dir='ltr'><strong>opus</strong></span> <span class='ocrx_word' id='word_1_452' title='bbox 930 5240 1071 5302; x_wconf 90' lang='lat' dir='ltr'><strong>debitum</strong></span> <span class='ocrx_word' id='word_1_453' title='bbox 1084 5242 1128 5303; x_wconf 90' lang='lat' dir='ltr'><strong>in·</strong></span> 
     </span>
     <span class='ocr_line' id='line_1_68' title="bbox 332 5329 1127 5411; baseline -0.003 -19"><span class='ocrx_word' id='word_1_454' title='bbox 332 5331 477 5411; x_wconf 86' lang='lat' dir='ltr'><strong>jungere,</strong></span> <span class='ocrx_word' id='word_1_455' title='bbox 495 5336 549 5393; x_wconf 90' lang='lat' dir='ltr'><strong>aut</strong></span> <span class='ocrx_word' id='word_1_456' title='bbox 563 5331 594 5391; x_wconf 92' lang='lat' dir='ltr'><strong>id</strong></span> <span class='ocrx_word' id='word_1_457' title='bbox 609 5350 647 5392; x_wconf 87' lang='lat' dir='ltr'><strong>ex</strong></span> <span class='ocrx_word' id='word_1_458' title='bbox 662 5331 829 5411; x_wconf 89' lang='lat' dir='ltr'><strong>adjunctis,</strong></span> <span class='ocrx_word' id='word_1_459' title='bbox 843 5335 950 5409; x_wconf 91' lang='lat' dir='ltr'><strong>aperte</strong></span> <span class='ocrx_word' id='word_1_460' title='bbox 966 5329 1127 5410; x_wconf 80' lang='lat' dir='ltr'><strong>inferatur,</strong></span> 
     </span>
     <span class='ocr_line' id='line_1_69' title="bbox 335 5419 923 5500; baseline 0 -20"><span class='ocrx_word' id='word_1_461' title='bbox 335 5421 506 5499; x_wconf 86' lang='lat' dir='ltr'><strong>gratuitum</strong></span> <span class='ocrx_word' id='word_1_462' title='bbox 519 5419 640 5500; x_wconf 83' lang='lat' dir='ltr'><strong>injungi</strong></span> <span class='ocrx_word' id='word_1_463' title='bbox 656 5421 850 5482; x_wconf 91' lang='lat' dir='ltr'><strong>censendum</strong></span> <span class='ocrx_word' id='word_1_464' title='bbox 866 5423 923 5481; x_wconf 92' lang='lat' dir='ltr'><strong>est.</strong></span> 
     </span>
    </p>

    <p class='ocr_par' dir='ltr' id='par_1_19' title="bbox 378 5508 1128 5594">
     <span class='ocr_line' id='line_1_70' title="bbox 378 5508 1128 5594; baseline 0.003 -24"><span class='ocrx_word' id='word_1_465' title='bbox 378 5508 485 5586; x_wconf 84' lang='lat' dir='ltr'><strong>Qaoest.</strong></span> <span class='ocrx_word' id='word_1_466' title='bbox 501 5512 551 5572; x_wconf 76' lang='grc'><strong>49.</strong></span> <span class='ocrx_word' id='word_1_467' title='bbox 562 5511 657 5572; x_wconf 87' lang='lat' dir='ltr'><strong>-Aa</strong></span> <span class='ocrx_word' id='word_1_468' title='bbox 671 5510 888 5594; x_wconf 73' lang='lat' dir='ltr'><strong>injuapipossit</strong></span> <span class='ocrx_word' id='word_1_469' title='bbox 901 5510 930 5572; x_wconf 82' lang='lat' dir='ltr'><strong>ia</strong></span> <span class='ocrx_word' id='word_1_470' title='bbox 939 5529 1060 5592; x_wconf 79' lang='lat' dir='ltr'><strong>penam</strong></span> <span class='ocrx_word' id='word_1_471' title='bbox 1071 5509 1128 5572; x_wconf 87' lang='lat' dir='ltr'><strong>Sa·</strong></span> 
     </span>
    </p>
   </div>
   <div class='ocr_carea' id='block_1_13' title="bbox 1183 2943 1952 4700">
    <p class='ocr_par' dir='ltr' id='par_1_20' title="bbox 1183 2943 1952 4700">
     <span class='ocr_line' id='line_1_71' title="bbox 1225 2943 1950 3025; baseline -0.007 -15"><span class='ocrx_word' id='word_1_472' title='bbox 1225 2954 1254 3010; x_wconf 62' lang='grc' dir='ltr'><strong>Ξ.</strong></span> <span class='ocrx_word' id='word_1_473' title='bbox 1284 2950 1319 3009; x_wconf 95' lang='lat' dir='ltr'><strong>ln</strong></span> <span class='ocrx_word' id='word_1_474' title='bbox 1352 2946 1551 3025; x_wconf 91' lang='lat' dir='ltr'><strong>imponendis</strong></span> <span class='ocrx_word' id='word_1_475' title='bbox 1587 2945 1737 3024; x_wconf 89' lang='lat' dir='ltr'><strong>operibus</strong></span> <span class='ocrx_word' id='word_1_476' title='bbox 1770 2943 1950 3010; x_wconf 83' lang='lat' dir='ltr'><strong>satisfactoriis</strong></span> 
     </span>
     <span class='ocr_line' id='line_1_72' title="bbox 1185 3034 1951 3113; baseline -0.009 -14"><span class='ocrx_word' id='word_1_477' title='bbox 1185 3034 1347 3099; x_wconf 75' lang='lat' dir='ltr'><strong>servandac</strong></span> <span class='ocrx_word' id='word_1_478' title='bbox 1362 3040 1435 3094; x_wconf 89' lang='lat' dir='ltr'><strong>sunt</strong></span> <span class='ocrx_word' id='word_1_479' title='bbox 1448 3034 1587 3113; x_wconf 77' lang='lat' dir='ltr'><strong>Regula,</strong></span> <span class='ocrx_word' id='word_1_480' title='bbox 1605 3051 1676 3113; x_wconf 83' lang='lat' dir='ltr'><strong>quae</strong></span> <span class='ocrx_word' id='word_1_481' title='bbox 1696 3036 1951 3113; x_wconf 75' lang='lat' dir='ltr'><strong>praescribuntur</strong></span> 
     </span>
     <span class='ocr_line' id='line_1_73' title="bbox 1184 3122 1951 3201; baseline -0.01 -13"><span class='ocrx_word' id='word_1_482' title='bbox 1184 3129 1210 3188; x_wconf 73' lang='lat' dir='ltr'><strong>‘l&#39;</strong></span> <span class='ocrx_word' id='word_1_483' title='bbox 1229 3123 1366 3185; x_wconf 90' lang='lat' dir='ltr'><strong>&#39;dentino</strong></span> <span class='ocrx_word' id='word_1_484' title='bbox 1386 3139 1462 3184; x_wconf 90' lang='lat' dir='ltr'><strong>sess.</strong></span> <span class='ocrx_word' id='word_1_485' title='bbox 1480 3125 1529 3198; x_wconf 74' lang='lat' dir='ltr'><strong>lt,</strong></span> <span class='ocrx_word' id='word_1_486' title='bbox 1547 3139 1617 3201; x_wconf 89' lang='lat' dir='ltr'><strong>cap.</strong></span> <span class='ocrx_word' id='word_1_487' title='bbox 1634 3124 1664 3198; x_wconf 87' lang='lat'><strong>8,</strong></span> <span class='ocrx_word' id='word_1_488' title='bbox 1682 3122 1732 3183; x_wconf 90' lang='lat' dir='ltr'><strong>his</strong></span> <span class='ocrx_word' id='word_1_489' title='bbox 1747 3124 1871 3185; x_wconf 84' lang='lat' dir='ltr'><strong>verbis:</strong></span> <span class='ocrx_word' id='word_1_490' title='bbox 1889 3123 1951 3182; x_wconf 81' lang='lat' dir='ltr'><strong>uhe-</strong></span> 
     </span>
     <span class='ocr_line' id='line_1_74' title="bbox 1184 3145 1951 3292; baseline -0.003 -23"><span class='ocrx_word' id='word_1_491' title='bbox 1184 3231 1199 3270; x_wconf 86' lang='lat' dir='ltr'><strong>n</strong></span> <span class='ocrx_word' id='word_1_492' title='bbox 1211 3145 1293 3272; x_wconf 65' lang='lat' dir='ltr'><strong>hant</strong></span> <span class='ocrx_word' id='word_1_493' title='bbox 1306 3228 1381 3289; x_wconf 90' lang='lat' dir='ltr'><strong>ergo</strong></span> <span class='ocrx_word' id='word_1_494' title='bbox 1398 3209 1584 3282; x_wconf 88' lang='lat' dir='ltr'><strong>Sacerdotes</strong></span> <span class='ocrx_word' id='word_1_495' title='bbox 1600 3209 1737 3289; x_wconf 86' lang='lat' dir='ltr'><strong>Domini,</strong></span> <span class='ocrx_word' id='word_1_496' title='bbox 1755 3217 1896 3292; x_wconf 88' lang='lat' dir='ltr'><strong>quantum</strong></span> <span class='ocrx_word' id='word_1_497' title='bbox 1906 3207 1951 3288; x_wconf 90' lang='lat' dir='ltr'><strong>spi·</strong></span> 
     </span>
     <span class='ocr_line' id='line_1_75' title="bbox 1184 3297 1950 3379; baseline -0.003 -21"><span class='ocrx_word' id='word_1_498' title='bbox 1184 3321 1198 3358; x_wconf 83' lang='lat' dir='ltr'><strong>o</strong></span> <span class='ocrx_word' id='word_1_499' title='bbox 1218 3299 1295 3362; x_wconf 90' lang='lat' dir='ltr'><strong>ritus</strong></span> <span class='ocrx_word' id='word_1_500' title='bbox 1309 3303 1341 3360; x_wconf 91' lang='lat' dir='ltr'><strong>et</strong></span> <span class='ocrx_word' id='word_1_501' title='bbox 1353 3297 1523 3378; x_wconf 89' lang='lat' dir='ltr'><strong>prudentia</strong></span> <span class='ocrx_word' id='word_1_502' title='bbox 1536 3298 1741 3378; x_wconf 86' lang='lat' dir='ltr'><strong>suggesserit,</strong></span> <span class='ocrx_word' id='word_1_503' title='bbox 1757 3319 1815 3379; x_wconf 82' lang='lat' dir='ltr'><strong>pro</strong></span> <span class='ocrx_word' id='word_1_504' title='bbox 1830 3299 1950 3379; x_wconf 86' lang='lat' dir='ltr'><strong>qualitate</strong></span> 
     </span>
     <span class='ocr_line' id='line_1_76' title="bbox 1184 3385 1951 3465; baseline -0.001 -19"><span class='ocrx_word' id='word_1_505' title='bbox 1184 3409 1198 3446; x_wconf 82' lang='lat' dir='ltr'><strong>n</strong></span> <span class='ocrx_word' id='word_1_506' title='bbox 1218 3386 1384 3448; x_wconf 91' lang='lat' dir='ltr'><strong>criminum</strong></span> <span class='ocrx_word' id='word_1_507' title='bbox 1406 3389 1437 3447; x_wconf 91' lang='lat' dir='ltr'><strong>et</strong></span> <span class='ocrx_word' id='word_1_508' title='bbox 1450 3385 1676 3465; x_wconf 87' lang='lat' dir='ltr'><strong>poenitentium</strong></span> <span class='ocrx_word' id='word_1_509' title='bbox 1695 3385 1855 3465; x_wconf 87' lang='lat' dir='ltr'><strong>facultate,</strong></span> <span class='ocrx_word' id='word_1_510' title='bbox 1864 3385 1951 3447; x_wconf 77' lang='lat' dir='ltr'><strong>saluh-</strong></span> 
     </span>
     <span class='ocr_line' id='line_1_77' title="bbox 1184 3474 1949 3556; baseline 0.005 -22"><span class='ocrx_word' id='word_1_511' title='bbox 1184 3497 1199 3535; x_wconf 85' lang='lat' dir='ltr'><strong>n</strong></span> <span class='ocrx_word' id='word_1_512' title='bbox 1217 3493 1267 3536; x_wconf 90' lang='lat' dir='ltr'><strong>res</strong></span> <span class='ocrx_word' id='word_1_513' title='bbox 1283 3481 1314 3536; x_wconf 92' lang='lat' dir='ltr'><strong>et</strong></span> <span class='ocrx_word' id='word_1_514' title='bbox 1328 3474 1550 3536; x_wconf 89' lang='lat' dir='ltr'><strong>convenientes</strong></span> <span class='ocrx_word' id='word_1_515' title='bbox 1563 3475 1794 3539; x_wconf 85' lang='lat' dir='ltr'><strong>satisfactiones</strong></span> <span class='ocrx_word' id='word_1_516' title='bbox 1806 3475 1949 3556; x_wconf 79' lang='lat' dir='ltr'><strong>injungere</strong></span> 
     </span>
     <span class='ocr_line' id='line_1_78' title="bbox 1183 3559 1952 3641; baseline -0.003 -20"><span class='ocrx_word' id='word_1_517' title='bbox 1183 3586 1198 3622; x_wconf 87' lang='lat' dir='ltr'><strong>n</strong></span> <span class='ocrx_word' id='word_1_518' title='bbox 1218 3583 1268 3639; x_wconf 92' lang='lat' dir='ltr'><strong>ne,</strong></span> <span class='ocrx_word' id='word_1_519' title='bbox 1297 3562 1323 3624; x_wconf 91' lang='lat' dir='ltr'><strong>si</strong></span> <span class='ocrx_word' id='word_1_520' title='bbox 1354 3563 1435 3625; x_wconf 91' lang='lat' dir='ltr'><strong>forte</strong></span> <span class='ocrx_word' id='word_1_521' title='bbox 1458 3563 1596 3641; x_wconf 87' lang='lat' dir='ltr'><strong>peccatis</strong></span> <span class='ocrx_word' id='word_1_522' title='bbox 1620 3565 1810 3625; x_wconf 85' lang='lat' dir='ltr'><strong>conniveant</strong></span> <span class='ocrx_word' id='word_1_523' title='bbox 1829 3569 1859 3624; x_wconf 92' lang='lat' dir='ltr'><strong>et</strong></span> <span class='ocrx_word' id='word_1_524' title='bbox 1877 3559 1952 3622; x_wconf 92' lang='lat' dir='ltr'><strong>indul·</strong></span> 
     </span>
     <span class='ocr_line' id='line_1_79' title="bbox 1184 3648 1951 3731; baseline -0.005 -21"><span class='ocrx_word' id='word_1_525' title='bbox 1184 3673 1198 3711; x_wconf 86' lang='lat' dir='ltr'><strong>n</strong></span> <span class='ocrx_word' id='word_1_526' title='bbox 1216 3651 1338 3730; x_wconf 88' lang='lat' dir='ltr'><strong>gantiae</strong></span> <span class='ocrx_word' id='word_1_527' title='bbox 1353 3669 1425 3711; x_wconf 90' lang='lat' dir='ltr'><strong>cum</strong></span> <span class='ocrx_word' id='word_1_528' title='bbox 1445 3650 1671 3729; x_wconf 76' lang='lat' dir='ltr'><strong>paenitentibus</strong></span> <span class='ocrx_word' id='word_1_529' title='bbox 1691 3655 1800 3731; x_wconf 86' lang='lat' dir='ltr'><strong>agant,</strong></span> <span class='ocrx_word' id='word_1_530' title='bbox 1825 3648 1951 3712; x_wconf 78' lang='lat' dir='ltr'><strong>levissima</strong></span> 
     </span>
     <span class='ocr_line' id='line_1_80' title="bbox 1184 3737 1952 3819; baseline -0.005 -21"><span class='ocrx_word' id='word_1_531' title='bbox 1184 3761 1198 3798; x_wconf 86' lang='lat' dir='ltr'><strong>n</strong></span> <span class='ocrx_word' id='word_1_532' title='bbox 1218 3739 1364 3819; x_wconf 74' lang='lat' dir='ltr'><strong>quasdam</strong></span> <span class='ocrx_word' id='word_1_533' title='bbox 1378 3755 1475 3817; x_wconf 89' lang='lat' dir='ltr'><strong>opere</strong></span> <span class='ocrx_word' id='word_1_534' title='bbox 1489 3756 1547 3817; x_wconf 90' lang='lat' dir='ltr'><strong>pro</strong></span> <span class='ocrx_word' id='word_1_535' title='bbox 1570 3739 1767 3819; x_wconf 84' lang='lat' dir='ltr'><strong>grauissimis</strong></span> <span class='ocrx_word' id='word_1_536' title='bbox 1791 3737 1900 3801; x_wconf 83' lang='lat' dir='ltr'><strong>delictis</strong></span> <span class='ocrx_word' id='word_1_537' title='bbox 1918 3737 1952 3795; x_wconf 91' lang='lat' dir='ltr'><strong>in·</strong></span> 
     </span>
     <span class='ocr_line' id='line_1_81' title="bbox 1184 3825 1951 3909; baseline -0.005 -23"><span class='ocrx_word' id='word_1_538' title='bbox 1184 3849 1198 3886; x_wconf 82' lang='lat' dir='ltr'><strong>n</strong></span> <span class='ocrx_word' id='word_1_539' title='bbox 1214 3826 1389 3909; x_wconf 86' lang='lat' dir='ltr'><strong>jungendo,</strong></span> <span class='ocrx_word' id='word_1_540' title='bbox 1406 3825 1581 3888; x_wconf 89' lang='lat' dir='ltr'><strong>alienorum</strong></span> <span class='ocrx_word' id='word_1_541' title='bbox 1595 3831 1801 3906; x_wconf 88' lang='lat' dir='ltr'><strong>peccatorum</strong></span> <span class='ocrx_word' id='word_1_542' title='bbox 1815 3825 1951 3906; x_wconf 85' lang='lat' dir='ltr'><strong>participes</strong></span> 
     </span>
     <span class='ocr_line' id='line_1_82' title="bbox 1184 3914 1951 3995; baseline -0.004 -22"><span class='ocrx_word' id='word_1_543' title='bbox 1184 3939 1199 3974; x_wconf 84' lang='lat' dir='ltr'><strong>n</strong></span> <span class='ocrx_word' id='word_1_544' title='bbox 1219 3915 1406 3976; x_wconf 85' lang='lat' dir='ltr'><strong>efficiantur.</strong></span> <span class='ocrx_word' id='word_1_545' title='bbox 1436 3914 1582 3976; x_wconf 84' lang='lat' dir='ltr'><strong>Habeant</strong></span> <span class='ocrx_word' id='word_1_546' title='bbox 1609 3920 1717 3977; x_wconf 89' lang='lat' dir='ltr'><strong>autem</strong></span> <span class='ocrx_word' id='word_1_547' title='bbox 1738 3934 1806 3995; x_wconf 82' lang='lat' dir='ltr'><strong>prae</strong></span> <span class='ocrx_word' id='word_1_548' title='bbox 1820 3914 1915 3988; x_wconf 83' lang='lat' dir='ltr'><strong>oculis,</strong></span> <span class='ocrx_word' id='word_1_549' title='bbox 1927 3914 1951 3970; x_wconf 88' lang='lat' dir='ltr'><strong>ul</strong></span> 
     </span>
     <span class='ocr_line' id='line_1_83' title="bbox 1183 4002 1951 4083; baseline -0.009 -19"><span class='ocrx_word' id='word_1_550' title='bbox 1183 4026 1199 4064; x_wconf 85' lang='lat' dir='ltr'><strong>u</strong></span> <span class='ocrx_word' id='word_1_551' title='bbox 1217 4003 1387 4065; x_wconf 86' lang='lat' dir='ltr'><strong>satisfactio</strong></span> <span class='ocrx_word' id='word_1_552' title='bbox 1403 4020 1498 4083; x_wconf 87' lang='lat' dir='ltr'><strong>quam</strong></span> <span class='ocrx_word' id='word_1_553' title='bbox 1512 4002 1689 4082; x_wconf 87' lang='lat' dir='ltr'><strong>imponunt,</strong></span> <span class='ocrx_word' id='word_1_554' title='bbox 1711 4023 1775 4066; x_wconf 88' lang='lat' dir='ltr'><strong>non</strong></span> <span class='ocrx_word' id='word_1_555' title='bbox 1799 4005 1839 4065; x_wconf 91' lang='lat' dir='ltr'><strong>sit</strong></span> <span class='ocrx_word' id='word_1_556' title='bbox 1857 4007 1951 4065; x_wconf 80' lang='lat' dir='ltr'><strong>tantun</strong></span> 
     </span>
     <span class='ocr_line' id='line_1_84' title="bbox 1184 4089 1950 4154; baseline -0.005 -5"><span class='ocrx_word' id='word_1_557' title='bbox 1184 4113 1198 4149; x_wconf 87' lang='lat' dir='ltr'><strong>u</strong></span> <span class='ocrx_word' id='word_1_558' title='bbox 1218 4091 1259 4151; x_wconf 92' lang='lat' dir='ltr'><strong>ad</strong></span> <span class='ocrx_word' id='word_1_559' title='bbox 1273 4108 1362 4150; x_wconf 81' lang='lat' dir='ltr'><strong>uovae</strong></span> <span class='ocrx_word' id='word_1_560' title='bbox 1376 4089 1448 4151; x_wconf 84' lang='lat' dir='ltr'><strong>vitae</strong></span> <span class='ocrx_word' id='word_1_561' title='bbox 1463 4090 1639 4151; x_wconf 88' lang='lat' dir='ltr'><strong>custodiam</strong></span> <span class='ocrx_word' id='word_1_562' title='bbox 1654 4095 1686 4153; x_wconf 89' lang='lat' dir='ltr'><strong>et</strong></span> <span class='ocrx_word' id='word_1_563' title='bbox 1707 4090 1888 4154; x_wconf 84' lang='lat' dir='ltr'><strong>infirmitatis</strong></span> <span class='ocrx_word' id='word_1_564' title='bbox 1905 4102 1950 4148; x_wconf 87' lang='lat' dir='ltr'><strong>ne</strong></span> 
     </span>
     <span class='ocr_line' id='line_1_85' title="bbox 1184 4177 1951 4259; baseline -0.001 -22"><span class='ocrx_word' id='word_1_565' title='bbox 1184 4201 1198 4239; x_wconf 85' lang='lat' dir='ltr'><strong>u</strong></span> <span class='ocrx_word' id='word_1_566' title='bbox 1219 4178 1443 4256; x_wconf 88' lang='lat' dir='ltr'><strong>dicamentum,</strong></span> <span class='ocrx_word' id='word_1_567' title='bbox 1473 4178 1529 4239; x_wconf 90' lang='lat' dir='ltr'><strong>sed</strong></span> <span class='ocrx_word' id='word_1_568' title='bbox 1557 4177 1653 4240; x_wconf 91' lang='lat' dir='ltr'><strong>etiam</strong></span> <span class='ocrx_word' id='word_1_569' title='bbox 1681 4179 1723 4240; x_wconf 88' lang='lat' dir='ltr'><strong>ad</strong></span> <span class='ocrx_word' id='word_1_570' title='bbox 1753 4177 1951 4259; x_wconf 70' lang='lat' dir='ltr'><strong>preteritorum</strong></span> 
     </span>
     <span class='ocr_line' id='line_1_86' title="bbox 1184 4264 1949 4346; baseline -0.005 -20"><span class='ocrx_word' id='word_1_571' title='bbox 1184 4290 1198 4328; x_wconf 85' lang='lat' dir='ltr'><strong>n</strong></span> <span class='ocrx_word' id='word_1_572' title='bbox 1218 4269 1420 4346; x_wconf 90' lang='lat' dir='ltr'><strong>peccatorum</strong></span> <span class='ocrx_word' id='word_1_573' title='bbox 1457 4264 1629 4328; x_wconf 83' lang='lat' dir='ltr'><strong>vindictam</strong></span> <span class='ocrx_word' id='word_1_574' title='bbox 1662 4271 1693 4330; x_wconf 91' lang='lat' dir='ltr'><strong>et</strong></span> <span class='ocrx_word' id='word_1_575' title='bbox 1728 4266 1949 4346; x_wconf 75' lang='lat' dir='ltr'><strong>castigationem</strong></span> 
     </span>
     <span class='ocr_line' id='line_1_87' title="bbox 1185 4352 1951 4418; baseline -0.007 -2"><span class='ocrx_word' id='word_1_576' title='bbox 1185 4381 1199 4417; x_wconf 86' lang='lat' dir='ltr'><strong>u</strong></span> <span class='ocrx_word' id='word_1_577' title='bbox 1219 4375 1292 4418; x_wconf 90' lang='lat' dir='ltr'><strong>nam</strong></span> <span class='ocrx_word' id='word_1_578' title='bbox 1308 4357 1412 4418; x_wconf 89' lang='lat' dir='ltr'><strong>claves</strong></span> <span class='ocrx_word' id='word_1_579' title='bbox 1427 4356 1635 4418; x_wconf 88' lang='lat' dir='ltr'><strong>Sacerdotum</strong></span> <span class='ocrx_word' id='word_1_580' title='bbox 1656 4375 1718 4418; x_wconf 91' lang='lat' dir='ltr'><strong>non</strong></span> <span class='ocrx_word' id='word_1_581' title='bbox 1732 4357 1776 4418; x_wconf 90' lang='lat' dir='ltr'><strong>ad</strong></span> <span class='ocrx_word' id='word_1_582' title='bbox 1798 4352 1951 4418; x_wconf 78' lang='lat' dir='ltr'><strong>solvendum</strong></span> 
     </span>
     <span class='ocr_line' id='line_1_88' title="bbox 1184 4443 1951 4524; baseline -0.009 -18"><span class='ocrx_word' id='word_1_583' title='bbox 1184 4469 1199 4506; x_wconf 83' lang='lat' dir='ltr'><strong>n</strong></span> <span class='ocrx_word' id='word_1_584' title='bbox 1219 4446 1385 4521; x_wconf 82' lang='lat' dir='ltr'><strong>duntaxat,</strong></span> <span class='ocrx_word' id='word_1_585' title='bbox 1409 4443 1582 4505; x_wconf 90' lang='lat' dir='ltr'><strong>sedetiam</strong></span> <span class='ocrx_word' id='word_1_586' title='bbox 1606 4443 1647 4504; x_wconf 89' lang='lat' dir='ltr'><strong>ad</strong></span> <span class='ocrx_word' id='word_1_587' title='bbox 1670 4444 1833 4524; x_wconf 87' lang='lat' dir='ltr'><strong>ligandum</strong></span> <span class='ocrx_word' id='word_1_588' title='bbox 1854 4456 1951 4503; x_wconf 73' lang='lat' dir='ltr'><strong>conae</strong></span> 
     </span>
     <span class='ocr_line' id='line_1_89' title="bbox 1185 4530 1948 4612; baseline -0.004 -20"><span class='ocrx_word' id='word_1_589' title='bbox 1185 4558 1199 4594; x_wconf 82' lang='lat' dir='ltr'><strong>u</strong></span> <span class='ocrx_word' id='word_1_590' title='bbox 1219 4553 1280 4610; x_wconf 90' lang='lat' dir='ltr'><strong>sas,</strong></span> <span class='ocrx_word' id='word_1_591' title='bbox 1307 4539 1338 4593; x_wconf 91' lang='lat' dir='ltr'><strong>et</strong></span> <span class='ocrx_word' id='word_1_592' title='bbox 1361 4530 1481 4612; x_wconf 88' lang='lat' dir='ltr'><strong>antiqui</strong></span> <span class='ocrx_word' id='word_1_593' title='bbox 1496 4534 1606 4594; x_wconf 88' lang='lat' dir='ltr'><strong>Patres</strong></span> <span class='ocrx_word' id='word_1_594' title='bbox 1624 4533 1784 4596; x_wconf 89' lang='lat' dir='ltr'><strong>decentet</strong></span> <span class='ocrx_word' id='word_1_595' title='bbox 1803 4531 1948 4595; x_wconf 79' lang='lat' dir='ltr'><strong>credunta</strong></span> 
     </span>
     <span class='ocr_line' id='line_1_90' title="bbox 1186 4619 1952 4700; baseline -0.013 -17"><span class='ocrx_word' id='word_1_596' title='bbox 1186 4623 1242 4684; x_wconf 89' lang='lat' dir='ltr'><strong>llic</strong></span> <span class='ocrx_word' id='word_1_597' title='bbox 1257 4625 1363 4682; x_wconf 90' lang='lat' dir='ltr'><strong>autem</strong></span> <span class='ocrx_word' id='word_1_598' title='bbox 1376 4620 1463 4680; x_wconf 90' lang='lat' dir='ltr'><strong>locus</strong></span> <span class='ocrx_word' id='word_1_599' title='bbox 1479 4623 1512 4681; x_wconf 92' lang='lat' dir='ltr'><strong>ut</strong></span> <span class='ocrx_word' id='word_1_600' title='bbox 1535 4619 1594 4680; x_wconf 88' lang='lat' dir='ltr'><strong>rite</strong></span> <span class='ocrx_word' id='word_1_601' title='bbox 1616 4620 1819 4700; x_wconf 86' lang='lat' dir='ltr'><strong>intelligatur,</strong></span> <span class='ocrx_word' id='word_1_602' title='bbox 1839 4637 1873 4679; x_wconf 86' lang='lat' dir='ltr'><strong>ex</strong></span> <span class='ocrx_word' id='word_1_603' title='bbox 1892 4619 1952 4678; x_wconf 76' lang='lat' dir='ltr'><strong>oce</strong></span> 
     </span>
    </p>
   </div>
   <div class='ocr_carea' id='block_1_14' title="bbox 1185 4707 1884 4788">
    <p class='ocr_par' dir='ltr' id='par_1_21' title="bbox 1185 4707 1884 4788">
     <span class='ocr_line' id='line_1_91' title="bbox 1185 4707 1884 4788; baseline -0.007 -16"><span class='ocrx_word' id='word_1_604' title='bbox 1185 4713 1289 4772; x_wconf 89' lang='lat' dir='ltr'><strong>torunr</strong></span> <span class='ocrx_word' id='word_1_605' title='bbox 1304 4707 1419 4788; x_wconf 88' lang='lat' dir='ltr'><strong>placito</strong></span> <span class='ocrx_word' id='word_1_606' title='bbox 1435 4707 1603 4787; x_wconf 88' lang='lat' dir='ltr'><strong>diligenter</strong></span> <span class='ocrx_word' id='word_1_607' title='bbox 1618 4712 1666 4770; x_wconf 91' lang='lat' dir='ltr'><strong>est</strong></span> <span class='ocrx_word' id='word_1_608' title='bbox 1680 4708 1884 4788; x_wconf 87' lang='lat' dir='ltr'><strong>explicandus.</strong></span> 
     </span>
    </p>
   </div>
   <div class='ocr_carea' id='block_1_15' title="bbox 1981 3137 1984 3321">
    <p class='ocr_par' dir='ltr' id='par_1_22' title="bbox 1981 3137 1984 3321">
     <span class='ocr_line' id='line_1_92' title="bbox 1981 3137 1984 3242; baseline 0 0"><span class='ocrx_word' id='word_1_609' title='bbox 1981 3137 1984 3242; x_wconf 91' lang='lat' dir='ltr'><strong>l</strong></span> 
     </span>
     <span class='ocr_line' id='line_1_93' title="bbox 1982 3245 1984 3321; baseline 0 0"><span class='ocrx_word' id='word_1_610' title='bbox 1982 3245 1984 3321; x_wconf 87' lang='lat' dir='ltr'><strong>l</strong></span> 
     </span>
    </p>
   </div>
   <div class='ocr_carea' id='block_1_16' title="bbox 1225 4792 1984 4880">
    <p class='ocr_par' dir='ltr' id='par_1_23' title="bbox 1225 4792 1984 4880">
     <span class='ocr_line' id='line_1_94' title="bbox 1225 4792 1984 4880; baseline -0.003 -22"><span class='ocrx_word' id='word_1_611' title='bbox 1225 4797 1345 4858; x_wconf 87' lang='lat' dir='ltr'><strong>Dicitur</strong></span> <span class='ocrx_word' id='word_1_612' title='bbox 1358 4797 1463 4877; x_wconf 90' lang='lat' dir='ltr'><strong>itaque</strong></span> <span class='ocrx_word' id='word_1_613' title='bbox 1479 4799 1507 4857; x_wconf 91' lang='lat' dir='ltr'><strong>l.</strong></span> <span class='ocrx_word' id='word_1_614' title='bbox 1524 4804 1667 4878; x_wconf 85' lang='lat' dir='ltr'><strong>quantum</strong></span> <span class='ocrx_word' id='word_1_615' title='bbox 1683 4797 1806 4880; x_wconf 72' lang='lat' dir='ltr'><strong>spiritis</strong></span> <span class='ocrx_word' id='word_1_616' title='bbox 1818 4792 1952 4876; x_wconf 72' lang='lat' dir='ltr'><strong>erpmta·</strong></span> <span class='ocrx_word' id='word_1_617' title='bbox 1980 4805 1984 4856; x_wconf 87' lang='lat' dir='ltr'><strong>l</strong></span> 
     </span>
    </p>
   </div>
   <div class='ocr_carea' id='block_1_17' title="bbox 1184 4883 1951 5587">
    <p class='ocr_par' dir='ltr' id='par_1_24' title="bbox 1184 4883 1951 5587">
     <span class='ocr_line' id='line_1_95' title="bbox 1185 4883 1951 4966; baseline -0.004 -20"><span class='ocrx_word' id='word_1_618' title='bbox 1185 4885 1227 4946; x_wconf 85' lang='lat' dir='ltr'><strong>tio</strong></span> <span class='ocrx_word' id='word_1_619' title='bbox 1249 4885 1431 4966; x_wconf 69' lang='lat' dir='ltr'><strong>suggesserit.</strong></span> <span class='ocrx_word' id='word_1_620' title='bbox 1456 4884 1575 4958; x_wconf 82' lang='lat' dir='ltr'><strong>Quibus</strong></span> <span class='ocrx_word' id='word_1_621' title='bbox 1590 4887 1695 4948; x_wconf 85' lang='lat' dir='ltr'><strong>verbis</strong></span> <span class='ocrx_word' id='word_1_622' title='bbox 1708 4903 1869 4948; x_wconf 90' lang='lat' dir='ltr'><strong>monemur</strong></span> <span class='ocrx_word' id='word_1_623' title='bbox 1883 4883 1909 4944; x_wconf 91' lang='lat' dir='ltr'><strong>in</strong></span> <span class='ocrx_word' id='word_1_624' title='bbox 1926 4897 1951 4944; x_wconf 78' lang='lat' dir='ltr'><strong>re</strong></span> 
     </span>
     <span class='ocr_line' id='line_1_96' title="bbox 1184 4967 1951 5053; baseline -0.003 -21"><span class='ocrx_word' id='word_1_625' title='bbox 1184 4972 1264 5034; x_wconf 89' lang='lat' dir='ltr'><strong>tanti</strong></span> <span class='ocrx_word' id='word_1_626' title='bbox 1278 4972 1428 5034; x_wconf 87' lang='lat' dir='ltr'><strong>momenti</strong></span> <span class='ocrx_word' id='word_1_627' title='bbox 1443 4976 1562 5034; x_wconf 89' lang='lat' dir='ltr'><strong>temere</strong></span> <span class='ocrx_word' id='word_1_628' title='bbox 1577 4975 1735 5053; x_wconf 82' lang='lat' dir='ltr'><strong>agendum</strong></span> <span class='ocrx_word' id='word_1_629' title='bbox 1750 4991 1813 5036; x_wconf 90' lang='lat' dir='ltr'><strong>non</strong></span> <span class='ocrx_word' id='word_1_630' title='bbox 1828 4991 1897 5048; x_wconf 89' lang='lat' dir='ltr'><strong>esse,</strong></span> <span class='ocrx_word' id='word_1_631' title='bbox 1909 4967 1951 5030; x_wconf 87' lang='lat' dir='ltr'><strong>scd</strong></span> 
     </span>
     <span class='ocr_line' id='line_1_97' title="bbox 1184 5057 1949 5140; baseline -0.005 -17"><span class='ocrx_word' id='word_1_632' title='bbox 1184 5065 1253 5124; x_wconf 88' lang='lat' dir='ltr'><strong>tum</strong></span> <span class='ocrx_word' id='word_1_633' title='bbox 1276 5060 1416 5122; x_wconf 85' lang='lat' dir='ltr'><strong>divinam</strong></span> <span class='ocrx_word' id='word_1_634' title='bbox 1439 5079 1532 5140; x_wconf 89' lang='lat' dir='ltr'><strong>opem</strong></span> <span class='ocrx_word' id='word_1_635' title='bbox 1556 5066 1588 5124; x_wconf 91' lang='lat' dir='ltr'><strong>et</strong></span> <span class='ocrx_word' id='word_1_636' title='bbox 1610 5063 1846 5127; x_wconf 86' lang='lat' dir='ltr'><strong>illustrationem</strong></span> <span class='ocrx_word' id='word_1_637' title='bbox 1865 5057 1949 5123; x_wconf 85' lang='lat' dir='ltr'><strong>sedulo</strong></span> 
     </span>
     <span class='ocr_line' id='line_1_98' title="bbox 1186 5150 1950 5234; baseline 0.004 -23"><span class='ocrx_word' id='word_1_638' title='bbox 1186 5150 1415 5228; x_wconf 88' lang='lat' dir='ltr'><strong>exposcendam</strong></span> <span class='ocrx_word' id='word_1_639' title='bbox 1429 5169 1509 5228; x_wconf 89' lang='lat' dir='ltr'><strong>esse,</strong></span> <span class='ocrx_word' id='word_1_640' title='bbox 1524 5157 1594 5214; x_wconf 89' lang='lat' dir='ltr'><strong>tum</strong></span> <span class='ocrx_word' id='word_1_641' title='bbox 1616 5153 1852 5234; x_wconf 87' lang='lat' dir='ltr'><strong>expendendum</strong></span> <span class='ocrx_word' id='word_1_642' title='bbox 1873 5163 1950 5229; x_wconf 67' lang='lat' dir='ltr'><strong>quw·</strong></span> 
     </span>
     <span class='ocr_line' id='line_1_99' title="bbox 1184 5238 1947 5320; baseline 0 -20"><span class='ocrx_word' id='word_1_643' title='bbox 1184 5242 1249 5300; x_wconf 92' lang='lat' dir='ltr'><strong>tam</strong></span> <span class='ocrx_word' id='word_1_644' title='bbox 1263 5238 1314 5300; x_wconf 91' lang='lat' dir='ltr'><strong>hic</strong></span> <span class='ocrx_word' id='word_1_645' title='bbox 1329 5243 1360 5301; x_wconf 91' lang='lat' dir='ltr'><strong>et</strong></span> <span class='ocrx_word' id='word_1_646' title='bbox 1374 5257 1458 5300; x_wconf 88' lang='lat' dir='ltr'><strong>nunc</strong></span> <span class='ocrx_word' id='word_1_647' title='bbox 1470 5239 1691 5318; x_wconf 71' lang='lat' dir='ltr'><strong>paenitentiam</strong></span> <span class='ocrx_word' id='word_1_648' title='bbox 1705 5242 1862 5320; x_wconf 88' lang='lat' dir='ltr'><strong>imponere</strong></span> <span class='ocrx_word' id='word_1_649' title='bbox 1878 5251 1947 5314; x_wconf 66' lang='lat' dir='ltr'><strong>expe</strong></span> 
     </span>
     <span class='ocr_line' id='line_1_100' title="bbox 1185 5328 1911 5409; baseline -0.006 -20"><span class='ocrx_word' id='word_1_650' title='bbox 1185 5328 1260 5404; x_wconf 89' lang='lat' dir='ltr'><strong>diat,</strong></span> <span class='ocrx_word' id='word_1_651' title='bbox 1278 5347 1316 5388; x_wconf 93' lang='lat' dir='ltr'><strong>ne</strong></span> <span class='ocrx_word' id='word_1_652' title='bbox 1330 5328 1407 5409; x_wconf 92' lang='lat' dir='ltr'><strong>quid</strong></span> <span class='ocrx_word' id='word_1_653' title='bbox 1421 5346 1550 5390; x_wconf 86' lang='lat' dir='ltr'><strong>excessu</strong></span> <span class='ocrx_word' id='word_1_654' title='bbox 1565 5330 1615 5392; x_wconf 92' lang='lat' dir='ltr'><strong>vel</strong></span> <span class='ocrx_word' id='word_1_655' title='bbox 1629 5331 1751 5392; x_wconf 86' lang='lat' dir='ltr'><strong>defectu</strong></span> <span class='ocrx_word' id='word_1_656' title='bbox 1766 5333 1911 5409; x_wconf 87' lang='lat' dir='ltr'><strong>peccetur.</strong></span> 
     </span>
     <span class='ocr_line' id='line_1_101' title="bbox 1224 5413 1947 5499; baseline -0.008 -20"><span class='ocrx_word' id='word_1_657' title='bbox 1224 5417 1344 5479; x_wconf 90' lang='lat' dir='ltr'><strong>Dicitur</strong></span> <span class='ocrx_word' id='word_1_658' title='bbox 1357 5421 1387 5494; x_wconf 75' lang='lat'><strong>2,</strong></span> <span class='ocrx_word' id='word_1_659' title='bbox 1403 5436 1459 5498; x_wconf 86' lang='lat' dir='ltr'><strong>pro</strong></span> <span class='ocrx_word' id='word_1_660' title='bbox 1472 5417 1617 5499; x_wconf 75' lang='lat' dir='ltr'><strong>qualitate</strong></span> <span class='ocrx_word' id='word_1_661' title='bbox 1631 5418 1785 5480; x_wconf 72' lang='lat' dir='ltr'><strong>cubabam</strong></span> <span class='ocrx_word' id='word_1_662' title='bbox 1798 5426 1826 5478; x_wconf 86' lang='lat' dir='ltr'><strong>et</strong></span> <span class='ocrx_word' id='word_1_663' title='bbox 1834 5413 1947 5498; x_wconf 73' lang='lat' dir='ltr'><strong>penita·</strong></span> 
     </span>
     <span class='ocr_line' id='line_1_102' title="bbox 1186 5499 1945 5587; baseline -0.005 -21"><span class='ocrx_word' id='word_1_664' title='bbox 1186 5504 1422 5587; x_wconf 80' lang='lat' dir='ltr'><strong>tiumsaealcate.</strong></span> <span class='ocrx_word' id='word_1_665' title='bbox 1447 5507 1565 5580; x_wconf 86' lang='lat' dir='ltr'><strong>Quibus</strong></span> <span class='ocrx_word' id='word_1_666' title='bbox 1589 5507 1691 5572; x_wconf 89' lang='lat' dir='ltr'><strong>verbis</strong></span> <span class='ocrx_word' id='word_1_667' title='bbox 1714 5507 1883 5570; x_wconf 85' lang='lat' dir='ltr'><strong>declaratur</strong></span> <span class='ocrx_word' id='word_1_668' title='bbox 1899 5499 1945 5563; x_wconf 85' lang='lat' dir='ltr'><strong>doc</strong></span> 
     </span>
    </p>
   </div>
   <div class='ocr_carea' id='block_1_18' title="bbox 0 0 1998 6340">
    <p class='ocr_par' dir='ltr' id='par_1_25' title="bbox 0 0 1998 6340">
     <span class='ocr_line' id='line_1_103' title="bbox 0 0 1998 6340; baseline 0 0"><span class='ocrx_word' id='word_1_669' title='bbox 0 0 1998 6340; x_wconf 95' lang='lat' dir='ltr'><strong> </strong></span> 
     </span>
    </p>
   </div>
  </div>
 </body>
</html>
