3986 6350
582 578 634 647 DE
655 577 819 647 OFFlCllS
842 578 1112 646 conuassnall.

105 789 139 840 BR
158 787 377 838 sarrsrtcrlcn'a
398 789 560 837 atetlanum
580 787 738 834 rnulcartat.

76 945 170 1020 Onna.
186 946 240 1007 tl.
252 979 293 990 —
304 943 444 1018 Quaenam
453 943 515 1002 sint
527 949 625 1022 portes
641 938 822 1020 Confessorii

45 1036 70 1096 in
82 1031 227 1094 indicendo
241 1032 406 1093 Poenitenti
418 1029 629 1110 satisfactione.

76 1127 157 1202 ltesp.
170 1119 519 1199 Quatuorpotissimum
529 1117 570 1178 ad
587 1117 668 1178 istud
684 1115 821 1178 officium

44 1215 175 1293 spectant.
193 1215 224 1272 l.
246 1213 311 1286 Est,
334 1227 374 1270 an
395 1224 519 1286 semper
541 1207 654 1267 debeat
669 1205 822 1268 Sacerdos

44 1299 244 1381 penitentiam
276 1298 415 1377 aliquam
440 1296 604 1376 injungere
632 1290 823 1373 poenitenti?

44 1395 67 1452 t.
83 1388 238 1462 Quomodo
263 1387 332 1448 haec
353 1384 547 1465 injungenda
570 1383 632 1444 sit?
646 1387 675 1444 3.
693 1378 823 1453 Qualis?

44 1482 68 1538 t.
78 1475 377 1556 Deniqueffquanta?
391 1476 465 1546 Qua
481 1472 585 1533 omnia
600 1469 823 1550 quaestionibus

44 1564 231 1646 sequentibus
245 1561 510 1623 dilucidabuntur.

397 1706 458 1785 §u

80 1837 180 1914 Ounst.
197 1843 248 1900 tt.
265 1872 305 1883 -
322 1836 430 1899 Utrum
446 1834 471 1896 C
472 1833 649 1916 onsessorins
661 1851 772 1914 semper
785 1843 825 1894 te·

46 1926 186 1990 maturari
202 1945 320 2008 poenom
339 1923 472 2006 ntiquom
491 1923 649 2004 poenitenti
670 1922 826 2003 injunpen-

46 2018 122 2079 darn?

79 2107 161 2186 llesp.
187 2101 404 2166 Confessarius
428 2101 522 2163 dehet
545 2119 671 2179 sempor
697 2117 825 2179 poenam

47 2192 168 2271 aliquam
178 2191 343 2272 poenitenti
354 2189 535 2271 injungere3
553 2189 637 2269 quia,
650 2187 757 2268 utjam
770 2187 826 2248 ob-

47 2285 189 2343 servatum
204 2280 273 2356 luit,
292 2279 423 2359 quadiu
438 2280 534 2340 Sacro
546 2276 705 2338 'tribunali
718 2277 826 2337 Sacar-

47 2369 94 2430 dos
105 2387 217 2430 munus
231 2368 324 2448 gerit,
341 2367 423 2428 hanc
446 2367 474 2427 ai
494 2365 711 2427 necessitatem
726 2364 827 2443 impo-

48 2458 92 2519 nit.
108 2458 191 2520 Sacri
207 2457 292 2517 anim
305 2455 436 2518 Ministri
451 2460 557 2534 partas
571 2459 654 2530 sunt,
667 2454 742 2514 dare
752 2471 826 2531 ope-

47 2550 141 2607 ramut
155 2547 393 2606 Sacramentum
404 2561 441 2603 ex
457 2542 602 2604 omnibus
612 2542 675 2602 suis
685 2540 826 2621 partibus

47 2631 95 2691 rite
108 2635 224 2693 constat
240 2651 248 2692 ε
265 2649 303 2691 cx
317 2630 355 2690 iis
375 2635 482 2692 autem
503 2648 567 2690 una
588 2633 635 2690 est
653 2647 755 2709 poenae
770 2629 827 2688 im-

47 2719 145 2796 positio
162 2726 195 2781 et
212 2719 313 2797 culpae
326 2718 427 2780 luitio.
445 2720 600 2778 Praeterea
615 2721 650 2778 ut
662 2716 776 2785 iudex,
794 2716 826 2775 in

48 2807 117 2867 Reos
129 2807 378 2868 animadvertere
393 2806 497 2883 debet,
507 2827 512 2838 ·
522 2823 560 2866 ua
575 2805 607 2865 in
622 2805 740 2865 crimen
755 2822 826 2884 pro-

47 2895 153 2957 clivitas
167 2896 318 2958 foveatur.

80 2983 239 3062 Excipiunt
264 2987 372 3045 tamen
400 2986 551 3046 Doctores
576 2984 687 3046 mortis
711 2983 827 3046 articu-

47 3070 113 3147 lum,
134 3089 205 3132 cum
229 3089 313 3150 aeger
336 3071 420 3132 omni
445 3090 539 3132 sensu
561 3072 726 3134 destitutus
750 3069 827 3130 nihil

49 3159 206 3238 quidquam
229 3159 314 3221 valet
336 3160 459 3240 exequi.
487 3161 519 3221 Si
535 3166 641 3220 tamm
665 3160 712 3221 las
726 3159 784 3234 sit,
798 3158 826 3218 ai

47 3261 130 3324 pana
142 3247 192 3308 val
205 3247 365 3308 levissima
379 3248 497 3327 imponi
513 3247 616 3325 debet,
635 3266 729 3328 quam
745 3247 827 3308 illico

48 3331 121 3407 luat;
136 3336 184 3396 vel
207 3336 232 3396 si
253 3335 352 3412 divae,
372 3335 574 3416 injungenda
598 3336 825 3414 eleemosynae;

48 3419 103 3482 imo
121 3419 205 3502 justo
227 3421 434 3501 assignanda,
452 3442 546 3503 quam
570 3421 595 3484 si
618 3423 826 3499 convaluerit,

49 3507 152 3571 debeat
172 3510 361 3588 persoluere.
378 3510 459 3582 Quin
478 3511 557 3572 adeo
573 3512 749 3573 consultum
770 3511 830 3572 erit

49 3612 112 3655 cum
134 3614 278 3674 mouere,
304 3601 339 3658 ut
360 3597 440 3659 torta
463 3603 649 3678 recuperata
676 3599 826 3676 sanitate,

50 3701 135 3762 quam
156 3685 291 3764 primum
307 3686 447 3764 licuerit,
469 3687 561 3748 iteret
581 3688 826 3765 confessionem,

49 3785 111 3848 qua
124 3771 155 3831 in
169 3771 227 3833 hoc
242 3772 373 3834 articulo
389 3773 429 3833 ob
443 3773 544 3835 morbi
560 3774 785 3854 impedimenta
799 3777 830 3835 et

9 3887 10 3940 3
49 3859 187 3936 temporis
200 3861 361 3938 angustias
377 3860 407 3920 in
419 3862 523 3923 multis
533 3863 747 3941 utplurimum
757 3881 830 3941 pcc-

9 3945 10 3962 ³
50 3950 103 4006 cat.
118 3947 200 4006 'lunc
210 3951 362 4009 autemex
372 3949 604 4030 aequitatislege
615 3950 827 4011 mulctabitur.

86 4033 185 4108 Quasi.
201 4039 251 4097 ta.
268 4069 309 4082 -
324 4035 515 4110 (bandorum
529 4037 693 4099 Paenitenti
715 4039 755 4099 sit
775 4037 831 4098 irn-

9 4153 10 4162 .
47 4123 167 4202 ροιεηιια
181 4122 369 4204 satisfactio?

85 4212 172 4292 ltesp.
189 4211 363 4275 satisfactio
378 4214 464 4292 prius
479 4214 831 4296 estimponeudaquam

9 4311 11 4318 ’
50 4297 200 4379 largienda
213 4301 386 4376 absoluti03
404 4321 477 4363 nam
493 4305 705 4365 necessarium
720 4309 767 4366 est
781 4323 832 4366 co·

9 4413 10 4416 ¹
50 4403 189 4464 gnoscere
210 4391 356 4452 affectum
376 4391 567 4470 acceptantis
581 4391 776 4471 paenitentis,
797 4397 833 4455 ut

9 4523 10 4528 ,
50 4474 146 4536 aalide
157 4477 311 4540 absolutio
333 4479 535 4542 concedatur.
552 4482 727 4561 increpatio
742 4498 830 4559 varo,

9 4567 10 4644 J
51 4561 148 4642 siqua
166 4565 205 4628 sit
222 4583 318 4645 opus,
336 4571 368 4629 et
390 4567 589 4646 exprobratio
613 4569 833 4647 praemittenda

9 4713 10 4716 ,
51 4649 228 4729 impositioni
243 4654 476 4730 satisfactionis3
493 4674 567 4716 nam
582 4657 621 4718 ad
636 4675 706 4718 eam
721 4675 833 4736 accep-

9 4741 11 4820 ξ
53 4738 171 4800 audam
185 4741 330 4820 disponit.
348 4744 444 4803 Porro
462 4744 661 4822 exprobratio
676 4748 708 4806 et
722 4743 833 4805 exhor-

9 4833 11 4912 ,
51 4825 123 4886 tatio
138 4826 165 4886 in
185 4846 222 4889 ao
240 4829 406 4907 differunt,
424 4832 508 4911 quod
529 4831 582 4892 illa
597 4831 637 4892 ad
651 4831 833 4893 detestatio-

9 4935 11 4976 ι
53 4927 122 4972 acm
135 4917 276 4993 praeteriti
291 4918 423 4996 peccati,
435 4920 495 4981 ista
505 4919 546 4980 ad
559 4920 671 4982 futurae
686 4921 832 4982 emenda-

52 4997 140 5061 tionis
151 5005 342 5084 propositum
356 5023 413 5084 per
427 5025 460 5066 se
474 5008 626 5086 impellat.

89 5087 190 5162 Orcoeot.
205 5096 255 5154 tr.
270 5124 312 5137 -
324 5093 372 5152 An
385 5099 412 5153 et
425 5112 482 5175 qao
495 5094 617 5155 erimine
629 5113 658 5156 se
671 5095 833 5175 obstrinpot

56 5171 253 5254 Confessorr'os.
269 5181 323 5262 qai
345 5180 463 5243 nullom
485 5181 591 5242 indicit
606 5185 830 5264 poenitentiam.

54 5269 119 5324 tunc
131 5285 190 5328 cam
201 5268 279 5330 volet
290 5269 433 5350 poenitens
445 5269 576 5352 ntiquom
589 5273 723 5334 solorre?

1607 581 1665 647 il'l

875 769 955 831 viter
977 772 1117 844 tantum,
1135 765 1209 846 quia
1226 785 1321 846 prena
1335 765 1501 845 piacularis
1523 774 1669 831 naturam

876 856 1070 920 Sacramenti
1095 874 1157 917 nou
1179 855 1349 932 constituit,
1366 856 1420 916 sed
1440 855 1577 936 complet
1591 859 1669 919 dun-

874 951 971 1023 taxat,
993 964 1030 1007 eo
1052 945 1117 1006 fere
1139 944 1233 1005 modo
1258 963 1320 1025 quo
1335 945 1452 1006 mulcta
1473 946 1590 1007 inllicta
1613 947 1671 1007 hu-

875 1052 1003 1095 manum
1015 1033 1179 1113 judicium.
1196 1036 1304 1113 ltaque
1326 1052 1398 1094 cum
1413 1036 1496 1095 Reus
1510 1053 1604 1114 paena
1623 1035 1671 1096 di-

875 1142 956 1202 gnus
971 1140 1033 1182 nou
1049 1122 1253 1196 existimatur,
1271 1121 1425 1201 judicium
1444 1122 1563 1203 absque
1578 1124 1671 1204 puni-

877 1212 960 1272 tione
976 1210 1159 1289 perficitur:
1185 1209 1258 1270 hinc
1277 1210 1467 1288 poeniteutiae
1488 1213 1671 1274 Sacramen-

876 1307 944 1360 tum
966 1304 1095 1378 propter
1118 1299 1318 1360 omissionem
1342 1300 1532 1377 pmnitantiae
1553 1301 1671 1379 irroga·

877 1387 970 1449 tionis
988 1387 1206 1466 imperfectum
1228 1386 1335 1447 haberi
1351 1406 1412 1448 non
1432 1388 1535 1450 debet.
1553 1392 1671 1450 Rursus

877 1475 958 1536 sicut
978 1475 1009 1535 iu
1032 1475 1169 1535 humano
1184 1475 1307 1537 Judicio
1331 1475 1471 1554 grauiter
1485 1493 1547 1536 non
1562 1482 1673 1555 peccat

877 1563 996 1639 Judcx,
1014 1563 1066 1642 qui
1082 1565 1146 1624 Rea
1160 1563 1262 1624 levem
1277 1581 1415 1641 poenam,
1433 1581 1527 1642 quam
1541 1564 1672 1626 maritus

879 1655 936 1728 est,
954 1668 1016 1712 non
1031 1651 1178 1730 imponit3
1195 1651 1239 1713 ita
1253 1669 1310 1712 nec
1325 1651 1357 1710 in
1372 1651 1431 1712 isto
1446 1651 1607 1712 'tribunali
1621 1669 1672 1713 sa-

879 1740 1001 1802 cordos.

1242 1830 1260 1909 §
1278 1830 1324 1892 ll.
1380 1886 1382 1888 ,

923 1945 1029 2021 Ouast.
1047 1947 1097 2005 lb.
1110 1941 1307 2020 -Qoornodo
1324 1942 1479 2024 poenitenti
1493 1939 1673 2026 injanpendo

879 2036 918 2096 sit
931 2033 1102 2115 satisfactio,
1127 2052 1181 2114 per
1195 2031 1310 2093 modam
1326 2035 1476 2116 precepti,
1496 2053 1534 2094 on
1545 2052 1601 2115 per
1614 2051 1673 2094 rna

880 2123 949 2185 darn
963 2123 1099 2184 conscilii?

921 2217 1014 2292 llcsp.
1032 2215 1129 2274 Poena
1143 2212 1378 2273 sacramentalis
1393 2229 1413 2272 a
1428 2211 1596 2273 Sacerdote
1607 2227 1690 2271 ειη--

881 2302 955 2364 nino
977 2305 1025 2362 est
1043 2300 1253 2381 impertienda
1273 2319 1330 2380 per
1353 2299 1483 2362 modum
1505 2297 1671 2380 praecepti,

881 2410 943 2454 non
958 2410 1033 2452 vero
1048 2388 1246 2470 posmodum
1261 2389 1392 2451 consilii.
1411 2387 1500 2450 Ratio
1515 2391 1578 2465 est,
1600 2386 1675 2467 quia

881 2479 1036 2556 Officium,
1054 2498 1091 2539 ex
1106 2496 1167 2558 quo
1185 2480 1309 2538 tenetur
1324 2476 1478 2539 Sacerdos
1492 2494 1620 2555 prauam
1634 2475 1676 2538 is-

881 2572 946 2630 tam
957 2568 1110 2646 infligere,
1124 2585 1143 2627 a
1155 2569 1309 2646 potestate
1324 2563 1446 2645 ligandi
1457 2563 1672 2644 proficiscitur.

880 2659 979 2717 Poena
993 2659 1098 2716 autem
1113 2672 1183 2734 quae
1196 2657 1320 2715 tantum
1334 2653 1495 2729 suadetur,
1508 2670 1571 2715 uon
1585 2651 1673 2730 ligat.

881 2747 1038 2806 Praeterea
1048 2743 1267 2821 Sacerdospro
1278 2761 1408 2803 munere
1419 2741 1538 2804 iudicis
1547 2757 1675 2820 poenam

881 2832 1040 2909 decernit,
1067 2851 1130 2911 qua
1152 2832 1357 2911 paenitentem
1378 2831 1509 2910 castiget
1536 2850 1543 2892 :
1573 2829 1675 2893 iudex

881 2924 986 2982 autem
1003 2919 1034 2980 in
1052 2923 1150 2982 Reum
1170 2919 1420 2981 animadvertere
1440 2937 1501 2979 nou
1517 2921 1673 2993 censetur,

882 3007 940 3069 uisi
964 3009 1051 3069 illum
1075 3007 1116 3068 ad
1136 3025 1264 3086 poenam
1283 3007 1479 3068 subeundam
1494 3005 1672 3084 compellat.

924 3096 1020 3178 oojn.
1042 3099 1071 3157 l.
1093 3097 1190 3156 Poena
1213 3095 1447 3157 sacramentalis
1462 3094 1580 3175 absque
1595 3111 1677 3172 prae-

882 3188 973 3264 cepto
988 3183 1081 3245 indici
1097 3188 1200 3263 potest
1218 3184 1275 3244 sub
1298 3183 1357 3245 hac
1372 3184 1484 3260 torma,
1502 3201 1571 3264 quae
1586 3182 1677 3263 quasi

883 3274 1093 3336 conditionem
1109 3272 1204 3334 babet
1219 3271 1419 3352 adjunctam:
1436 3271 1461 3332 si
1476 3272 1537 3333 hcc
1551 3270 1675 3348 laceris,

883 3363 953 3424 volo
985 3366 1020 3425 ut
1046 3361 1101 3424 tibi
1125 3361 1224 3440 prosit
1255 3360 1286 3421 in
1310 3360 1526 3423 remissionem
1550 3376 1673 3439 poenae,

884 3469 979 3531 quam
1004 3449 1091 3511 noxis
1114 3449 1175 3510 tuis
1190 3449 1320 3512 meritus
1336 3467 1379 3510 aa.
1403 3451 1469 3510 lloc
1483 3447 1567 3509 enim
1581 3447 1676 3508 modo

883 3537 1090 3619 Indulgentiae
1112 3538 1339 3615 conceduntur,
1363 3537 1476 3619 quihus
1496 3555 1558 3598 non
1573 3534 1677 3596 minus

884 3645 979 3708 quam
1000 3625 1060 3706 piis
1082 3625 1227 3706 operibus
1251 3626 1282 3685 iu
1306 3628 1509 3688 Sacramenta
1531 3621 1678 3704 injunctis

883 3733 979 3794 poena
1001 3713 1137 3793 peccatis
1161 3713 1268 3776 debita
1287 3715 1493 3776 condonatur.
1519 3714 1603 3792 Ergo
1625 3727 1678 3770 ue·

884 3821 970 3864 cesse
991 3821 1054 3864 non
1070 3809 1117 3863 est
1137 3805 1172 3865 ut
1187 3821 1282 3883 poena
1302 3801 1482 3881 imperatur,
1500 3800 1555 3862 sed
1575 3800 1679 3879 potest

885 3901 969 3954 recte
993 3891 1173 3970 poenitentis
1197 3892 1325 3953 arbitrio
1349 3889 1675 3970 subeundapermitti.

885 3983 923 4042 R.
939 3980 1018 4042 lllud
1034 3979 1163 4041 interest
1177 3979 1259 4041 inter
1272 3980 1486 4060 Indulgentiae
1506 3984 1537 4042 ει
1550 3996 1678 4057 ριιειιεῐῐι

885 4069 1163 4146 sacramentalem,
1181 4068 1265 4149 quod
1281 4069 1349 4130 illas
1373 4068 1565 4130 concedendi
1580 4068 1679 4138 facul·

885 4163 934 4222 tas
955 4177 974 4220 a
996 4160 1148 4238 potestate
1168 4157 1308 4220 solvendi
1328 4157 1558 4237 proficiscatur3
1584 4155 1678 4241 huius

887 4251 993 4310 autem
1013 4246 1161 4327 irrogatio
1185 4265 1204 4306 a
1227 4250 1380 4326 potestate
1402 4245 1532 4326 ligandi,
1557 4249 1592 4308 ut
1610 4243 1678 4324 jam

887 4334 1077 4396 dictumest.

928 4422 1021 4506 cajo.
1038 4428 1067 4485 ι.
1084 4424 1145 4484 Ρει
1158 4422 1226 4485 hac
1240 4421 1338 4484 verba
1350 4441 1357 4482 ε
1369 4419 1516 4504 quidquid
1525 4419 1593 4483 boni
1603 4421 1680 4502 sece-

886 4513 928 4574 ris
949 4521 977 4573 et
1000 4512 1076 4573 azoti
1092 4512 1241 4594 patienter
1252 4512 1438 4579 sustinueris,
1460 4515 1519 4573 etc.
1541 4511 1680 4590 impartit

888 4602 1041 4665 Sacerdos
1068 4600 1128 4680 piis
1156 4601 1301 4663 omnibus
1328 4599 1507 4679 poeniteutis
1531 4599 1679 4679 operibus

886 4689 1035 4752 virtutem
1049 4707 1087 4748 ex
1102 4705 1195 4767 opere
1212 4692 1339 4768 operato
1354 4688 1555 4766 piacularem.
1573 4689 1619 4748 Ea
1632 4691 1680 4748 ta·

887 4796 959 4838 men
975 4795 1037 4837 non
1048 4775 1191 4854 imperat.
1204 4778 1286 4856 lli-go
1297 4776 1416 4837 secluso
1431 4774 1562 4853 imperio
1577 4778 1681 4853 potest

887 4863 1034 4942 operibus
1050 4881 1119 4943 quae
1134 4863 1306 4925 suadentur
1320 4863 1419 4925 virtus
1434 4863 1545 4924 cadam
1566 4861 1679 4940 imper·

886 4952 948 5014 tiri.
966 4955 1003 5012 R.
1020 4953 1054 5013 ld
1066 4952 1192 5013 omniuo
1208 4951 1321 5013 falsum
1336 4958 1393 5014 est.
1406 4950 1572 5014 Haecenim
1586 4950 1681 5014 rerba

886 5059 943 5122 per
957 5040 1086 5101 modum
1100 5059 1231 5120 precum
1246 5037 1437 5102 adhibentur
1451 5039 1613 5101 duntaxat.

1268 5171 1304 5231 ll
1315 5171 1339 5231 l.

929 5275 1037 5350 Oooest.
1054 5279 1104 5338 lc.
1119 5309 1160 5320 -
1174 5166 1281 5350 (tacitis
1294 5275 1457 5356 sotisloctio
1467 5273 1624 5356 penitenti
1637 5270 1682 5334 in-

9 5353 11 5436 }
94 5355 179 5435 Resp.
196 5357 227 5418 Si
240 5358 346 5436 gravis
360 5358 530 5421 satisfactio
542 5360 649 5422 debita
660 5362 711 5439 sit,
724 5367 835 5442 peccat
884 5364 1035 5446 joppensia
1049 5363 1107 5426 sit?

9 5441 11 5486 ἕ
55 5442 183 5518 granni
196 5445 349 5507 Sacerdos
369 5447 451 5508 illius
466 5449 632 5510 omissione
647 5456 831 5528 spontanae.
928 5455 1021 5533 Resp.
1039 5455 1249 5532 Quacumque
1273 5451 1304 5512 in
1320 5469 1448 5530 poenam
1470 5453 1682 5512 sacramenta-

55 5528 100 5591 ιιι
114 5534 312 5598 communiter
325 5535 484 5599 Doctores.
502 5536 534 5599 Si
557 5541 663 5600 autem
681 5539 775 5620 levis,
792 5539 835 5600 la·

887 5542 951 5604 lem
976 5541 1097 5623 injungi
1120 5544 1261 5623 possunt,
1287 5542 1328 5602 ed
1355 5541 1416 5603 tria
1436 5539 1563 5602 omnino
1591 5556 1682 5601 raro.
