3986 6350
554 512 606 580 hh
627 517 790 580 OFFICIIS
813 513 1081 582 conlassnflll.
1578 519 1634 586 lot

12 734 14 751 =
43 730 50 756 ι
74 701 286 768 Goniessariis
309 701 479 784 sepissime
503 721 567 766 non
597 703 787 766 dubitarent.
845 705 927 766 lutcs
941 702 1093 767 dimittit?
1116 705 1153 766 R.
1169 703 1310 778 Debere3
1335 706 1446 784 peccat
1468 704 1551 768 enirn
1565 726 1639 788 gra·

4 803 88 854 luere
109 811 169 871 pro
195 798 286 857 certo
311 793 492 856 habendum
515 797 564 855 est
577 812 668 854 usum
683 811 790 873 quem·
845 791 925 853 viter
939 791 1152 854 Confessarius
1175 796 1206 854 ct
1220 792 1327 855 violati
1350 792 1443 873 sigilli
1457 795 1492 856 ιιι
1505 811 1588 874 reus,
1611 797 1638 859 si

12 897 120 960 umque
144 880 391 944 sacramentalis
414 880 543 958 notitiae,
560 898 616 942 seu
643 881 792 942 menifes—
844 879 1050 959 poenitentem
1063 879 1267 942 absolutionis
1281 880 1434 942 beneficia
1448 881 1543 943 fuisse
1558 882 1639 944 indi·

15 994 65 1038 ιιι,
93 985 150 1028 ιιι
181 970 359 1046 occultum,
389 968 414 1030 si
441 969 536 1029 modo
566 967 791 1048 poenitentibus
845 987 943 1047 gnum
958 986 1155 1048 quacumque
1177 968 1296 1030 ratione
1311 969 1474 1049 significet.
1491 971 1533 1031 nt
1546 970 1577 1031 id
1592 970 1636 1050 ip·

5 1055 97 1116 orius
111 1054 164 1133 sit,
182 1057 412 1120 Sacerdotibus
426 1056 581 1122 interdici.
846 1075 915 1118 sum
935 1061 1011 1118 tunc
1031 1056 1125 1118 tacite
1148 1054 1348 1135 significaret,
1370 1075 1441 1118 cum
1457 1057 1525 1118 aliis
1540 1057 1638 1118 omni·

32 1142 162 1224 Oh'rcies.
180 1147 307 1206 Tamen
321 1145 479 1206 Confessio
490 1143 543 1225 jus
554 1144 674 1206 nullum
688 1147 792 1223 potest
845 1143 904 1205 hus
920 1162 998 1223 quos
1013 1144 1195 1204 confitentes
1209 1143 1339 1222 audivit,
1365 1145 1533 1206 testimonii
1548 1145 1638 1207 sche-

4 1231 124 1291 2imere
148 1232 376 1300 confessario:
401 1232 427 1293 is
451 1239 557 1293 autem
577 1233 699 1294 seclusa
713 1234 792 1294 Gon·
846 1232 952 1292 dalem
967 1231 1083 1304 tradit;
1100 1231 1172 1292 huic
1187 1236 1292 1294 autem
1307 1232 1364 1294 soli
1378 1235 1512 1294 recusat.
1530 1237 1637 1315 Neque

0 1317 118 1380 cesione
129 1318 186 1399 jus
202 1319 347 1382 habebat
357 1319 427 1381 Caio
439 1319 630 1382 Beneficium
641 1339 701 1380 non
718 1337 791 1381 con·
846 1323 950 1380 tamen
974 1322 1049 1379 tunc
1072 1319 1286 1382 confessarius
1300 1337 1319 1380 a
1334 1320 1464 1381 veritate
1479 1320 1635 1384 dellectit:

0 1405 118 1466 ιιιιιιι.
135 1407 227 1486 Ergo
240 1412 311 1486 post
320 1407 548 1469 confessionem
560 1407 612 1487 jus
626 1407 702 1468 illud
713 1407 792 1468 inte·
845 1406 952 1466 testari
968 1406 1051 1467 enim
1062 1424 1122 1466 non
1134 1407 1228 1468 dehet
1237 1426 1270 1468 se
1282 1408 1441 1468 hominem
1454 1409 1635 1488 absolvisse,

5 1552 10 1565 ,
57 1518 72 1547 o
92 1500 296 1572 perseverat.
322 1495 377 1557 Cui
398 1495 503 1575 itaque
518 1495 649 1575 injurius
664 1501 721 1572 est,
738 1501 793 1556 aut
846 1494 901 1553 sed
925 1493 1009 1572 quod
1037 1511 1147 1554 verum
1175 1494 1331 1572 ponimus,
1362 1513 1453 1557 aures
1477 1497 1636 1559 confitenti

5 1599 52 1642 uo
65 1582 199 1642 crimine
217 1601 252 1644 se
268 1583 446 1662 obstringit,
463 1583 487 1643 si
500 1582 571 1664 jure
586 1603 642 1645 suo
657 1589 692 1644 ut
705 1583 791 1662 prius
845 1580 1026 1660 praebuisse.
1053 1583 1160 1660 Neque
1176 1582 1270 1643 etiam
1285 1583 1465 1660 poenitentis
1480 1584 1583 1645 delicti
1598 1585 1638 1645 sit

0 1669 71 1730 'cite
92 1675 237 1748 poterat,
260 1676 332 1751 post
355 1671 587 1733 Confessionem
603 1672 731 1733 utatur?
752 1673 788 1732 s.
845 1669 1002 1748 particeps
1029 1669 1201 1746 Sacerdos,
1230 1670 1354 1731 tametsi
1382 1671 1433 1732 ille
1457 1671 1636 1752 hujusmodi

22 1775 58 1818 en
80 1757 152 1819 dico
174 1759 233 1840 jus
257 1760 384 1839 aliquod
408 1760 570 1822 Sacerdoti
591 1761 791 1822 confessione
846 1756 1023 1818 testimonio
1047 1756 1185 1817 munitus
1209 1757 1248 1817 ad
1265 1759 1393 1820 Sacram
1408 1760 1637 1822 Eucharistiam

0 1843 96 1922 dimi,
122 1847 181 1906 sed
208 1847 243 1908 id
265 1866 362 1908 unum
384 1847 555 1926 prohiberi,
577 1866 615 1908 nc
630 1851 721 1926 parta
736 1865 791 1926 per
846 1845 1006 1914 accedere,
1024 1845 1073 1904 vel
1085 1845 1162 1904 inire
1173 1847 1406 1907 matrimonium
1417 1866 1478 1910 non
1494 1848 1634 1910 dubitet:

25 1933 230 1994 messionem
255 1935 365 1996 notitia
388 1935 419 1994 in
443 1936 616 1996 exercendo
641 1935 712 2015 jure
735 1952 791 1995 suo
846 1932 919 2012 quin
933 1933 1137 2011 poenitentem
1159 1934 1239 1994 serio
1258 1952 1387 1996 monere
1403 1935 1496 1998 debet
1510 1938 1638 1998 Confes-

1 2021 152 2088 abutatur,
169 2040 231 2084 seu
245 2041 283 2083 ne
294 2041 332 2084 ea
342 2023 487 2085 inductus
497 2023 669 2102 quidquam
682 2022 713 2083 in
728 2041 792 2102 poe-
846 2019 957 2096 sarius,
974 2039 1012 2080 ne
1027 2021 1071 2082 sic
1086 2020 1303 2101 imparatust
1272 2042 1288 2082 e
1320 2025 1489 2102 apeccatis
1504 2043 1566 2086 non
1581 2026 1638 2088 ab·

10 2109 116 2170 'batis
139 2109 382 2172 incommodum
400 2111 504 2190 faeiat,
522 2111 604 2190 quod
621 2117 792 2172 easemota
846 2108 965 2168 solutus
989 2108 1104 2170 audeat
1127 2111 1366 2173 Sacramentum
1388 2112 1515 2192 aliquod
1539 2115 1638 2175 susci-

1 2213 194 2275 nequaquam
212 2203 297 2259 esset
310 2198 373 2259 fact
361 2201 459 2259 l.urus
846 2213 931 2274 pere.
957 2194 990 2258 Si
1014 2214 1088 2257 sero
1112 2197 1267 2276 poenitens
1286 2199 1490 2263 admonitioni
1506 2219 1568 2262 non
1583 2221 1636 2283 pa·

36 2282 170 2346 instatis.
188 2285 325 2366 indigno
343 2285 461 2347 homini
477 2286 676 2348 sacerdotale
691 2287 792 2346 Rene·
845 2287 923 2360 reat,
939 2285 1007 2344 tota
1020 2284 1113 2364 eulpa
1126 2302 1222 2363 penes
1241 2305 1313 2347 eum
1327 2287 1495 2363 residebit;
1512 2291 1636 2352 Confes-

4 2371 98 2434 dcium
112 2373 196 2434 ultro
221 2391 259 2434 ac
273 2373 398 2434 nemine
418 2379 551 2454 cogente
569 2375 711 2435 conferre
734 2391 792 2453 per
845 2370 945 2431 sarius
968 2376 1074 2433 autem
1095 2391 1226 2435 munere
1249 2393 1305 2436 suo
1324 2375 1412 2438 iuuet
1399 2381 1449 2438 tus
1464 2378 1533 2440 erit.
1550 2380 1636 2441 Atte-

5 2477 33 2520 se
52 2477 176 2539 semper
201 2464 251 2522 est
273 2461 371 2522 nefas.
388 2461 509 2540 Ergo
485 2480 510 2522 ιι
526 2467 721 2541 compertum
736 2464 792 2524 ha·
844 2458 956 2519 mensi
971 2461 1306 2542 resmoramaliquam
1320 2463 1468 2542 patiatur,
1485 2466 1636 2545 quianon

2 2542 232 2610 miserendus
254 2548 420 2628 indignum
441 2566 568 2628 prorsus
588 2568 655 2611 esse
670 2549 789 2626 Caium,
845 2545 950 2606 statim
964 2546 1177 2608 testimonium
1198 2549 1341 2627 accipere
1360 2555 1415 2614 aut
1429 2554 1568 2631 prolerre
1584 2571 1636 2616 ue·

5 2649 50 2714 qm
43 2633 269 2697 Sacerdotale
292 2635 483 2698 Beneficium
505 2637 655 2714 obtineat,
672 2637 789 2698 illud'
763 2656 791 2697 er
845 2653 931 2695 cesse
960 2639 1024 2708 est;
1050 2639 1124 2698 tunc
1147 2636 1196 2697 cui
1221 2636 1374 2700 absolutio
1398 2640 1554 2721 denegata
1576 2647 1634 2722 est,

6 2721 134 2782 conferre
149 2723 234 2784 citra
257 2724 405 2786 delictum
421 2743 482 2786 non
497 2725 620 2826 poterit
639 2729 675 2786 ll.
691 2727 727 2787 ld
740 2745 791 2787 re·
847 2723 941 2784 etiam
955 2724 1168 2786 testimonium
1183 2728 1363 2807 negandum
1377 2728 1446 2806 erit,
1463 2730 1570 2792 addita
1584 2749 1638 2793 co·

6 2823 67 2870 ιιιιιι
86 2829 165 2879 esse.
192 2811 220 2873 si
243 2813 337 2875 modo
359 2813 438 2894 ejus,
462 2813 511 2875 cui
534 2814 726 2876 Beneficium
746 2818 794 2877 est
846 2811 1023 2874 hortatione
1048 2818 1082 2874 ut
1096 2831 1129 2874 se
1145 2814 1311 2893 diligenter
1324 2833 1361 2878 ac
1375 2816 1433 2878 rute
1447 2818 1486 2879 ad
1502 2819 1637 2897 gratiam

1 2890 237 2973 adherendum,
263 2899 432 2980 indignitas
456 2900 588 2961 sliat
539 2903 588 2961 rat
591 2901 671 2977 ione,
697 2919 792 2981 quam
847 2901 1040 2962 sacramenti
1017 2905 1244 2981 tcomparet:
1269 2907 1469 2983 postmodum
1490 2926 1566 2971 vero
1589 2926 1637 2968 re·

1 2985 256 3050 exsecramenta
280 2986 321 3049 sit
343 2988 518 3049 manifesta.
536 2990 602 3048 Hac
616 3006 701 3048 enum
714 2989 792 3050 notu
846 2991 987 3048 vertatur
1000 2989 1069 3050 tes
1061 2989 1168 3050 imonii
1185 2991 1367 3054 schedulam
1381 3013 1444 3056 una
1458 3014 1531 3057 cum
1545 2996 1638 3058 abso-

6 3069 44 3132 tia
56 3073 136 3134 nullo
151 3092 296 3155 unquam
306 3093 381 3138 casu
395 3095 467 3139 cum
481 3076 684 3155 poenitentis'
676 3095 793 3139 rncom·
846 3074 972 3136 lutionis
985 3077 1137 3139 beneflcio
1152 3083 1348 3158 accepturus.

1 3159 89 3220 modo
104 3160 148 3222 uti
163 3161 250 3226 licet.
887 3165 989 3245 tque
1005 3165 1072 3226 haec
1086 3170 1256 3247 suntquis
1266 3186 1304 3228 ex
1318 3168 1442 3248 optimis
1457 3171 1638 3234 auctoribus

42 3245 165 3322 Ouoeres.
196 3254 248 3313 An
272 3269 345 3312 cum
369 3252 504 3315 Paroecis
523 3255 572 3316 ιιι
593 3254 791 3319 Scholasticis
846 3255 878 3312 ιι
892 3269 1024 3313 ιιιιοιιι
1038 3253 1356 3336 mentrspunorrsque
1367 3258 1469 3320 Deo
1431 3262 1520 3320 rrnae
1535 3260 1638 3322 'Pheo-

1 3339 49 3404 et
59 3342 264 3417 preceptum,
281 3345 316 3401 ιιι
329 3341 418 3403 facta
433 3343 640 3405 Confessionis
655 3342 791 3406 testimo·
845 3340 925 3420 logis
940 3340 1081 3418 collecta,
1099 3341 1137 3403 de
1153 3342 1269 3405 Officiis
1279 3345 1464 3408 confessarii
1478 3366 1535 3428 pro
1550 3347 1640 3410 insti·

1 3413 84 3484 nium
105 3426 253 3503 afferant,
279 3427 395 3489 illud'·
376 3447 413 3489 us
434 3428 529 3490 etiam
552 3429 666 3492 debeat
679 3448 792 3494 conce·
845 3431 913 3490 tuto
928 3434 1034 3492 nostro
1050 3428 1140 3492 nobis
1155 3435 1245 3494 erant
1258 3432 1402 3498 dicenda.

1 3507 72 3574 Ἧιιι
86 3514 258 3595 Sacerdos,
274 3535 352 3598 quos
362 3516 449 3599 justa
460 3517 499 3580 de
514 3536 610 3582 causa
623 3537 685 3580 nen
700 3521 792 3582 abso·
