3974 6348
302 563 361 624 ll6

300 747 355 825 tia,
385 750 420 808 ut
447 746 635 828 quandoque
663 746 694 807 iu
722 745 893 808 Minoribus
926 744 1094 807 Ordinibus

302 834 462 896 constituti
477 834 656 912 Pensiones,
682 839 712 894 et
726 833 881 894 licuefrcia
895 834 936 894 ad
950 833 1096 894 Divinum

300 924 425 985 [lulium
439 926 470 984 et
486 922 703 984 Ecclesiastico
719 921 827 982 munia
836 920 987 997 instituta,
1000 921 1095 981 etiam

299 1016 371 1090 post
393 1010 504 1071 initum
527 1009 609 1071 clem
631 1010 864 1072 Matrimonium
896 1008 1092 1085 retinuerint,

299 1098 420 1178 sibique
431 1097 470 1158 de
480 1115 661 1159 mammona
669 1095 842 1177 iniquitatis
852 1097 971 1158 loculos
986 1096 1093 1156 miser-

299 1183 377 1246 rime
388 1184 649 1262 comparaverint.
991 1251 997 1262 ,

338 1295 352 1330 n
372 1272 521 1334 Deflenda
543 1271 611 1333 haec
634 1273 729 1352 igitur
750 1273 855 1354 potius
879 1273 1027 1334 uberibus
1047 1274 1094 1335 la·

298 1361 424 1438 crymis,
442 1378 537 1440 quam
551 1360 661 1422 latiore
683 1361 805 1424 calamo
827 1361 1011 1440 explicanda
1025 1378 1093 1421 ma-

297 1449 399 1509 lorum
414 1447 587 1526 congeries,
605 1466 676 1509 cum
693 1467 730 1509 ex
739 1449 798 1510 hac
808 1447 993 1528 Apostolicae
1003 1449 1092 1510 Sedis

298 1536 425 1616 specula
439 1553 547 1596 omnes
562 1536 620 1597 sibi
639 1536 777 1599 vindicet
794 1543 909 1598 nostrae
922 1536 1091 1616 vigilantia

260 1629 268 1647 ·
297 1641 408 1697 curas;
433 1626 611 1702 temperare
635 1643 697 1686 non
722 1642 905 1704 possumus,
931 1623 1006 1705 quin
1029 1627 1092 1687 Vos

297 1713 393 1793 ipsos,
409 1714 488 1774 Ven.
506 1715 642 1791 FratreS,
659 1715 691 1774 in
709 1717 831 1794 partem
851 1718 965 1776 nostrae
981 1713 1092 1775 sollici·

296 1800 415 1863 tudinis
429 1805 609 1880 avocantes,
621 1809 758 1864 vestram
772 1803 933 1882 pietatem,
946 1810 977 1866 et
990 1802 1092 1864 zelum

297 1887 468 1949 excitemus
500 1890 541 1950 ad
575 1890 796 1952 custodiendas
833 1891 956 1971 vigilias
992 1891 1091 1953 noctis

296 1993 391 2054 super
419 1977 519 2054 Grege
546 1976 643 2038 Vobis
671 1978 801 2056 credito,
828 1997 922 2059 quem
949 1981 1091 2042 luctuosa

297 2064 410 2125 horum
433 2067 611 2144 temporum
636 2067 774 2128 conditio
795 2066 827 2126 iu
848 2066 1015 2128 discrimen
1035 2067 1091 2128 ad·

296 2151 392 2214 ducit.
410 2151 549 2214 Primum
563 2154 668 2234 itaque
683 2154 812 2234 periculi
832 2173 895 2217 uon
910 2155 1090 2237 infrequens

296 2241 419 2303 occasio
433 2242 497 2303 Vos
518 2242 630 2304 reddat
653 2243 842 2305 difficiliores
866 2243 907 2306 ad
930 2245 1091 2306 remitten-

297 2327 373 2388 dum
387 2326 627 2407 Publicationes,
648 2347 668 2391 a
686 2329 799 2409 quibus
820 2330 1009 2392 contrectari
1024 2332 1090 2392 Ma-

297 2415 477 2477 trimonium
491 2433 573 2494 saepe
588 2435 645 2495 per
658 2417 845 2479 malitiosam
857 2417 1089 2498 suggestionem

294 2507 406 2584 petunt
431 2504 614 2582 dispensari.
642 2507 741 2578 Ouam
774 2510 865 2568 caute
894 2507 1089 2585 solerterque

296 2595 440 2670 oporteat
460 2609 498 2652 ea
517 2593 549 2652 in
569 2611 603 2653 re
625 2593 796 2671 Episcopos
811 2593 940 2670 versari,
958 2610 1018 2653 non
1034 2593 1090 2654 ob·

296 2697 389 2740 scura
402 2677 528 2741 Vobisa
542 2681 678 2742 Concilio
700 2681 881 2743 Tridentino
904 2681 1090 2742 exhibentur

296 2771 492 2846 argumenta.
510 2766 542 2830 Si
558 2768 642 2829 enim
658 2769 713 2848 (ait
726 2770 836 2830 eadem
859 2771 974 2832 Sancta
988 2771 1089 2847 Syno-

296 2853 366 2932 dus)
392 2854 563 2932 probabilis
584 2855 679 2919 fuerit
701 2856 835 2935 suspicio
856 2855 1089 2919 Matrimonium

294 2941 448 3003 malitiose
463 2943 609 3022 impediri
622 2962 724 3023 posse,
748 2945 773 3005 si
797 2944 1013 3024 praecesserint
1031 2946 1089 3005 De·

295 3027 522 3105 nuntiationes3
549 3035 623 3092 tunc
636 3033 686 3093 vel
703 3052 766 3095 uua
780 3037 901 3096 tantum
919 3033 1089 3095 Denuntia-

295 3116 338 3178 tio
352 3117 416 3193 liat,
433 3119 482 3178 vel
499 3118 610 3180 saltem
631 3121 783 3199 Paroeho,
806 3128 837 3183 et
852 3121 975 3184 duobus
989 3120 1090 3182 Testi-

293 3203 352 3264 bus
368 3205 573 3284 presentibus
596 3208 830 3273 Matrimonium
853 3211 1040 3287 celebretur,
1057 3213 1089 3271 et

294 3291 408 3355 deinde
432 3297 503 3358 ante
527 3295 609 3358 illius
632 3301 933 3362 consummationem
961 3303 1088 3361 Denun-

293 3379 438 3442 tiationes
457 3381 489 3442 in
512 3383 651 3446 Ecclesia
673 3386 766 3464 frent,
785 3391 818 3449 ot
841 3386 865 3448 si
890 3387 995 3467 aliqua
1013 3385 1088 3446 sub·

294 3472 366 3531 sunt
380 3469 614 3550 impedimenta,
640 3473 760 3536 facilius
784 3476 981 3556 detegantur.
1003 3477 1087 3535 Prae·

294 3561 381 3619 terea
400 3556 473 3620 licet
495 3559 650 3640 Episcopo
678 3562 822 3626 relictum
845 3565 885 3626 sit
908 3562 1086 3624 omnimode

293 3663 388 3724 super
410 3646 702 3711 Denuntiatiouibus
724 3649 924 3731 dispensare,
947 3650 1015 3712 haec
1042 3652 1087 3711 ta·

293 3750 366 3794 men
380 3731 512 3796 facultas
526 3753 589 3797 nou
610 3755 629 3798 a
651 3738 717 3798 sola
739 3737 953 3817 Dispensantis
976 3737 1088 3800 volun-

299 3823 364 3881 tate
387 3821 513 3898 pendet,
539 3822 595 3882 sed
609 3840 629 3884 a
642 3824 823 3887 Tridentino
843 3829 1005 3888 coercetur
1018 3841 1088 3886 arc·

293 3907 332 3969 tis
359 3908 533 3986 prudentia
567 3910 754 3992 discretique
789 3912 909 3975 arbitrii
937 3913 1084 3992 legibus;

293 3994 378 4075 quod
393 3995 477 4056 idern
491 3998 548 4072 est,
565 4014 603 4058 ac
616 3998 790 4077 legitimam
812 4017 938 4064 causam
961 3999 1087 4079 dispen-

292 4082 421 4146 sationis
436 4083 608 4163 requirere.

332 4193 346 4228 n
365 4173 478 4232 Parem
493 4188 629 4252 quoquc,
646 4171 709 4236 imo
724 4174 855 4239 fortasse
874 4176 1028 4258 majorem
1042 4179 1087 4239 vi·

292 4257 455 4336 gilantiam
478 4277 605 4322 necesse
629 4268 676 4322 est
696 4280 716 4324 a
738 4263 835 4325 Vobis
862 4265 1022 4344 adhiberi,
1047 4285 1085 4328 ne

291 4351 362 4423 post
383 4347 529 4408 remissas
547 4350 803 4412 Oenuotietiones
826 4352 1000 4416 celebretur
1022 4357 1086 4418 Ma-

291 4432 473 4495 trimonium
489 4452 595 4496 coram
610 4435 763 4514 Paroeho,
775 4439 825 4500 vel
839 4439 900 4502 alio
915 4440 1085 4502 Sacerdote

294 4521 334 4582 ab
349 4521 416 4600 ipso
431 4523 583 4599 Paroeho,
606 4524 656 4584 vel
678 4526 807 4588 aVohis
829 4526 989 4606 deputato,
1007 4545 1085 4606 prae·

290 4609 430 4669 sentibus
445 4609 567 4671 duobus
583 4611 631 4671 vel
653 4612 753 4673 tribus
767 4615 911 4677 'festibus
925 4613 1085 4676 confiden-

289 4695 373 4757 tibus
389 4740 397 4773 ,
419 4715 457 4758 ne
472 4699 536 4758 ulla
550 4698 767 4762 celebrationis
782 4703 891 4764 notitia
912 4705 962 4765 rel
977 4721 1086 4764 rumor

291 4784 442 4846 oriantur.
458 4784 493 4846 ld
518 4786 601 4846 enim
623 4791 658 4849 ut
680 4787 721 4849 ed
736 4789 952 4868 praescriptum
972 4792 1085 4852 Sacro-

291 4888 362 4932 rum
375 4871 536 4933 Ganonum
551 4873 632 4936 licite
646 4874 714 4935 fleri
733 4877 841 4954 possit,
858 4895 920 4938 non
941 4877 1016 4940 satis
1038 4881 1087 4940 est

291 4959 384 5020 obvia
407 4959 525 5040 queris
549 4963 580 5022 et
601 4961 739 5042 vulgaris
759 4981 863 5042 causa,
890 4964 945 5025 sed
965 4963 1082 5044 gravis,

292 5063 416 5125 urgens,
442 5051 474 5108 et
496 5049 716 5127 urgentissima
739 5051 962 5133 requiritur.A
987 5052 1083 5114 Sacro

290 5133 409 5195 Nostroe
432 5135 673 5198 Poenitentiariae
696 5137 870 5216 Tribunali,
896 5157 932 5200 eo
961 5137 1085 5218 potissi-

289 5238 377 5283 mum
399 5239 473 5286 casu
495 5224 536 5286 sit
557 5229 694 5302 potestas
716 5225 759 5288 ita
780 5227 958 5288 celebrandi
980 5225 1084 5289 Matri·

291 5309 443 5387 monium,
466 5328 529 5392 quo
543 5312 598 5376 Vir
612 5317 644 5374 et
666 5314 797 5376 Femina
818 5314 850 5374 in
864 5315 967 5394 figura
980 5313 1084 5376 Matri-

288 5397 386 5459 monii
408 5399 532 5478 publice
555 5400 716 5479 degentes,
741 5409 772 5462 et
795 5402 834 5462 de
857 5402 970 5482 quibus
998 5402 1084 5463 nulla

289 5485 374 5565 riget
389 5485 527 5548 oriminis
541 5489 687 5570 suspicio,
702 5489 733 5551 in
749 5491 871 5554 occulto
886 5495 991 5555 temen
1006 5491 1082 5553 Gun-

946 559 1019 622 LlB.
1043 559 1095 622 Vl.
1119 559 1221 622 PARS
1242 555 1294 622 Ill.

1150 743 1298 806 cubinatu
1325 745 1557 823 perseverent:
1587 739 1679 804 facile
1702 739 1787 805 enirn
1814 738 1924 824 quisquo

1149 831 1304 912 conjiciet,
1331 849 1426 912 quam
1449 831 1606 894 absonum
1628 834 1721 907 esset,
1746 848 1810 908 eos,
1830 837 1924 893 astato

1149 920 1357 981 damnationis
1384 938 1441 998 per
1468 919 1606 998 gratiam
1634 919 1828 982 sacramenti
1853 935 1924 979 revo-

1153 1007 1281 1084 candos,
1307 1008 1347 1068 ad
1370 1006 1494 1086 publice
1517 1006 1767 1069 contrahendum
1790 1008 1926 1070 Matrimo

1147 1093 1234 1155 nium
1249 1093 1673 1175 praeviisDenuntiationibus
1689 1095 1925 1174 compellillano

1146 1199 1221 1243 vero
1244 1184 1365 1262 praxim
1391 1182 1487 1246 Vobis
1517 1183 1662 1244 duximus
1690 1183 1924 1262 proponendam,

1148 1287 1209 1331 non
1234 1271 1516 1351 quiaDispeusatio
1539 1271 1701 1350 praemisso
1727 1271 1813 1332 casui
1841 1271 1925 1332 solum

1148 1363 1311 1435 congruat,
1329 1375 1400 1420 cum
1415 1358 1470 1419 alii
1485 1357 1612 1434 similes,
1636 1363 1668 1418 et
1681 1358 1815 1420 fortasse
1827 1375 1927 1436 urgen-
1972 1369 1973 1390 ³

1147 1445 1241 1507 tiores
1256 1465 1323 1507 esse
1338 1446 1467 1526 possint,
1484 1445 1514 1505 in
1530 1445 1644 1525 quibus
1662 1443 1836 1525 dispensari
1849 1461 1925 1520 expe·

1148 1532 1232 1606 diat;
1248 1533 1303 1595 sed
1318 1533 1393 1613 quia
1406 1534 1508 1596 Vestri
1530 1532 1696 1612 pastoralis
1719 1532 1821 1595 Officii
1838 1535 1926 1610 partes

1145 1623 1263 1682 versari
1272 1621 1427 1685 debentia
1442 1621 1550 1683 sedulo
1566 1621 1788 1700 investiganda
1805 1619 1926 1699 legitima

1146 1714 1177 1772 et
1191 1710 1313 1790 urgenti
1328 1728 1424 1772 causa
1441 1709 1700 1789 Dispensationis,
1722 1727 1763 1770 ae
1787 1707 1926 1772 Matrime

1148 1798 1200 1860 nia
1223 1798 1343 1860 occulte
1366 1798 1524 1860 celebrate
1543 1797 1702 1860 luctuosos
1724 1796 1860 1858 habeant
1875 1793 1925 1854 exi·
1972 1875 1973 1878 Ἴ

1144 1891 1213 1963 tus,
1243 1903 1321 1967 quos
1352 1885 1460 1948 intimo
1488 1883 1591 1946 cordis
1622 1901 1759 1946 moerore
1789 1879 1925 1945 receumi·

1144 1991 1226 2035 mus.

1184 2085 1199 2122 a
1218 2064 1307 2124 Hunc
1328 2079 1421 2141 porro
1442 2061 1475 2122 in
1494 2079 1625 2141 scopum
1640 2063 1703 2124 Vos
1718 2061 1888 2137 hortamur,
1901 2061 1926 2120 et
1972 2051 1974 2056 ’

1144 2151 1283 2230 impense
1308 2151 1524 2228 admonemus,
1548 2154 1583 2212 ut
1604 2153 1817 2212 Personarum
1836 2147 1925 2212 Matri·

1144 2237 1284 2299 monium
1307 2242 1427 2302 secreto
1456 2239 1641 2300 contrahere
1669 2238 1846 2318 petentium
1869 2235 1925 2298 dili·
1973 2311 1974 2314 Ἴ

1143 2343 1221 2404 gens
1234 2326 1322 2389 tiata
1345 2327 1441 2392 Vobis
1464 2327 1643 2408 inquisitio:
1659 2329 1709 2390 An
1732 2327 1853 2388 scilicet
1869 2324 1925 2405 ejus
1973 2327 1974 2332 ’

1145 2413 1320 2494 qualitatiS,
1337 2416 1454 2496 gradus
1469 2419 1500 2478 et
1517 2415 1704 2478 conditionis
1725 2414 1800 2492 sint,
1816 2431 1881 2496 quae
1899 2411 1925 2474 id

1144 2503 1241 2581 probe
1257 2507 1443 2582 exposcant;
1459 2506 1508 2566 An
1523 2503 1585 2565 sint
1599 2503 1658 2579 sui,
1668 2501 1719 2563 vel
1733 2501 1829 2563 alieni
1839 2500 1923 2581 juris:
1972 2509 1974 2538 ⁵

1143 2591 1191 2652 An
1215 2591 1428 2668 Filiisamilias,
1453 2609 1588 2670 quorum
1612 2589 1729 2669 nuptiae
1754 2587 1840 2652 Patri
1854 2587 1925 2669 juste
1973 2613 1974 2616 ¹

1143 2678 1336 2741 dissentienti
1351 2680 1413 2741 sint
1426 2679 1533 2741 invisae
1545 2699 1553 2752 ;
1566 2679 1606 2740 ab
1616 2677 1797 2759 Episcopali
1812 2675 1924 2751 etenim,
1972 2681 1974 2688 ’

1143 2768 1227 2848 quod
1241 2767 1359 2847 geritis,
1376 2784 1506 2828 munere
1528 2766 1659 2827 nimium
1683 2769 1767 2826 esset
1789 2764 1923 2836 alienum,
1972 2789 1974 2824 ;

1142 2855 1266 2916 facilem
1288 2853 1421 2933 praeberi
1445 2853 1522 2914 Filio
1552 2851 1775 2915 inobedientia
1804 2851 1925 2913 occasio
1972 2915 1974 2934 ‚

1142 2961 1238 3004 nem:
1264 2945 1312 3006 An
1333 2961 1384 3003 res
1407 2941 1447 3004 sit
1469 2941 1509 3002 de
1532 2940 1677 3002 Personis
1698 2937 1923 3014 Ecclesiasfieis,
1972 2943 1974 3008 l

1141 3033 1215 3094 licet
1228 3031 1259 3091 in
1273 3031 1444 3093 Minoribus
1465 3029 1633 3092 Ordinibus
1655 3029 1844 3106 constitutis,
1860 3029 1925 3088 Pen·
1972 3041 1974 3100 ζ

1142 3119 1246 3179 siones
1280 3121 1312 3180 et
1340 3117 1495 3180 Beneficia
1522 3116 1742 3179 Ecclesiastica
1770 3114 1925 3179 obtinenti·
1973 3135 1974 3180 1

1140 3207 1210 3283 bus,
1236 3210 1271 3267 ut
1294 3205 1484 3269 detestabilis
1507 3205 1632 3267 illorum
1651 3205 1788 3268 retentio
1809 3205 1841 3267 in
1854 3207 1924 3266 stato

1141 3298 1278 3358 Uxorato
1293 3294 1438 3373 congruis
1462 3293 1609 3354 remediis
1631 3296 1742 3371 postea
1755 3307 1925 3372 compescu-
1972 3323 1974 3372 J

1141 3387 1202 3445 tur.
1219 3383 1417 3445 Potissimum
1431 3401 1505 3445 vero
1521 3386 1609 3444 curet
1619 3384 1732 3445 Vestra
1746 3379 1923 3452 sollicitudo,
1973 3415 1974 3418 =

1141 3477 1310 3552 antequam
1331 3471 1441 3531 secreti
1465 3469 1653 3532 Matrimonii
1674 3469 1806 3532 licentia
1828 3483 1925 3530 conce
1972 3509 1974 3526 t

1140 3557 1243 3635 datur,
1261 3558 1344 3638 quod
1367 3557 1594 3620 Contrahentes
1618 3556 1713 3626 clara.
1739 3561 1771 3618 et
1794 3553 1923 3629 indubia,
1972 3561 1973 3566 ’

1141 3649 1173 3709 et
1186 3644 1328 3726 equoris
1350 3644 1461 3707 fraude
1483 3643 1637 3705 immunia
1657 3643 1830 3706 exhibeant
1843 3642 1925 3704 docu-
1972 3643 1974 3660 ²

1140 3737 1246 3794 menta
1272 3736 1371 3795 status
1398 3729 1509 3808 liberi,
1541 3729 1583 3791 ad
1606 3730 1816 3792 avertendum
1838 3729 1876 3791 ab
1894 3725 1926 3787 iis

1141 3820 1196 3900 qui
1209 3819 1342 3899 improbi
1366 3823 1438 3882 sunt
1451 3817 1579 3899 ingenii,
1600 3817 1792 3898 polygamiae
1815 3815 1926 3898 pericu·
1972 3901 1973 3904 Ἴ

1140 3909 1217 3970 lum.

1180 4019 1194 4056 n
1215 3997 1302 4070 Quod
1318 3995 1429 4058 attinet
1442 3995 1483 4058 od
1503 3995 1680 4058 Ministrum
1695 3994 1810 4058 secreti
1833 3989 1924 4057 Matri·

1139 4087 1248 4153 monii,
1265 4084 1420 4162 volumus,
1437 4084 1478 4146 ad
1498 4084 1530 4145 id
1545 4101 1661 4146 munus
1680 4083 1827 4164 deputari
1842 4085 1926 4144 Paro·
1972 4095 1973 4098 ’

1140 4175 1236 4236 chum
1250 4171 1377 4234 alterius
1391 4191 1430 4233 ex
1449 4171 1722 4250 Contrahentibus,
1740 4189 1836 4252 quem
1857 4167 1925 4232 noti·
1972 4187 1974 4260 ξ

1139 4262 1184 4325 tia
1211 4264 1437 4338 Personarum,
1468 4259 1680 4339 experientia,
1712 4263 1744 4320 et
1770 4259 1925 4322 diuturnus
1972 4269 1974 4304 ῑ

1139 4367 1245 4410 rerum
1269 4367 1344 4409 usus
1367 4348 1478 4428 quovis
1499 4347 1670 4411 Sacerdote
1692 4351 1843 4410 extraneo
1856 4341 1925 4425 peri·
1972 4367 1974 4452 q

1138 4437 1251 4499 tiorem
1270 4436 1408 4498 effecisse
1431 4439 1675 4515 praesumuntur.
1698 4433 1730 4497 si
1746 4453 1817 4515 quae
1831 4439 1924 4496 tameo
1972 4461 1974 4504 ς

1139 4525 1235 4589 Vobis
1259 4530 1426 4586 occurrant
1453 4524 1712 4600 circumstantie,
1743 4541 1815 4604 quae
1840 4521 1925 4584 alium

1140 4612 1342 4676 Sacerdotem
1364 4614 1434 4675 loco
1462 4612 1593 4675 Perochi
1616 4629 1786 4693 exposcere
1809 4609 1924 4674 videau-
1972 4597 1974 4682 l

1138 4705 1206 4773 tur;
1236 4700 1325 4778 gravi
1353 4700 1532 4779 impellente
1556 4717 1663 4776 causa,
1688 4699 1714 4759 is
1736 4698 1886 4762 Sacerdos
1909 4711 1925 4755 a
1972 4695 1974 4772 l

1139 4787 1235 4850 Vobis
1257 4787 1406 4867 eligatur,
1431 4788 1484 4868 qui
1508 4787 1664 4867 probitate
1681 4787 1876 4862 etdoctrina,
1899 4785 1924 4842 et
1972 4773 1974 4864 l

1140 4875 1275 4938 obeundi
1299 4877 1437 4937 muneris
1461 4876 1573 4955 peritia
1597 4876 1844 4938 commendetur.
1873 4869 1924 4934 oni

1139 4969 1244 5025 tamen
1260 4969 1314 5026 aut
1327 4964 1416 5026 alteri
1432 4965 1626 5027 Sacramenti
1641 4963 1783 5028 Ministro
1807 4982 1826 5024 a
1840 4957 1923 5024 Vobis

1140 5052 1320 5130 deputando
1335 5052 1474 5115 districte
1489 5052 1701 5132 precipiatur,
1718 5069 1758 5114 ne
1778 5049 1925 5114 tratum

1140 5139 1192 5200 nio
1207 5140 1338 5211 intersit,
1355 5139 1413 5201 nisi
1429 5140 1516 5218 prius
1529 5145 1662 5220 paterna
1684 5139 1836 5202 charitate
1854 5138 1925 5199 Cou-

1137 5227 1229 5307 juges
1258 5227 1288 5286 in
1319 5226 1451 5289 Domino
1479 5228 1661 5305 monuerit,
1691 5226 1838 5290 Sobolem
1863 5240 1924 5304 pro·

1140 5313 1309 5374 creandam
1332 5314 1513 5393 regenerari
1534 5313 1770 5395 quamprimum
1789 5316 1923 5392 oportere

1140 5405 1235 5463 Sacro
1252 5401 1450 5480 baptismatis
1463 5401 1608 5476 lavacro;
1630 5419 1667 5464 ac
1690 5401 1812 5464 Christo
1829 5396 1923 5462 ludici

1139 5489 1311 5552 districtam
1335 5489 1512 5554 reddituros
1534 5508 1601 5552 esse
1621 5490 1785 5568 rationem,
1803 5488 1860 5551 nisi
1879 5485 1923 5549 lli-
