3986 6350
570 572 622 635 DE
637 571 751 637 OFFIC
762 573 812 634 llS
831 567 1100 636 CONFESSARII.
1610 581 1668 643 lla

32 753 89 816 ullo
116 751 284 834 superiore
316 761 487 822 reservata.
516 760 555 821 lli
590 777 665 821 vero
699 757 817 820 trustra
872 773 933 818 non
948 756 1056 836 possit,
1074 761 1270 820 reservatum
1293 775 1356 820 nou
1381 759 1449 822 erit.
1467 761 1589 840 Duplex
1613 779 1668 823 au·

32 861 151 924 prorsus
164 849 411 924 reservarentur,
421 865 493 908 cum
504 848 589 909 nulla
602 850 672 928 lege
686 851 817 909 tenean-
871 847 935 906 tem
951 849 998 907 εει
1013 843 1143 906 dubium
1157 865 1164 907 :
1180 845 1266 908 aliud
1279 847 1364 924 tacti,
1386 848 1471 910 aliud
1492 850 1589 911 luris
1606 852 1667 911 Du·

32 935 78 989 tur
101 929 209 991 fideles
237 950 275 994 ea
301 935 448 996 Ecclesiae
477 935 618 997 clavibus
646 935 813 1016 subjicere.
870 932 958 992 bium
984 931 1057 994 facti
1093 937 1150 1010 est,
1180 953 1211 994 v.
1240 953 1272 1014 g.
1302 935 1327 996 si
1355 937 1512 1016 paenitens
1544 936 1668 999 dubitet

33 1013 353 1099 llinclieetiujuriosa
367 1020 467 1082 Patris
488 1026 543 1084 aut
565 1022 672 1085 Matris
690 1041 816 1103 percus·
871 1037 911 1080 an
939 1038 1012 1080 vere
1040 1021 1231 1084 commiserit
1259 1022 1344 1102 quod
1372 1043 1440 1085 esse
1468 1029 1667 1087 reservatum

32 1103 72 1163 sio
86 1103 123 1165 sit
138 1103 326 1184 quibusdam
340 1107 372 1168 in
387 1107 580 1170 Dioecesibus
594 1111 764 1186 reservata,
791 1107 815 1168 si
871 1109 956 1168 certo
972 1111 1112 1182 constat;
1130 1110 1180 1170 vel
1195 1128 1235 1170 an
1249 1110 1327 1172 illud
1342 1113 1463 1172 veniale
1478 1112 1571 1174 tuerit
1586 1112 1666 1172 dun·

33 1188 95 1268 quis
107 1193 213 1252 tamen
227 1194 353 1254 Patrem
367 1200 422 1256 aut
436 1196 569 1258 Matrem
582 1195 733 1277 injuriose
746 1215 817 1275 per·
870 1196 957 1254 taxat
970 1198 1026 1256 aut
1038 1195 1165 1272 lethale,
1181 1197 1230 1257 vel
1246 1215 1285 1256 an
1307 1197 1498 1261 sufficienter
1517 1218 1666 1261 consum·
1789 1255 1795 1267 .

32 1278 181 1356 cutieudo,
210 1281 312 1342 levem
340 1289 462 1345 tantum
490 1285 613 1365 culpam
642 1285 813 1362 admiserit,
870 1282 1012 1357 matum,
1041 1299 1082 1342 an
1110 1282 1301 1344 sufficienter
1328 1291 1512 1363 externum,
1543 1285 1666 1346 neone?

32 1383 79 1426 seu
99 1367 138 1428 ob
160 1368 318 1431 levitatem
341 1372 491 1441 materiae,
517 1393 571 1434 seu
595 1375 635 1436 ob
655 1375 815 1437 delectum
871 1367 1008 1429 Dubium
1041 1368 1121 1448 juris
1156 1375 1203 1431 est
1238 1391 1268 1432 v.
1308 1390 1339 1451 g.
1383 1373 1407 1434 si
1450 1372 1665 1435 confessarius

31 1454 432 1521 sullicientis‘advertentiae
458 1467 551 1542 atque
580 1479 761 1539 conserere,
790 1463 817 1523 is
871 1455 936 1534 ipse
955 1456 1076 1518 dubitet
1098 1476 1138 1519 an
1158 1465 1321 1537 peccatum
1337 1462 1421 1540 quod
1437 1462 1535 1538 audit,
1552 1462 1592 1522 sit
1615 1481 1665 1522 re·

32 1541 58 1601 iu
71 1546 312 1607 reservationem
328 1565 389 1608 non
405 1549 556 1611 incurret.
573 1551 692 1611 Deinde
712 1549 817 1628 requi-
871 1541 938 1621 ipsa
960 1543 1041 1605 inter
1065 1551 1224 1608 reservata
1248 1548 1451 1625 censendum,
1469 1549 1543 1629 quia
1562 1568 1664 1612 reser-

32 1629 102 1690 rilnr
115 1634 149 1690 ut
164 1636 329 1708 peccatum
350 1633 391 1696 sit
414 1639 589 1715 externum,
608 1638 682 1716 quia
699 1638 817 1716 pariter
870 1631 953 1693 vatio
968 1631 1071 1693 verbis
1086 1633 1255 1711 aequivocis
1269 1639 1317 1697 est
1336 1642 1500 1714 concepta,
1518 1655 1575 1698 uec
1589 1656 1666 1698 vera

34 1717 84 1778 etsi
106 1725 237 1798 peccata
257 1739 343 1782 mere
363 1721 485 1786 interna
505 1725 659 1786 reservari
674 1726 815 1786 absolute
871 1719 1012 1799 subjecta
1034 1721 1188 1783 sententia
1210 1722 1402 1801 deprehendi
1424 1724 1486 1785 ullo
1502 1725 1596 1786 modo
1611 1742 1666 1803 po·

33 1806 154 1883 possint,
180 1826 340 1889 nunquam
368 1815 473 1874 tamen
501 1817 710 1876 reservantur.
736 1813 816 1874 Hinc
870 1812 949 1880 test3
974 1825 1037 1868 non
1060 1813 1166 1869 tamen
1188 1809 1214 1870 si
1238 1811 1360 1872 dubitet
1383 1831 1423 1873 an
1446 1831 1537 1873 casus
1556 1813 1665 1894 hujus-

33 1893 91 1954 sola
109 1895 256 1957 voluntas
279 1903 444 1975 peccatum
466 1901 593 1980 aliquod
623 1904 815 1964 reservatum
870 1895 954 1956 modi
978 1895 1010 1957 in
1034 1903 1266 1959 reservatorum
1289 1899 1395 1960 iudice
1410 1900 1451 1960 sit
1468 1905 1575 1978 aperte
1590 1920 1666 1963 con-

33 1981 221 2061 admittendi,
252 1985 309 2046 etsi
333 1986 457 2049 lethalis
484 1989 534 2065 sit,
564 1994 724 2051 reservata
753 2006 814 2048 non
870 1982 1013 2061 scriptae,
1044 1984 1130 2064 quod
1157 1985 1207 2045 vel
1236 1986 1325 2047 illum
1353 2005 1415 2048 non
1444 1988 1519 2048 satis
1546 1993 1664 2051 attente

33 2073 82 2144 est,
97 2068 154 2129 nisi
169 2070 201 2130 in
216 2071 351 2151 aliquem
375 2080 480 2137 actum
505 2080 668 2139 externum
692 2075 814 2156 prodie-
869 2071 990 2150 legerit,
1002 2072 1053 2133 vel
1067 2076 1151 2134 certe
1167 2074 1252 2152 quod
1268 2074 1319 2136 hio
1334 2079 1365 2136 et
1380 2095 1463 2137 nuno
1477 2095 1539 2137 non
1554 2077 1664 2137 memi-

32 2158 75 2218 ιιι.
97 2157 155 2220 Ubi
179 2159 409 2223 observandum
431 2167 479 2226 εει
492 2165 669 2246 diligenter,
687 2171 721 2228 ut
745 2163 815 2243 quis
871 2159 970 2233 nerit;
995 2177 1069 2221 nam
1084 2161 1214 2221 dubium
1229 2162 1314 2223 istud
1329 2163 1418 2224 facile
1441 2169 1544 2242 potest
1557 2165 1664 2226 Indice

32 2263 61 2306 se
84 2249 212 2325 peceato
240 2255 399 2312 reservato
428 2251 618 2332 obstringat,
648 2253 723 2314 eatis
751 2269 814 2312 non
870 2245 984 2307 iterum
998 2247 1139 2308 consulto
1154 2247 1280 2326 deponi.
1299 2249 1388 2310 Ratio
1404 2255 1509 2312 autem
1524 2251 1612 2312 istius
1626 2271 1663 2313 ac

33 2333 277 2394 esseseoundum
289 2335 341 2416 jus
356 2340 569 2416 commune,si
585 2339 815 2419 culpamletba-
870 2333 1045 2411 Superioris
1068 2335 1297 2398 observationis
1318 2337 1435 2416 passim
1459 2338 1499 2399 ab
1518 2340 1662 2401 Auctari-

33 2421 86 2480 lem
107 2423 243 2484 exterius
275 2424 380 2504 reipsa
403 2429 588 2505 committat,
618 2429 673 2488 sed
696 2425 813 2506 requiri
869 2418 928 2481 bus
951 2421 1119 2500 assignata,
1144 2441 1182 2483 ea
1209 2423 1263 2484 illo
1290 2424 1464 2486 desumitur
1491 2426 1660 2506 Principio,

33 2509 150 2589 insuper
173 2515 208 2572 ut
230 2513 318 2573 actus
341 2513 392 2574 ille
417 2521 564 2576 externus
581 2516 687 2596 gravis
710 2535 767 2596 per
780 2535 813 2576 se
869 2509 954 2586 quod
968 2508 999 2568 in
1014 2515 1147 2589 utroque
1166 2511 1238 2591 jure
1253 2513 1359 2572 locum
1372 2512 1487 2574 habet:
1507 2512 1581 2576 Odia
1594 2524 1663 2576 sunt

33 2594 74 2656 sit.
96 2600 176 2658 Nam
196 2599 221 2658 si
246 2599 322 2660 levis
341 2605 475 2678 tantum,
506 2604 564 2664 etsi
582 2607 745 2683 peecatum
769 2603 815 2662 le-
869 2597 1081 2678 restriuqeuda.
1107 2601 1216 2680 ltaque
1242 2619 1314 2662 cum
1336 2602 1507 2663 reservatio
1531 2621 1582 2662 res
1604 2621 1662 2682 per

33 2683 105 2745 tbale
116 2685 231 2747 evadat
245 2686 319 2766 quia
329 2705 366 2748 er
381 2691 540 2752 voluntate
555 2692 711 2754 lethaliter
721 2693 814 2753 noxia
869 2703 901 2744 se
926 2685 1034 2746 odiosa
1055 2686 1095 2746 sit
1119 2686 1290 2768 (restringit
1304 2689 1387 2748 enim
1406 2689 1590 2751 absolvendi
1604 2709 1662 2769 po-

35 2772 201 2851 prolectus,
232 2792 295 2835 non
324 2781 491 2856 propterea
518 2797 608 2841 casus
635 2782 813 2841 reservatus
868 2773 1036 2853 testatem),
1066 2775 1182 2852 stricte,
1213 2777 1317 2856 quoad
1345 2777 1411 2838 sieri
1435 2782 1549 2856 potest,
1579 2779 1660 2839 sumi

34 2859 83 2922 erit
104 2861 290 2922 censendus.
314 2863 393 2924 nine
417 2865 443 2925 si
465 2866 534 2945 quis
558 2869 724 2947 intemplo
746 2885 814 2929 rem
868 2860 978 2934 denec
1005 2862 1064 2924 hoc
1087 2867 1143 2941 est,
1169 2863 1286 2927 debent
1308 2865 1406 2925 verua
1420 2864 1534 2945 quihus
1554 2866 1660 2928 conai-

34 2947 149 3009 Sacram
166 2949 242 3010 levis
257 2953 406 3012 momenti
422 2953 542 3014 furetur
556 2958 655 3033 ratae,
667 2975 812 3018 eamesse
867 2949 961 3027 bitur,
978 2951 1150 3013 secundum
1172 2952 1334 3032 propriam
1357 2957 1389 3015 ei
1403 2953 1542 3015 strictam
1564 2954 1659 3032 signi·

33 3035 202 3113 pretiosam,
219 3040 330 3116 pecoat
353 3039 403 3099 ille
427 3040 555 3120 quidem
577 3044 725 3122 graviter,
749 3065 812 3107 non
866 3037 1045 3097 ficabouem
1058 3038 1204 3118 intelligi;
1215 3044 1246 3099 et
1260 3057 1331 3100 cum
1346 3057 1456 3100 seusus
1471 3039 1584 3102 dubius
1599 3045 1657 3119 est,

34 3126 125 3184 umen
152 3127 318 3202 peccatum
339 3131 533 3188 reservatum
561 3130 707 3209 admittit,
738 3133 812 3212 quia
867 3123 898 3183 in
909 3128 1031 3202 partem
1045 3125 1262 3204 benigniorem
1276 3127 1387 3206 accipi·

34 3211 152 3272 materia
168 3211 242 3273 furti
256 3231 313 3291 per
326 3231 359 3274 εε
374 3218 495 3276 tantum
511 3221 559 3279 εει
572 3218 660 3295 levis,
678 3238 735 3280 nec
752 3220 811 3281 nisi
905 3215 978 3274 lam
1005 3220 1149 3293 superest
1175 3214 1345 3277 dicendum
1373 3216 1411 3276 de
1440 3215 1488 3291 iis,
1519 3234 1590 3295 quae
1617 3218 1658 3278 ad

35 3313 66 3356 ex
78 3299 227 3360 accidenti
243 3300 400 3382 objectum
415 3304 535 3381 peccati
552 3305 687 3384 lethalis,
703 3307 811 3368 volun·
866 3299 950 3379 ipsos
965 3308 1165 3380 peccatorum
1181 3321 1252 3364 reos
1276 3307 1419 3383 spectant
1435 3323 1443 3377 ;
1466 3304 1534 3365 bare
1553 3309 1658 3367 autem

34 3387 87 3445 tale
100 3387 218 3448 scilicet
230 3387 387 3450 lethaliter
401 3407 510 3467 prava.
865 3387 973 3466 paucis
988 3389 1221 3468 quaestiunculis
1238 3390 1359 3452 facilius
1372 3392 1583 3454 absolventur.

66 3473 199 3534 lardum
214 3479 261 3536 est
276 3478 309 3536 ut
322 3481 486 3554 peccatum
501 3479 541 3541 sit
559 3479 811 3544 consummatum
907 3475 1015 3550 Quart.
1034 3480 1082 3538 15.
1098 3511 1138 3522 -
1151 3478 1199 3538 An
1212 3480 1268 3558 qui
1280 3487 1405 3559 peccunt
1418 3479 1590 3560 lucerantes
1612 3501 1659 3542 re-

34 3557 266 3640 incuratione,
291 3565 350 3624 sub
373 3584 436 3646 qua
463 3573 651 3631 reservatur.
678 3573 756 3632 Nam
785 3573 809 3632 si
864 3564 1067 3642 remotionen,
1097 3565 1147 3626 illi
1172 3565 1267 3627 nihilo
1295 3575 1391 3630 tomen
1412 3569 1510 3630 micus
1530 3569 1592 3630 stat
1613 3570 1659 3632 ob

34 3651 174 3710 bntetum
196 3652 348 3714 duntaxat
365 3654 460 3717 fuerit
477 3661 532 3716 aut
552 3657 745 3734 inchoatum,
763 3676 810 3718 re·
864 3651 980 3712 novit?

34 3739 178 3798 aueum
200 3756 264 3799 non
285 3739 363 3812 erit;
389 3740 483 3822 idque
504 3745 677 3822 praesertim
705 3745 810 3805 locum
906 3741 1085 3818 Respllsse
1100 3739 1302 3802 reservationi
1317 3745 1353 3803 ut
1371 3741 1541 3821 plurimum
1562 3745 1658 3806 obno-

35 3821 117 3886 babet
129 3826 160 3886 in
175 3827 313 3906 peccatis
327 3828 458 3891 luxuriae
474 3848 482 3904 3
507 3830 592 3910 quod
612 3832 687 3893 satis
710 3832 750 3894 sit
764 3832 810 3892 in·
864 3825 945 3898 vios;
963 3826 1060 3905 quia:
1081 3830 1109 3888 l.
1127 3829 1307 3890 Reservatio
1318 3847 1414 3910 poena
1428 3848 1490 3890 nou
1506 3835 1562 3907 est,
1581 3833 1657 3911 quin

35 3909 151 3976 dieasse.
173 3917 283 3996 Itaque
307 3915 332 3976 si
354 3917 424 3995 quis
444 3919 589 3996 rusticus,
615 3940 645 3981 v.
662 3941 693 4001 g.
719 3920 808 4000 cujus
864 3917 1016 3992 praeterea
1030 3933 1091 3976 non
1107 3915 1247 3977 incurret
1261 3934 1332 3977 eam
1355 3917 1523 3996 ignorans;
1540 3919 1658 3982 sedeat

35 4015 135 4076 pecora
160 4004 272 4064 morbo
304 4004 472 4084 laborant,
502 4010 640 4070 vetulam
668 4010 809 4070 consulat
864 4001 1034 4080 duntaxat,
1051 4007 1086 4065 ut
1108 4003 1310 4082 dictumluit,
1335 4006 1570 4068 iurisdictionis
1593 4027 1657 4069 res·

35 4103 116 4164 quam
138 4090 225 4150 novit
247 4109 315 4152 esse
335 4091 529 4172 magicarum
544 4095 741 4158 curationum
756 4115 808 4174 pc·
863 4089 965 4152 irictio
985 4091 1025 4152 ob
1049 4093 1252 4154 commodum
1278 4092 1456 4170 publicum
1474 4099 1510 4156 ui
1537 4094 1656 4158 scilicet

35 4173 124 4254 ιιιειιι,
150 4177 190 4238 ab
211 4196 311 4257 eaque
328 4181 436 4242 audiat
450 4181 525 4261 quid
546 4184 605 4244 sibi
620 4203 698 4263 opus
712 4185 806 4262 factu,
862 4177 971 4238 fideles
997 4197 1018 4239 a
1048 4181 1185 4258 peccatis
1220 4180 1400 4260 hujusmodi
1429 4183 1596 4245 reservatis
1623 4186 1655 4246 in

35 4265 63 4323 ut
75 4265 234 4326 medeatur
247 4266 430 4346 pecoribus3
447 4273 515 4331 tum
529 4270 643 4332 herbas
658 4272 805 4352 inquirat,
862 4269 1022 4345 posterum
1037 4268 1272 4330 absterreantur
1293 4269 1362 4348 ipsa
1377 4270 1578 4348 Superiorem
1601 4274 1655 4335 ad-

35 4365 135 4432 eesque
149 4353 208 4414 rite
222 4357 330 4433 paret3
349 4355 404 4417 sed
417 4357 489 4419 laeti
512 4360 668 4438 poenitens
682 4360 732 4422 vel
747 4360 809 4420 alia
863 4353 956 4414 eundi
985 4355 1180 4431 necessitate,
1207 4359 1301 4434 atque
1323 4355 1402 4418 adeo
1427 4357 1543 4438 injecta
1565 4361 1655 4423 abso·

35 4435 67 4498 de
90 4457 182 4502 eausa
203 4459 267 4504 non
294 4443 453 4521 adhibeat,
483 4463 591 4507 casum
614 4452 808 4510 reservatum
861 4440 1013 4503 lutionem
1027 4443 1187 4504 obtinendi
1203 4443 1503 4518 difficultateouiu:
1520 4451 1655 4511 hcous-

35 4541 86 4586 uon
100 4529 249 4608 admittet,
265 4531 339 4610 quia
356 4532 504 4594 delictum
526 4552 588 4596 non
612 4553 808 4598 eonsumma-
862 4533 923 4592 stat
937 4547 1028 4608 posse
1039 4530 1097 4591 rite
1112 4536 1143 4591 et
1154 4531 1266 4593 merito
1277 4533 1428 4595 reservari
1445 4538 1575 4613 peccata
1587 4537 1654 4616 jam

34 4612 80 4675 vit.
99 4619 169 4679 llaec
191 4623 296 4681 tamen
319 4621 411 4682 tertia
432 4623 608 4684 observatio
627 4625 729 4686 locum
755 4643 807 4686 ne-
861 4618 983 4699 pridem
1006 4619 1182 4696 commissa,
1207 4621 1263 4682 sed
1287 4621 1427 4682 nondum
1450 4623 1654 4686 sacramento

34 4715 177 4785 quaquam
199 4707 340 4785 haberet,
364 4709 389 4769 si
414 4711 601 4789 oppositum.
620 4714 808 4774 lteservator
862 4706 1070 4769 confessionis
1094 4707 1241 4786 expiata3
1266 4712 1360 4788 atque
1386 4710 1431 4771 ita
1451 4711 1552 4772 solent
1576 4730 1655 4772 non-

34 4787 142 4855 disertis
160 4795 265 4858 verbis
279 4797 516 4876 significaretur,
534 4805 569 4860 ut
587 4801 690 4879 reipsa
711 4801 808 4880 signi·
861 4813 1023 4874 nunquam
1044 4795 1178 4872 Praelati,
1202 4814 1274 4858 oum
1295 4797 1428 4860 audiunt
1455 4797 1575 4858 lacinus
1597 4799 1654 4860 ali-

34 4871 130 4940 haur
155 4881 186 4944 in
214 4902 288 4945 casu
317 4886 396 4946 bene
425 4887 530 4949 multis
553 4888 585 4948 in
612 4889 806 4952 Dioecesibus
862 4883 946 4962 quod
969 4883 1178 4943 ostensionem
1203 4883 1324 4947 habens
1344 4904 1406 4947 nou
1429 4885 1590 4964 vulgarem
1620 4886 1652 4945 in

34 4974 185 5048 reservato,
210 4972 262 5053 qui
287 4977 334 5036 est
348 4974 387 5034 de
399 4977 610 5065 procuratione
623 4977 740 5038 abortu
752 4978 805 5058 [ω.
859 4969 992 5031 Dioeoesi
1006 4989 1063 5032 sua
1077 4975 1302 5050 perpetratum,
1313 4973 1389 5034 illud
1399 4973 1457 5034 sibi
1472 4990 1648 5033 reservare.

34 5045 71 5104 tva
87 5049 215 5130 animati,
240 5061 302 5114 tam
324 5053 494 5134 inanimati,
518 5056 605 5117 etium
624 5057 727 5135 ellectu
747 5077 806 5118 noa
860 5054 927 5116 Dixi
946 5059 1051 5118 autem
1065 5056 1246 5136 ignorantes
1260 5059 1505 5120 reservationem
1524 5074 1592 5117 esse
1608 5057 1651 5117 illi

33 5143 123 5198 earo.
144 5143 245 5218 Atque
269 5141 349 5204 adeo
371 5143 445 5206 licet
471 5161 533 5205 non
558 5150 802 5225 consummetur,
860 5142 1084 5222 utplurimum
1105 5142 1267 5221 obnoxios,
1293 5146 1367 5226 quia
1390 5145 1415 5206 si
1435 5161 1524 5222 casus
1538 5141 1651 5220 aliquis

33 5219 251 5290 sustentetur
265 5228 426 5308 duntaxat,
438 5231 801 5312 subjacetreservationi.
859 5247 921 5292 non
936 5231 1056 5293 ratione
1071 5231 1130 5306 sui,
1146 5232 1202 5292 sed
1217 5235 1338 5294 tantum
1353 5233 1394 5295 ob
1409 5245 1562 5293 annexam
1576 5245 1651 5288 cen-

66 5309 207 5380 drauum
221 5315 356 5396 denique
376 5322 423 5381 εει
436 5323 471 5380 ut
485 5326 649 5398 peccatum
665 5321 703 5384 sit
718 5325 804 5383 certo
858 5338 965 5383 suram
988 5325 1165 5383 reservatus
1189 5319 1248 5398 sit,
1276 5341 1347 5384 oum
1371 5321 1518 5400 ignorans
1541 5331 1650 5376 oonsu-

34 5405 219 5465 ltservatum.
244 5407 323 5466 Nam
344 5406 370 5468 si
394 5407 518 5470 dubites
545 5427 585 5470 an
608 5415 803 5472 reservatum
857 5427 936 5485 ram,
963 5425 1025 5470 non
1050 5426 1120 5470 eam
1143 5409 1319 5488 contrahat,
1344 5427 1401 5472 neo
1420 5403 1649 5488 pariterreser·

35 5477 76 5562 tit,
90 5485 261 5569 hujusmodi
276 5493 384 5573 dubio,
403 5496 488 5575 quod
501 5496 674 5576 prudenter
687 5497 801 5577 deponi
857 5494 1017 5562 rationem
1031 5495 1206 5560 contrahet.
