3974 6348
273 435 334 496 310

275 616 516 688 consentientes,
537 635 594 680 suo
614 615 739 678 nomine
760 615 876 678 factam
890 612 1068 684 ratihaben-

275 712 339 785 tes‚
355 725 419 770 non
441 706 664 786 impedientes,
681 705 792 766 saltem
805 703 832 765 si
846 722 884 764 ex
899 702 1001 765 officio
1016 704 1071 763 aut

273 795 395 877 justitia
408 799 585 871 teneantur,
598 798 632 858 ut
648 797 759 874 Reges,
779 795 796 857 J
800 792 906 854 udices
921 794 953 854 et
966 789 1070 852 caeteri

278 883 476 964 Superiorem
488 884 689 963 itempetres,
700 886 821 944 tutores
836 878 1072 958 1111111111-

277 971 321 1049 gi,
337 970 480 1048 Parochi,
497 975 555 1032 eto.
573 970 687 1050 quibus
703 970 837 1032 aliorum
851 983 928 1030 cura
942 967 1073 1028 deman-

278 1059 354 1120 data
375 1063 432 1120 est.
455 1060 502 1122 lla
515 1061 625 1137 Laym.
652 1057 707 1119 lt'lr.
725 1062 753 1140 1,
776 1067 799 1120 1.
814 1061 846 1134 5,
856 1075 891 1138 p.
911 1060 942 1133 2,
958 1075 1023 1137 cup.
1040 1057 1071 1130 5,

278 1166 310 1208 n.
326 1149 363 1218 6;
387 1148 465 1208 Bon.
489 1145 519 1208 d.
540 1151 570 1223 1,
587 1153 691 1227 quest.
717 1147 747 1222 3,
759 1165 794 1228 p.
811 1149 841 1206 6.
864 1145 925 1223 92,
942 1163 1024 1205 num.
1040 1146 1071 1218 8,

280 1252 318 1296 ex
331 1235 404 1296 Mol.
420 1243 474 1296 etc.
490 1253 594 1296 comm.

292 1385 295 1390 ,
319 1344 332 1380 n
352 1322 431 1399 Dixi,
447 1322 561 1392 saltem,
579 1326 638 1384 etc.
655 1322 735 1396 Quia
748 1322 773 1384 si
789 1340 825 1384 ex
841 1322 992 1384 charitate
1008 1322 1075 1382 tan·

280 1415 349 1480 tum
362 1416 540 1488 teneantur,
566 1412 660 1474 etiam
683 1411 946 1473 excommunicari
961 1409 1076 1471 docent

280 1498 371 1563 Scor.
389 1497 486 1582 Cojet.
503 1500 579 1561 Fill.
598 1500 707 1562 Media.
723 1501 814 1582 Soyr.
831 1505 890 1561 etc.
907 1501 1025 1560 Verum
1044 1495 1075 1556 id

281 1589 474 1668 probabilius
488 1593 605 1670 negant
618 1589 696 1650 Don.
715 1589 769 1651 loe.
786 1589 835 1648 cit.
852 1606 890 1648 ex
904 1589 981 1648 Nar.
994 1587 1073 1646 lion.

283 1680 360 1757 lleg.
377 1678 506 1759 llenriq.
523 1679 630 1740 Molin.
647 1683 707 1740 etc.

324 1788 339 1824 n
365 1765 484 1829 Dicitur
498 1768 536 1828 ll.
560 1764 729 1834 Clamorem,-
743 1784 804 1848 quo
824 1763 950 1826 nomine
965 1759 1078 1824 intelli·

305 1856 368 1918 itur
391 1855 492 1914 omnis
516 1855 616 1935 prima
644 1857 756 1917 saltem
782 1858 912 1915 tonsura
939 1851 1078 1913 initiatus

283 1876 418 2016 ietiamsi
432 1935 619 2015 conjugatus
634 1934 804 1997 dummodo
820 1951 891 1995 cum
907 1931 1000 1993 unica
1016 1930 1078 1990 rir-

284 2023 381 2104 gine)‚
411 2020 436 2083 si
460 2022 581 2084 delerat
608 2023 751 2087 habitum
779 2021 957 2101 serviatque
985 2017 1079 2082 alicui

285 2109 450 2183 Dcclosioe;
470 2111 548 2172 item
569 2111 665 2172 etiam
686 2109 989 2185 excommunicatus,
1014 2125 1080 2168 sus·

286 2214 413 2280 pensus,
425 2198 621 2274 interdictus,
633 2197 825 2278 degradatus
835 2197 1005 2260 verbaliter
1013 2200 1080 2259 tan-

286 2293 366 2352 tum.

327 2399 342 2434 n
361 2375 481 2438 Dicitur
494 2375 547 2438 111.
569 2375 745 2438 Monachum
757 2399 768 2446 ,·
781 2375 919 2456 intellige
938 2374 1082 2456 quamvis

288 2465 481 2544 religiosum,
507 2464 601 2526 etiam
622 2466 749 2544 laicum,
775 2483 972 2541 conversum,
994 2461 1083 2524 novi-

288 2553 378 2624 tium,
395 2553 557 2634 utriusque
572 2571 664 2614 sexus
680 2574 688 2626 ;
705 2554 780 2616 item
794 2553 963 2616 'l'crtiaries
978 2553 1010 2614 S.
1023 2554 1083 2612 Do-

288 2640 407 2719 minici,
424 2643 457 2706 S.
473 2642 642 2719 Francisci,
658 2642 685 2704 si
697 2647 821 2722 gestent
835 2642 975 2704 habitum
994 2643 1025 2702 et
1038 2638 1083 2698 ri-

290 2734 366 2792 vant
380 2729 412 2791 in
427 2729 651 2792 communitate
667 2750 676 2804 ς
696 2732 771 2793 item
790 2730 944 2792 Dremitas
960 2727 1083 2809 subjec-

289 2823 339 2883 tos
353 2818 444 2880 111111
460 2819 587 2897 Regula
601 2819 651 2880 rel
666 2818 838 2899 Superiori.

331 2927 346 2965 o
364 2907 483 2970 Dicitur
497 2909 548 2969 lV.
567 2907 672 2969 Munus
684 2908 820 2992 injecerit
835 2927 845 2969 .·
859 2925 917 2989 per
931 2905 1015 2989 quod
1036 2905 1084 2966 in-

292 2994 442 3075 telligitur
459 2995 577 3078 quavis
598 2997 824 3059 contumeliosa
847 2997 928 3059 actio
950 2993 1085 3057 exterior

293 3084 434 3148 mortalis
448 3083 533 3146 circa
546 3085 656 3148 Clerici
679 3103 846 3167 personam
860 3085 910 3147 vel
925 3103 975 3145 res
989 3083 1017 3145 ci
1032 3082 1086 3144 ad-

294 3172 459 3248 haerentes,
475 3171 541 3232 sive
554 3173 610 3234 ilat
623 3189 728 3249 manu,
746 3173 811 3234 sive
825 3173 949 3249 baculo,
965 3170 1083 3252 gladio,

295 3265 355 3322 etc.
371 3259 449 3321 Bon.
464 3266 532 3322 rect.
550 3263 578 3337 1,
594 3259 656 3340 gl.
673 3257 727 3322 Er:
740 3257 825 3322 dietis
842 3259 1028 3322 resolvantur
1044 3275 1088 3318 ae-

294 3355 411 3430 quenter
423 3347 535 3409 Corus:

336 3459 350 3494 n
369 3438 394 3499 Ι.
410 3439 498 3497 llanc
516 3437 1039 3502 excommunicationemincurrit:
1057 3439 1085 3496 1.

298 3525 356 3602 011
370 3525 466 3588 talem
480 3527 635 3606 conspuit,
645 3529 825 3610 conspergit
838 3547 932 3610 aqua,
945 3527 1085 3608 pulvere,

298 3617 486 3693 conspurcat
506 3612 584 3692 luto,
608 3616 713 3678 evellit
733 3617 863 3694 crinem,
886 3615 1005 3678 lacerat
1018 3633 1090 3675 ves-

298 3713 383 3784 tem,
405 3704 497 3786 eripit
517 3705 636 3788 aliquid
657 3727 714 3789 per
739 3709 804 3771 vim
827 3713 858 3772 et
884 3709 1032 3789 injuriam
1051 3708 1090 3769 de

299 3793 367 3875 ejus
381 3811 524 3874 corpore,
541 3813 571 3856 v.
588 3813 620 3874 g.
638 3795 776 3875 pilleum,
793 3797 935 3878 pallium,
955 3802 1029 3874 etc,
1048 3795 1091 3857 ita

298 3889 334 3946 ut
348 3881 429 3945 actio
450 3882 491 3944 sit
512 3883 652 3962 graviter
672 3883 834 3965 injuriosa,
857 3887 936 3948 Don.
959 3883 1014 3945 loc.
1039 3883 1088 3945 cit.

298 3975 409 4051 Laym.
434 3989 465 4033 n.
490 3973 520 4035 5.
546 3971 650 4045 1.ουί
670 3973 838 4052 concludit,
863 3978 919 4036 aut
940 3973 1093 4035 violenter

299 4060 420 4123 detinet
433 4077 560 4122 carcere
581 4054 631 4123 vel
654 4061 735 4139 loeo,
757 4063 841 4123 unde
856 4063 923 4125 sine
938 4062 1092 4124 dedecore

301 4165 363 4210 non
382 4151 485 4228 potest
498 4148 593 4210 exire.
610 4146 690 4210 Ibid.
707 4152 737 4211 3.
755 4149 813 4223 Qui
828 4150 1037 4231 persequitur,
1059 4154 1094 4209 ut

301 4239 333 4299 in
347 4239 464 4299 ilumen
486 4237 536 4299 vel
559 4237 675 4299 lossam
695 4237 823 4316 incidat,
845 4257 925 4320 equo
949 4238 1091 4314 decidat,

302 4333 361 4392 etc.
386 4325 465 4388 Ibid.
490 4331 520 4388 1.
543 4327 600 4400 Qui
627 4345 741 4389 manus
768 4328 920 4391 violentas
941 4325 1042 4409 injicit
1061 4327 1094 4386 in

302 4433 430 4497 equum,
447 4413 496 4476 cui
510 4415 537 4474 is
550 4414 674 4493 insidet,
691 4417 876 4496 occidendo,
886 4415 1092 4492 vulnerando,

302 4503 463 4580 credendo,
480 4501 617 4564 sistendo
636 4521 694 4583 per
706 4504 851 4583 fraenum,
872 4523 942 4586 quae
963 4503 1096 4567 1111111-

303 4592 354 4651 cet
367 4589 408 4652 sit
419 4589 497 4652 levis
511 4595 656 4671 respectu
670 4595 820 4672 corporis,
838 4612 900 4655 non
914 4598 1019 4658 tamen
1034 4611 1098 4654 res·

304 4683 398 4760 pectu
413 4677 552 4740 honoris.
570 4679 685 4743 11115.
699 4681 757 4754 Qui
772 4681 890 4764 aliquid
904 4683 1097 4762 supradicto·

304 4785 375 4831 rum
396 4767 481 4845 iacit,
507 4767 603 4830 etlam
623 4770 742 4834 Clerico
766 4773 990 4850 consentiente,
1009 4771 1098 4834 dum·

305 4857 400 4919 modo
423 4857 463 4918 sit
485 4855 672 4938 injuriosum
690 4859 792 4921 ordini
809 4859 961 4923 clericali.
986 4863 1095 4940 Laym.

306 4945 475 5008 1111116.
493 4945 639 5024 Clericus,
657 4947 682 5008 si
706 4947 844 5030 seipsum
858 4967 897 5010 ex
915 4947 1036 5010 malitia
1048 4947 1099 5008 vel

305 5033 451 5116 passione
466 5035 568 5115 (secus
582 5035 610 5112 si
623 5053 661 5098 ex
674 5035 865 5116 devotione),
881 5035 1038 5116 percutiat
1051 5034 1100 5096 in-

304 5125 440 5208 juriose;
456 5127 565 5206 Laym.
583 5123 639 5186 loc.
656 5125 704 5186 cit.
722 5143 760 5187 ex
774 5127 851 5187 Nar.
868 5129 898 5185 7.
917 5123 974 5198 Qui
989 5141 1100 5204 porcu-

307 5215 346 5278 tit
367 5213 522 5277 clericum
544 5213 639 5276 etiam
662 5213 820 5291 meritum,
837 5213 861 5274 si
885 5213 951 5290 fiat,
972 5212 1021 5275 vel
1043 5229 1100 5293 per

309 5319 475 5384 quemnon
491 5301 595 5379 debet,
613 5306 647 5364 ut
660 5302 685 5364 si
705 5305 804 5364 morte
821 5301 935 5381 dignus
952 5300 1101 5381 puniatur

311 5407 330 5458 a
352 5389 462 5452 Judice
481 5389 633 5468 saeculari,
659 5391 709 5452 vel
732 5391 826 5456 modo
846 5389 964 5468 illicito,
985 5397 1019 5452 ut
1038 5390 1063 5452 si
1083 5409 1102 5454 a

994 423 1112 491 elenu
1132 423 1199 490 Vll.

1124 611 1256 674 Praelato
1271 613 1422 694 puniatur
1434 633 1492 694 per
1505 614 1632 692 laicum,
1649 617 1725 678 Bon.
1741 617 1793 676 loc.
1808 617 1850 676 cil.
1863 635 1892 678 ex

1125 703 1203 762 Nau.
1230 703 1321 781 Sayr.
1343 703 1434 765 Suar.
1457 704 1525 766 Fill.
1551 707 1631 766 lion.
1657 709 1716 768 etc.
1737 708 1774 768 V.
1801 709 1892 784 leym.

1124 808 1190 872 cup.
1211 793 1241 852 5.

1165 900 1179 936 u
1199 879 1236 939 11.
1256 881 1325 940 Non
1340 878 1490 942 incurrit:
1507 882 1531 942 l.
1545 883 1617 960 Fur,
1635 880 1688 964 qui
1703 881 1783 943 clam
1795 878 1898 942 abscin-

1127 964 1173 1026 dit
1187 983 1380 1046 crumenam,
1396 969 1446 1030 vel
1468 972 1587 1031 vestem
1602 970 1683 1031 tollit
1696 969 1826 1045 Clerico,
1840 968 1901 1048 quie

1128 1059 1252 1114 nonest
1274 1056 1355 1118 actio
1370 1055 1518 1134 violenta,
1539 1057 1595 1118 sed
1609 1056 1815 1132 fraudulenta,
1834 1057 1900 1117 Bon.

1129 1140 1183 1202 loe.
1200 1142 1253 1204 cit.
1270 1145 1299 1206 1.
1314 1144 1345 1206 Si
1361 1145 1521 1224 percussio
1536 1145 1576 1208 sit
1585 1145 1697 1227 jocosa
1706 1145 1754 1206 vel
1768 1143 1902 1222 casualis,

1128 1247 1159 1291 v.
1176 1249 1209 1310 g.
1230 1231 1255 1291 si
1271 1231 1392 1312 J'snitor
1412 1235 1462 1296 vel
1485 1235 1647 1314 apparitor
1668 1235 1792 1297 turbam
1810 1249 1905 1294 arcens

1128 1319 1285 1398 percutiat
1306 1321 1485 1397 Clericum3
1511 1324 1587 1385 item
1610 1324 1636 1384 si
1659 1323 1747 1403 pueri
1771 1322 1907 1384 habentes
1933 1351 1934 1354 ¹

1129 1406 1264 1485 primam
1278 1411 1441 1470 tonsuram
1454 1427 1487 1470 se
1502 1411 1617 1490 pugnis
1635 1411 1820 1490 percutiant,
1839 1411 1905 1472 Don.

1131 1495 1186 1556 loc.
1203 1496 1252 1557 rit.
1270 1497 1390 1559 exlilol.
1403 1498 1472 1559 Dill.
1488 1501 1569 1561 llon.
1586 1501 1645 1562 etc.
1657 1519 1664 1573 ;
1677 1499 1750 1561 item
1762 1497 1787 1560 si
1798 1515 1909 1578 percus-
1933 1521 1934 1524 ¹

1131 1583 1176 1644 sio
1199 1583 1240 1645 sit
1263 1583 1304 1644 ad
1327 1584 1560 1647 defendendum
1574 1605 1620 1664 se,
1644 1587 1694 1648 rel
1709 1587 1806 1650 uitam
1821 1603 1908 1661 suam,

1131 1671 1312 1749 estanoris,
1337 1677 1516 1753 parentum,
1536 1674 1691 1752 filiorum,
1707 1675 1758 1736 rel
1771 1693 1821 1736 res
1834 1691 1909 1749 sues,

1131 1777 1205 1821 cum
1227 1761 1444 1823 moderamine
1472 1767 1579 1824 tamen
1612 1763 1781 1844 inculpatae
1803 1763 1910 1838 tutela,

1132 1847 1240 1930 Luym.
1267 1848 1359 1912 infra.
1384 1851 1415 1912 3.
1440 1851 1480 1912 nt
1500 1851 1636 1932 deniqne
1664 1853 1913 1932 quandocumque

1134 1938 1293 2016 percussio
1322 1939 1362 2000 ob
1390 1939 1551 2002 levitatem
1576 1940 1628 2001 rel
1660 1941 1913 2020 imperfectionem

1134 2031 1222 2086 actus
1245 2043 1309 2086 non
1323 2029 1406 2089 esset
1423 2028 1581 2106 mortalis,
1602 2027 1689 2090 illata
1707 2028 1800 2102 laico,
1818 2031 1852 2090 nt
1870 2028 1914 2089 do

1135 2119 1208 2174 cent
1226 2112 1296 2195 Coj.
1312 2113 1407 2176 Acila
1419 2125 1446 2176 et
1460 2115 1515 2177 So.
1533 2115 1618 2196 quod
1632 2121 1739 2178 tamen
1753 2115 1844 2179 soar.
1859 2115 1916 2178 uni·

1135 2201 1298 2262 versaliter
1312 2220 1373 2262 non
1388 2203 1543 2277 admittit;
1561 2205 1598 2268 V.
1617 2205 1696 2267 Bon.
1714 2205 1769 2267 loc.
1786 2205 1834 2266 cit.
1848 2208 1875 2266 l.
1889 2203 1915 2266 Si

1135 2289 1190 2349 fiat
1206 2288 1238 2348 in
1252 2289 1401 2368 tenebris,
1426 2292 1476 2352 rel
1500 2291 1655 2355 Clericum
1679 2311 1742 2356 non
1766 2309 1915 2374 agnosces,

1136 2376 1221 2456 quod
1235 2376 1379 2439 habitum
1393 2397 1455 2440 non
1470 2385 1582 2460 gestet,
1599 2382 1674 2462 quia
1688 2382 1865 2462 ignorantia
1875 2399 1918 2441 ex·

1137 2468 1235 2525 cusat.
1251 2466 1281 2552 5.
1301 2465 1333 2526 si
1351 2466 1513 2544 Prolatus,
1534 2472 1721 2547 preceptor,
1745 2473 1845 2549 pater,
1861 2469 1919 2529 sub

1137 2551 1237 2613 ditum
1252 2551 1283 2612 in
1298 2553 1473 2615 minoribus
1487 2555 1706 2633 constitutum,
1732 2555 1920 2618 correctionis

1137 2659 1233 2701 causa
1248 2640 1333 2721 (licet
1346 2640 1394 2702 ira
1410 2640 1564 2722 accedat),
1586 2643 1743 2723 percutiat
1760 2645 1919 2719 moderata,

1137 2729 1380 2792 habitatatione
1402 2730 1501 2810 eulpa
1529 2731 1610 2806 imo;
1635 2733 1788 2796 Praelatus
1803 2737 1835 2796 et
1853 2735 1923 2794 Pre-

1138 2823 1247 2897 ceptor
1260 2819 1496 2882 Ecclesiasticus
1512 2825 1616 2901 potest
1638 2822 1735 2886 etiam
1753 2823 1787 2884 in
1810 2821 1924 2904 majori·

1138 2908 1197 2968 bus
1211 2908 1415 2970 constitutum
1429 2911 1593 2990 castigare.
1607 2915 1655 2972 An
1671 2911 1756 2973 idem
1771 2911 1869 2991 possit
1880 2927 1925 2990 pa·

1139 2998 1197 3072 ter,
1214 2995 1407 3058 convertitur
1421 2997 1452 3058 in
1467 3003 1635 3080 utramque
1650 3003 1775 3079 partem
1795 2998 1924 3082 probabi·

1138 3082 1211 3143 litor
1227 3101 1233 3143 :
1251 3085 1288 3144 V.
1306 3082 1414 3166 Loym.
1431 3084 1499 3148 loco
1515 3105 1587 3148 mox
1611 3087 1751 3151 citando.
1771 3091 1802 3151 6.
1820 3089 1851 3152 Si
1866 3107 1925 3168 per·

1141 3169 1277 3234 cutiatur
1290 3173 1416 3235 realiter
1430 3173 1632 3254 degradatus,
1650 3177 1701 3238 vel
1715 3177 1875 3258 bigamum
1886 3175 1927 3236 rel

1142 3265 1286 3323 exerceat
1299 3262 1423 3341 publice
1438 3263 1575 3325 olllcium
1591 3264 1744 3345 cauponis
1760 3267 1813 3326 rel
1826 3265 1926 3327 maeel·

1141 3348 1222 3426 larii,
1239 3351 1289 3410 vel
1312 3368 1439 3428 scurra,
1457 3356 1489 3414 11
1510 3355 1558 3414 ter
1580 3352 1717 3415 monitus
1742 3371 1807 3415 non
1824 3358 1925 3424 casseu

1142 3439 1192 3500 vel
1206 3437 1351 3500 inventus
1364 3440 1499 3519 turpiter
1512 3459 1609 3520 agens
1620 3459 1692 3503 cum
1702 3459 1815 3520 uxore,
1827 3447 1926 3518 matre,

1143 3544 1250 3588 sorore
1265 3528 1314 3590 vel
1333 3527 1407 3606 fllia,
1423 3529 1560 3610 denique
1582 3531 1751 3592 mulierem
1772 3531 1842 3612 ipso
1857 3531 1928 3593 iacto
1971 3539 1972 3542 ’

1144 3615 1312 3678 sollicitans
1327 3617 1367 3678 ad
1382 3616 1620 3698 turpitudinem,
1637 3618 1713 3698 quia
1726 3620 1835 3698 perdit
1847 3617 1929 3698 priri

1143 3705 1280 3784 legium3
1297 3706 1335 3768 v.
1356 3709 1466 3786 Leym,
1485 3706 1539 3768 lit.
1556 3710 1585 3783 1,
1607 3713 1629 3783 1,
1650 3709 1681 3785 5,
1702 3727 1736 3789 p.
1765 3712 1797 3786 2,
1814 3727 1877 3790 cop.
1897 3709 1928 3776 ὃς

1145 3793 1213 3855 Fill.
1233 3801 1320 3857 tract.
1338 3797 1387 3872 15,
1403 3814 1468 3877 cop.
1484 3797 1513 3857 1.

1185 3903 1199 3940 u
1216 3885 1308 3962 ltesp.
1324 3883 1363 3944 ll.
1380 3883 1444 3945 Etsi
1461 3883 1529 3945 haec
1544 3881 1829 3946 excommunicatio
1843 3883 1881 3944 sit
1891 3897 1931 3944 re

1146 3975 1271 4034 servata
1285 3973 1389 4050 Papae,
1406 3975 1510 4052 potest
1524 3976 1629 4034 tamen
1643 3973 1820 4053 Episcopus
1843 3972 1881 4033 ab
1900 3987 1932 4032 ea

1147 4059 1310 4122 absolvere
1333 4059 1531 4121 his-casibus
1548 4079 1555 4121 :
1572 4061 1602 4122 1.
1619 4059 1752 4132 Quando
1770 4059 1930 4139 percussio,

1148 4147 1205 4208 etsi
1219 4147 1260 4208 sit
1272 4148 1424 4224 mortalis,
1442 4151 1490 4210 est
1502 4152 1609 4210 tamen
1619 4147 1815 4228 prudentum
1825 4147 1932 4229 judicio

1146 4236 1236 4313 levis,
1262 4240 1445 4315 comparata
1467 4253 1540 4298 cum
1568 4235 1699 4314 enormi,
1724 4253 1756 4297 v.
1784 4255 1818 4316 g.
1843 4237 1867 4297 si
1888 4235 1935 4297 dut

1148 4325 1265 4406 palma,
1281 4343 1387 4406 pugno
1399 4324 1579 4402 autlapide,
1597 4340 1659 4385 non
1669 4323 1869 4408 relinquente
1877 4343 1935 4386 res·

1149 4412 1260 4492 tigium
1276 4431 1284 4486 ;
1301 4417 1332 4472 11
1346 4412 1520 4473 secundum
1534 4413 1607 4474 Ant.
1624 4415 1656 4474 11
1669 4411 1759 4474 Dian.
1772 4433 1809 4494 p,
1825 4417 1855 4492 9,
1873 4421 1894 4474 1.
1907 4415 1933 4488 1,

1150 4502 1188 4564 11.
1215 4505 1263 4580 19,
1288 4501 1347 4562 nisi
1370 4501 1541 4562 notabilem
1562 4500 1710 4581 injuriam
1735 4505 1768 4563 et
1796 4517 1935 4582 magnum

1151 4589 1334 4650 scandalum
1348 4587 1461 4669 pariat,
1488 4588 1613 4668 qualem
1628 4591 1724 4666 negat
1738 4605 1822 4666 esse,
1838 4589 1861 4650 si
1876 4587 1936 4668 quis

1152 4676 1355 4742 Sacerdotem
1369 4693 1476 4756 pugno
1491 4675 1647 4754 percutiat
1669 4675 1700 4736 in
1723 4675 1857 4754 faciem,
1873 4676 1937 4737 licet

1151 4769 1247 4846 guttae
1272 4763 1433 4844 sanguinis
1455 4763 1595 4824 effluent.
1620 4763 1766 4824 Enormis
1787 4781 1862 4826 vero
1875 4763 1935 4834 erit,

1152 4855 1178 4916 si
1193 4852 1369 4914 membrum
1392 4851 1631 4931 praescindatur,
1652 4849 1801 4931 copiosus
1823 4851 1937 4932 sanguis

1151 4943 1317 5015 fundatum
1343 4941 1511 5003 ueletiam
1539 4939 1660 5002 ratione
1688 4938 1851 5019 dignitatis
1876 4958 1938 5020 per-

1153 5049 1249 5108 sonae,
1267 5034 1301 5092 ut
1319 5030 1344 5090 ei
1367 5029 1563 5109 percutiatur
1576 5027 1751 5106 Dpiscopus
1765 5027 1818 5090 vel
1831 5027 1936 5100 abbas,

1154 5120 1249 5183 etiam
1272 5121 1373 5199 alapa.
1397 5119 1428 5180 Si
1450 5133 1617 5196 percussor
1637 5115 1677 5178 sit
1694 5113 1853 5197 impubes,
1868 5131 1937 5196 pau·

1153 5229 1221 5291 per,
1245 5227 1338 5288 ager,
1363 5225 1475 5284 senex,
1504 5205 1636 5282 mulier,
1661 5221 1776 5282 caecus,
1801 5201 1933 5275 claudae,

1155 5317 1275 5375 servus,
1291 5293 1518 5371 filiusfamilias,
1534 5293 1585 5356 uel
1602 5311 1665 5354 non
1685 5293 1735 5356 sui
1750 5291 1844 5378 juris,
1859 5291 1900 5353 uti
1912 5289 1939 5349 11

1155 5387 1327 5466 Regulares
1350 5401 1387 5447 ac
1401 5383 1555 5456 moniales
1567 5382 1705 5453 invicem
1723 5382 1935 5450 verberantem
