4186 6348
741 472 794 538 DE
821 473 854 536 S.
884 471 1095 536 abaciam
1121 471 1266 536 BULLA.
1751 467 1811 527 407

168 657 259 721 dacia
285 661 476 740 accipienda
498 662 606 724 Bulla..
632 664 671 724 lit
696 662 741 722 ita
759 661 790 722 in
817 661 956 741 qualibet
1052 658 1202 734 Ocaoen'ter
1214 655 1351 723 secunde,
1367 673 1407 715 on
1425 653 1479 736 qai
1496 672 1554 714 aen
1568 651 1654 714 laetat
1669 650 1812 732 calepio

167 747 357 826 professione
373 749 490 812 debent
502 749 571 810 hac
593 749 654 811 due
678 752 794 828 puncta
813 747 954 828 disquiri.
1010 747 1126 828 integre
1140 745 1283 813 restituat,
1300 743 1386 806 tabet
1401 752 1512 819 tamen,
1538 740 1617 802 ande
1630 759 1688 822 per
1700 740 1810 802 Bullos

206 837 315 898 Solum
333 837 383 898 hie
403 837 480 900 libet
504 838 679 914 advertere,
703 839 742 898 de
770 838 959 918 quibusnam
1009 843 1213 915 componatur,
1230 833 1360 913 occepere
1373 831 1479 892 Bicllas
1494 838 1625 891 teneatur
1639 829 1671 889 in
1685 827 1807 904 cacitas,

165 923 338 985 redditibus
352 925 578 987 Ecclesiastieis
591 924 689 1005 possit
711 923 779 984 lieri
800 925 958 1003 compesi—
1011 920 1117 1003 quibas
1128 939 1182 1001 per
1199 918 1306 981 Belias
1318 919 1412 999 possit
1434 916 1625 997 satisfacere?
1645 918 1739 994 Resp.
1756 916 1810 976 Vi-

164 1011 218 1089 tio,
245 1016 276 1074 et
298 1012 338 1073 de
358 1013 471 1093 quibus
486 1031 559 1090 non,
585 1013 683 1092 possit
698 1012 823 1093 quande
840 1012 871 1072 bi
885 1011 958 1072 red·
1011 1007 1077 1069 deri
1093 1007 1265 1086 obligatum
1280 1023 1363 1078 esse,
1381 1004 1455 1086 quia
1480 1003 1574 1065 debet
1588 1003 1752 1065 restituere
1772 1020 1808 1063 eo

164 1099 247 1162 ditus
267 1106 413 1162 tenentur
435 1102 556 1164 restitui
587 1101 647 1162 alie
671 1101 771 1178 titulo,
798 1117 893 1181 quam
916 1099 957 1162 ad
1010 1096 1116 1173 medo,
1135 1113 1196 1176 que
1211 1098 1323 1174 petest.
1341 1092 1537 1156 Probabilior
1551 1095 1718 1154 esttamen
1733 1110 1809 1154 eon·

164 1189 373 1251 officiumnen
384 1191 561 1268 recitatum,
578 1189 701 1271 quiade
712 1188 957 1269 heejamserme
1010 1184 1107 1248 traria
1115 1183 1237 1262 epinie;
1255 1182 1330 1261 quia
1340 1179 1525 1260 compositio
1536 1184 1583 1241 est
1592 1177 1806 1258 privilegium,

164 1277 289 1341 babitus
304 1281 360 1340 cst.
378 1278 467 1342 Circa
481 1279 565 1359 qued
579 1279 746 1340 resolvitur
763 1298 769 1338 :
1011 1279 1042 1334 et
1056 1272 1159 1332 nullus
1172 1273 1297 1332 tenetur
1320 1271 1363 1332 uti
1379 1268 1563 1348 privilegio,
1582 1271 1617 1330 ut
1641 1265 1807 1328 restituere

203 1370 232 1428 l.
249 1367 439 1448 Episcopum
453 1373 484 1429 et
498 1368 686 1444 Parochum,
708 1366 835 1446 quande
848 1365 957 1426 defue—
1011 1363 1153 1440 cogatur.

162 1459 237 1517 runt
265 1455 441 1518 residentiae
469 1456 535 1518 sine
560 1456 679 1531 causis,
713 1473 791 1536 quas
818 1454 957 1534 assignat
1053 1449 1206 1524 Oaoeritar
1215 1447 1309 1523 tertio,
1327 1467 1365 1508 cn
1375 1445 1469 1528 pessit
1482 1444 1614 1526 componi
1619 1461 1673 1526 per
1682 1441 1803 1511 Belias,

162 1543 247 1605 reid.
273 1563 339 1605 sess.
364 1547 413 1621 23,
439 1543 474 1606 de
496 1545 553 1625 res.
578 1563 603 1605 c.
629 1547 657 1621 l,
681 1549 712 1604 et
726 1542 853 1622 quando
875 1542 956 1604 ultra
1009 1538 1064 1619 qni
1077 1536 1189 1618 accepit
1203 1534 1413 1616 eleemesynam
1430 1552 1490 1615 pro
1512 1531 1692 1595 celebrandis
1709 1529 1808 1592 Missis

161 1638 286 1711 tempus
313 1632 471 1694 indultum
498 1633 540 1696 ibi
569 1633 752 1708 doluerunt,
779 1651 840 1693 nen
864 1647 955 1710 pesse
1009 1635 1036 1688 et
1050 1644 1107 1685 nen
1121 1625 1254 1685 meminit
1268 1642 1286 1684 a
1301 1643 1358 1704 que
1372 1623 1495 1703 accepit,
1513 1620 1559 1682 ael
1580 1620 1630 1681 cni
1644 1618 1743 1686 deleat
1756 1637 1807 1699 ap-

161 1719 323 1800 percipere
352 1721 487 1798 fruetus,
518 1739 620 1802 neque
648 1721 793 1799 componi
821 1738 877 1799 pre
902 1719 949 1798 iis,
1007 1715 1145 1796 plicare?
1160 1715 1252 1790 besp.
1271 1709 1426 1790 negative.
1452 1710 1513 1772 Iste
1536 1714 1641 1769 autem
1656 1706 1807 1768 satisfacit

161 1810 236 1888 quia
250 1807 524 1887 ibidemprobibet
533 1809 706 1872 Concilium
720 1810 820 1887 ipsam
830 1825 955 1887 compe·
1010 1801 1169 1865 oilerende
1185 1799 1373 1862 sacrificium
1390 1817 1447 1878 pre
1469 1798 1528 1874 bis,
1554 1797 1607 1876 qui
1631 1796 1807 1873 eleemosy-

160 1898 319 1975 sitienem,
336 1916 438 1978 neque
453 1899 543 1960 bulla
552 1899 684 1977 derogat
697 1897 951 1976 prohibitionem.
1009 1909 1065 1952 nas
1076 1893 1297 1970 erogaverunt.
1311 1887 1423 1950 Mende
1435 1905 1507 1948 oum
1515 1885 1594 1963 aliis,
1605 1885 1634 1947 d.
1648 1887 1697 1961 35,
1710 1905 1741 1945 n.
1752 1885 1802 1946 31.

198 1991 229 2048 2.
246 1986 496 2048 Ecclesiastieum
508 2005 569 2048 non
585 1987 782 2048 assistentem
792 1984 951 2056 Ecclesiae,

159 2093 222 2138 neu
250 2093 341 2154 pesse
373 2075 534 2154 percipere
567 2073 820 2150 distributiones,
850 2091 953 2152 neque

159 2161 305 2240 componi
320 2179 377 2241 pre
391 2161 549 2242 bis;quia
567 2162 616 2222 bae
635 2161 753 2222 babent
777 2161 950 2235 domiuum,
1298 2183 1427 2272 omps
1462 2184 1501 2271 Ιρ

159 2251 209 2312 cui
234 2249 370 2311 debeant
393 2250 529 2326 restitui,
554 2267 667 2328 nempe
690 2249 880 2310 assistentes.
908 2250 953 2310 lta
1508 2249 1516 2270 ⁶

158 2337 297 2401 sentiunt
311 2337 511 2416 Expositores
523 2339 630 2399 bullae.

197 2426 669 2488 3.0mnesEeclesiastieesnen
681 2425 950 2486 habenteseuram
1206 2427 1247 2474 ΒΕ
1266 2428 1354 2473 bibit
1377 2421 1599 2472 BEFUNCWRW·

158 2515 435 2592 enimarnmpesse
446 2513 591 2592 componi
601 2530 657 2592 pre
668 2513 819 2574 fructibus
830 2511 952 2573 restitu-

156 2601 235 2662 tieni
250 2601 392 2662 obnoxiis
407 2601 447 2661 eb
462 2602 618 2663 delectum
637 2600 824 2677 residentiae,
846 2599 950 2660 nisibi
1045 2610 1080 2668 ln
1095 2607 1154 2668 hae
1178 2606 1278 2683 Bulla,
1305 2621 1401 2685 quam
1425 2604 1540 2665 format
1563 2600 1801 2664 Commissarius

156 2688 277 2749 ffflssius
292 2688 468 2748 debeantur
481 2688 700 2764 residentibus,
718 2687 792 2767 quia
811 2692 884 2749 &¹1¹0
900 2705 950 2747 ¹18·
1007 2694 1176 2771 Generalis,
1201 2713 1239 2754 ex
1259 2711 1323 2754 una
1343 2693 1484 2754 clausula
1506 2692 1628 2768 Latina,
1658 2689 1802 2752 concedit

156 2777 225 2856 quii
239 2776 307 2837 fieri
323 2776 517 2854 ⁰0fflp081l10·
1005 2783 1146 2846 Pontifex
1161 2781 1389 2860 indulgentiam
1403 2779 1577 2859 plenariam
1596 2797 1653 2858 per
1671 2777 1799 2840 medum

197 2871 228 2927 i·
244 2867 339 2927 Posse
355 2865 500 2945 componi
515 2883 571 2944 per
585 2864 701 2941 Rullus,
725 2865 774 2925 vel
796 2882 868 2925 cum
883 2863 949 2944 ipso
1005 2871 1144 2950 suffragii
1160 2870 1191 2931 in
1207 2867 1482 2943 laveremanimae,
1493 2867 1542 2928 eui
1554 2866 1731 2945 applicatur
1741 2865 1800 2927 ista

155 2953 377 3016 Commissario
392 2953 511 3014 fructus
530 2953 612 3013 male
636 2959 811 3031 perceptos,
835 2955 889 3015 aut
912 2969 950 3012 ex
1004 2960 1094 3022 Bulla
1108 2964 1138 3020 et
1152 2976 1208 3038 pre
1224 2975 1286 3037 qua
1300 2959 1406 3018 taxata
1420 2960 1571 3034 erogatur
1586 2954 1796 3032 eleemosyna.

155 3060 205 3118 ee,
223 3041 307 3121 qued
322 3041 391 3122 quis
406 3059 469 3103 nen
489 3041 658 3104 obtinuerit
677 3040 831 3102 Canonice
853 3040 949 3100 bene-

154 3129 273 3206 llcium,
297 3133 353 3190 aut
376 3129 460 3208 qued
475 3127 641 3189 incurrerit
664 3127 694 3188 in
718 3145 865 3188 censuras
880 3132 950 3206 pest

154 3215 299 3279 beneficii
312 3215 551 3294 possessionem,
566 3215 692 3295 quando
707 3214 756 3274 isti
771 3214 890 3276 fructus
904 3215 948 3275 sie
1280 3249 1469 3312 DUBIUM
1494 3250 1505 3308 Ι

153 3304 237 3366 male
251 3303 390 3383 percepti
406 3303 561 3364 debentur
576 3302 733 3378 Ecclesia,
757 3305 812 3363 aut
830 3319 950 3380 paupe·
1441 3290 1450 3309 ‘
1509 3294 1516 3308 '

154 3393 261 3465 ribus;
285 3392 359 3470 quia
373 3391 515 3451 Pontifex
536 3393 639 3469 petest
652 3389 728 3450 istos
742 3389 860 3450 lructus
873 3394 948 3451 tunc

153 3495 356 3557 componere,
374 3482 429 3538 aut
438 3496 495 3558 per
504 3477 620 3554 bullas,
633 3481 687 3538 aut
697 3495 767 3538 cum
779 3477 845 3556 ipse
860 3481 948 3541 Gem-

152 3565 309 3637 missarie‚
326 3571 360 3626 ut
375 3568 422 3626 est
435 3565 679 3627 administrator
691 3566 830 3644 ipserum
849 3566 948 3628 bono-

152 3674 236 3730 rum,
254 3655 344 3718 etita
359 3655 513 3716 concedit.

194 3742 261 3803 Dixi
280 3762 287 3804 :
305 3741 426 3817 Quande
441 3733 579 3804 detenter
592 3739 742 3818 Ecclesiae,
767 3750 818 3802 eet
835 3761 948 3824 ponpe—
1041 3745 1224 3807 Pontificem
1248 3761 1338 3822 pesse
1367 3741 1541 3803 concedere
1571 3739 1792 3819 indulgentias,

152 3829 242 3892 rilna.
261 3830 341 3904 Quia
364 3829 389 3890 si
408 3830 499 3910 juxta
522 3829 779 3891 consuetudinem
801 3834 832 3892 et
852 3835 947 3893 statu·
1000 3835 1065 3894 tem
1080 3831 1110 3891 in
1126 3831 1265 3892 levorem
1289 3831 1432 3892 vivorum
1457 3848 1553 3910 quam
1576 3828 1795 3890 detunctorum

152 3923 220 3980 tum
234 3915 425 3977 deberentur
443 3915 626 3992 successori,
644 3934 706 3976 nen
722 3921 850 3994 possent
864 3935 946 3979 cem·
1001 3927 1048 3980 est
1062 3918 1273 3998 perspicuam,
1290 3925 1358 3978 tum
1371 3937 1429 3996 per
1451 3916 1660 3978 Consiliorum
1685 3914 1793 3977 delini-

150 4005 238 4084 peni.
256 4003 320 4066 Sed
335 4003 360 4064 si
375 4004 464 4064 fieret
479 4002 645 4064 revalidari
660 4003 768 4062 titulus
789 4003 943 4082 beneficii,
999 4007 1120 4084 tiones,
1158 4012 1224 4068 tum
1258 4023 1315 4085 per
1353 4004 1568 4066 continuatam
1600 4001 1792 4064 concedendi

150 4096 227 4153 tunc
241 4089 407 4168 possidens
421 4090 558 4152 invalide
577 4089 654 4152 nibil
677 4094 837 4152 teneretur
859 4093 945 4153 resti·
999 4095 1132 4174 praxim,
1153 4094 1208 4154 sed
1223 4093 1301 4154 vivis
1315 4093 1471 4168 coneedit,
1488 4095 1522 4152 ut
1536 4089 1669 4151 subditis
1687 4089 1791 4150 adhue

150 4182 251 4254 tuere,
277 4178 352 4258 quia
372 4179 404 4239 in
428 4179 488 4240 hee
509 4197 602 4256 casu,
628 4179 694 4258 ipse
716 4183 763 4240 est
785 4197 947 4243 successor
999 4184 1062 4243 suis
1077 4201 1130 4262 per
1147 4181 1276 4242 medum
1290 4179 1508 4251 absolutionis;
1526 4176 1681 4238 defunctis
1702 4195 1789 4254 vere,

149 4265 296 4328 beneficii
312 4270 457 4345 respectu
471 4265 572 4327 ultimi
587 4266 784 4344 possessoris.
801 4268 846 4328 lta
861 4269 945 4330 bien·
999 4275 1105 4350 utpote
1117 4269 1183 4350 jam
1198 4272 1286 4329 extra
1296 4266 1547 4348 jurisdictionem
1569 4265 1636 4345 ejus
1657 4263 1792 4327 existen·

149 4353 203 4429 do,
220 4373 246 4415 c.
263 4355 314 4430 34,
332 4372 363 4415 n.
379 4357 419 4414 lb
433 4371 532 4433 usque
548 4353 588 4414 ad
602 4357 651 4414 l'l.
998 4358 1092 4435 tibus,
1113 4375 1169 4436 per
1183 4355 1312 4417 modum
1335 4353 1485 4434 suffragii,
1510 4353 1651 4416 tribuens
1674 4370 1711 4412 ex
1734 4353 1790 4414 Ee-

191 4441 357 4520 Qaoen'ter,
373 4461 411 4502 an
425 4441 531 4502 dilatio
545 4441 735 4522 componendi
755 4461 784 4502 se
800 4461 857 4523 per
869 4444 944 4506 Bal·
998 4445 1099 4506 elesiae
1122 4443 1294 4517 Thesauro,
1320 4440 1409 4520 cujus
1429 4457 1505 4519 opes
1528 4440 1594 4518 ipse
1617 4437 1788 4516 dispensat,

149 4531 194 4591 las
206 4539 233 4592 et
245 4527 366 4612 quande
380 4531 416 4590 sit
428 4539 578 4610 peccatam
594 4529 745 4591 mortale?
763 4534 944 4610 Responde·
999 4531 1123 4612 quande
1139 4529 1364 4608 indulgentiam
1385 4527 1529 4588 concedit
1552 4526 1726 4604 plenariam
1745 4525 1787 4602 id,

146 4624 200 4682 tur
223 4639 230 4681 ε
254 4619 345 4681 illam
368 4619 566 4696 dilationem,
596 4638 665 4699 quae
693 4618 724 4678 in
753 4619 942 4684 restituendo
997 4619 1081 4701 quod
1097 4617 1221 4694 suflicit,
1238 4621 1271 4677 ut
1285 4634 1341 4696 pre
1357 4615 1479 4692 integro
1495 4612 1633 4674 solvatur
1648 4609 1789 4674 debitum

147 4709 229 4769 feret
244 4711 408 4785 peceatum
424 4708 567 4784 mortale,
593 4707 732 4768 futurum
751 4707 844 4768 etiam
860 4727 944 4770 mer·
997 4725 1110 4786 pmnae,
1127 4704 1210 4784 qued
1232 4703 1337 4765 anima
1354 4702 1407 4763 illa
1430 4702 1596 4762 tenebatur
1618 4716 1675 4778 pre
1690 4701 1794 4780 culpis

147 4794 210 4856 tale
234 4797 401 4873 peecatum
416 4793 447 4853 in
467 4795 702 4873 componendo,
724 4795 849 4872 quande
874 4797 942 4876 quis
996 4795 1029 4855 in
1043 4791 1227 4872 Purgaten'e
1242 4791 1318 4870 pati.
1335 4793 1442 4870 ltaque
1458 4787 1641 4867 suffragium
1657 4792 1704 4850 est
1718 4790 1790 4850 sub-

147 4881 245 4942 habct
262 4879 471 4942 benaineerti
487 4880 605 4942 demini
620 4880 797 4941 etintendit
816 4899 943 4962 compe·
997 4881 1122 4957 sidium,
1139 4883 1193 4942 aut
1214 4879 1374 4955 auxilium,
1396 4878 1480 4958 qued
1502 4877 1546 4938 illi
1566 4875 1728 4952 tribuitur,
1755 4883 1790 4940 ut

146 4987 223 5029 nere
238 4987 296 5046 per
310 4967 443 5029 bullam.
461 4969 500 5030 Et
514 4967 702 5048 quandoque
719 4966 826 5029 dilatio
841 4970 944 5032 minor
996 4969 1098 5032 solvat
1113 4968 1151 5045 ⁸in
1173 4973 1262 5047 perte
1279 4967 1327 5030 vel
1341 4967 1372 5027 in
1386 4969 1463 5043 tote,
1480 4969 1511 5027 et
1527 4962 1677 5043 eripiatur
1691 4982 1710 5024 a
1724 4983 1788 5043 ρω-

146 5055 208 5118 erit
221 5058 389 5134 peceatum
403 5057 547 5132 mortale,
574 5055 648 5136 quia
668 5073 750 5133 saepe
769 5055 942 5134 impossibi-
997 5057 1055 5134 nis,
1073 5074 1150 5136 quas
1164 5055 1312 5134 patiatur.

145 5143 218 5206 litas
232 5147 288 5204 aut
302 5142 470 5204 difficultas
482 5161 597 5222 magna
614 5141 796 5205 restituendi
816 5147 944 5204 excusat
1039 5143 1188 5219 Occeritur
1208 5144 1316 5224 prima
1339 5161 1377 5204 an
1407 5139 1607 5221 infallibiliter
1629 5138 1790 5221 Indulgen-

146 5251 167 5293 τι
191 5231 387 5293 restitutione
415 5234 586 5310 prompta,
612 5249 682 5311 quae
710 5229 942 5309 impossibilitas
997 5234 1068 5294 tiara
1083 5232 1213 5294 lucretur
1223 5232 1391 5314 plenariam
1412 5229 1509 5292 Balla
1523 5229 1634 5305 anime,
1653 5247 1711 5309 pre
1731 5248 1790 5310 qao

145 5325 203 5382 aut
217 5318 385 5382 difficultas
399 5336 462 5380 non
476 5319 591 5397 peterit
612 5317 870 5398 acompesitiene
890 5337 943 5379 ex·
995 5320 1145 5400 effertur?
1176 5325 1269 5400 Resp.
1295 5319 1500 5390 affirmative3
1532 5315 1789 5379 concurrentibus

146 5425 271 5485 eussre,
288 5425 361 5470 eum
377 5407 474 5488 pessit
487 5426 587 5488 parva
601 5408 774 5489 quantitate
788 5407 866 5470 lieri.
997 5409 1118 5471 eunetis
1133 5408 1174 5470 ad
1188 5407 1428 5488 applicationem
1443 5403 1608 5487 requisitis.

1002 3439 1045 3502 lle
1064 3436 1254 3519 Indulgentia
1272 3435 1420 3518 plenaria,
1444 3452 1511 3517 quc
1523 3453 1580 3516 per
1597 3435 1715 3496 Bollane
1729 3453 1797 3496 cen-

1082 3541 1195 3604 ccditar
1209 3540 1318 3602 aalma
1332 3540 1365 3600 in
1380 3537 1559 3622 Perpeterie
1574 3539 1713 3620 potienti.
