3986 6350
331 553 391 614 tao

331 740 501 800 Doctorum
529 743 666 801 ruentem
698 741 869 802 etiamnum
893 759 955 803 non
979 744 1125 806 eximitur

332 825 368 901 is,
386 825 438 904 qui
458 826 567 888 mortis
581 827 612 887 iu
627 827 758 890 articulo
780 829 820 890 ab
835 829 896 890 alio
922 849 1017 910 quam
1032 851 1051 892 a
1066 835 1124 894 Su-

332 913 454 992 periora
469 915 519 974 vel
537 914 605 995 ejus
620 915 763 994 delegato
783 923 977 980 areservata
991 938 1124 982 censura

333 999 515 1062 absolvitur.
541 1003 685 1064 Tanti-ne
709 1003 786 1064 iliud
808 1023 883 1084 ergo
907 1011 990 1068 essct
1007 1008 1124 1069 iucom-

332 1089 473 1166 modum,
493 1091 519 1150 si
541 1091 703 1170 poenitenti
726 1091 878 1154 indirecte
898 1094 1050 1157 duntaxat
1070 1097 1124 1156 ab·

333 1175 444 1238 solutio
460 1177 491 1236 in
510 1179 619 1239 mortis
636 1179 815 1239 discrimine
839 1198 896 1259 per
915 1181 1063 1261 obligatio
1079 1181 1124 1243 iu·

333 1262 505 1340 amburet,
532 1266 611 1326 utin
627 1285 663 1327 eo
679 1268 744 1327 solo
762 1268 937 1328 amovendo
952 1270 1005 1350 pie
1027 1270 1125 1331 cclmo-

333 1347 402 1408 dum
416 1369 449 1410 se
463 1353 596 1430 gessisse
619 1355 790 1415 Ecclesiam
810 1356 982 1418 Concilium
996 1358 1123 1419 Triden-

333 1436 433 1499 tinum
448 1443 655 1518 pronunciare
670 1460 732 1503 non
750 1443 961 1506 dubitaverit?

373 1529 414 1587 At
427 1545 443 1587 e
458 1533 584 1604 contra3
603 1531 639 1606 si,
656 1549 728 1591 cum
743 1531 832 1590 adest
846 1533 1054 1611 Superiorvel
1070 1534 1125 1594 de-

333 1612 465 1692 legatus,
491 1623 671 1694 perseveret
699 1619 802 1679 adhuc
834 1619 937 1699 quoad
962 1621 1124 1682 inferiores

334 1703 518 1766 Sacerdotes
544 1705 575 1766 in
598 1707 707 1769 mortis
731 1707 910 1769 discrimine
933 1712 1122 1784 reservati03

334 1787 477 1852 homines
501 1793 631 1875 jamjam
660 1795 802 1857 morituri
831 1797 925 1858 variis
956 1800 994 1859 de
1023 1801 1125 1860 causis

334 1884 458 1940 eterne
471 1883 586 1944 Salutis
600 1884 739 1962 periculo
753 1884 948 1965 objicientur.
961 1888 1044 1965 Ergo
1060 1905 1124 1947 om·

334 1967 408 2028 nino
426 1988 552 2030 necesse
567 1973 625 2033 luit
639 1977 673 2034 ut
687 1972 712 2032 si
733 1973 792 2033 illis
806 1974 945 2034 Ecclesia
960 1993 1124 2035 occursum

334 2057 468 2119 volucrit
484 2058 539 2137 (uti
555 2059 764 2121 indubitatum
789 2065 836 2123 est
852 2062 1009 2142 voluisse),
1027 2081 1125 2122 reser-

333 2144 492 2206 vationem
507 2165 641 2224 omnem,
660 2149 753 2210 etiam
777 2167 848 2210 cum
863 2150 952 2211 adest
968 2151 1125 2230 legitimus

336 2233 499 2310 Sacerdos,
512 2235 684 2298 abstulerit.
702 2239 901 2315 Consequens
917 2243 964 2298 est
984 2238 1123 2299 evidens.

335 2321 489 2382 Probatur
503 2324 706 2384 autcmlacila
720 2325 927 2386 Antecedeus.
939 2329 1028 2386 Nam:
1047 2330 1075 2388 l.
1093 2328 1125 2389 Si

335 2409 464 2469 interior
484 2411 638 2472 Sacerdos
661 2412 820 2472 hominem
835 2413 865 2472 in
882 2413 1029 2474 extremis
1052 2433 1127 2475 con-

335 2497 476 2559 stitutum
492 2515 511 2557 a
525 2517 586 2578 quo
611 2501 781 2562 accersitus
804 2500 872 2577 fuit,
889 2503 920 2560 iu
932 2502 1125 2563 confessione

335 2584 443 2646 audiat
463 2591 623 2648 reservata
651 2588 783 2648 crimina
810 2586 1041 2665 declarantem,
1069 2607 1127 2650 nec

335 2671 498 2732 imminere
513 2673 657 2734 videatur
674 2675 782 2735 mortis
797 2676 984 2753 periculum,
1005 2694 1042 2736 ex
1058 2676 1126 2754 ipso

335 2761 527 2822 Medicorum
534 2761 654 2840 judicio
666 2763 822 2824 tenebitur
835 2767 910 2825 tunc
924 2764 973 2824 vel
988 2763 1054 2841 ipse
1071 2765 1128 2824 Su-

335 2849 492 2926 periorem
513 2849 619 2926 adiro,
644 2851 693 2910 vel
715 2869 842 2911 monere
865 2851 1070 2929 penitentem
1093 2853 1129 2911 ut

336 2936 526 3015 delegatum,
539 2938 563 2997 si
576 2939 646 3017 quis
660 2938 692 2999 in
707 2939 775 3000 loco
790 2939 840 3014 sit,
853 2945 993 3001 accersat
1003 2942 1033 3000 et
1043 2939 1127 3018 apud

336 3043 409 3085 eum
423 3027 618 3087 confiteatur.
643 3029 767 3089 lntcrea
790 3030 865 3090 dum
887 3028 1057 3088 accersitur
1072 3030 1128 3090 Su-

335 3114 441 3190 perior
461 3118 516 3175 aut
538 3114 605 3194 ejus
627 3117 806 3196 delegatus,
833 3121 887 3178 aut
914 3117 1128 3178 confessarius

335 3200 402 3278 ipse
418 3203 617 3279 Superiorem
637 3205 793 3281 convenit,
812 3205 944 3265 eilluuut
963 3204 1049 3263 horae
1073 3202 1129 3263 ali·

336 3292 426 3367 quot;
457 3289 606 3366 Superior
628 3291 750 3369 urgenti
783 3291 907 3370 negotio
932 3292 1125 3363 destinetur3

336 3377 503 3454 Delegatus
517 3377 602 3438 domi
622 3397 684 3440 non
700 3383 757 3456 est,
775 3379 979 3460 conquiritur,
998 3399 1055 3440 nec
1069 3379 1127 3440 nisi

336 3469 407 3541 post
427 3464 609 3525 diuturnam
627 3467 862 3546 inquisitionem
881 3467 1045 3545 reperitur.
1067 3469 1129 3527 lta-

337 3571 397 3632 que
413 3552 576 3615 confestim
600 3555 675 3634 aegri
697 3555 825 3615 domum
849 3555 976 3616 advolat
995 3554 1058 3631 ille,
1075 3558 1130 3615 aut

336 3639 422 3717 prior
436 3640 649 3703 confessarius
663 3643 815 3722 requisita
828 3642 1049 3705 iurisdictione
1059 3647 1129 3704 tan-

1049 559 1165 622 LlBER
1191 561 1243 623 lx.

1178 745 1327 826 Delegabo
1356 749 1412 808 aut
1440 747 1657 808 conveniendo
1687 749 1867 828 Superiora:
1891 770 1941 813 eau

1179 835 1262 895 enim
1279 834 1392 914 cuique
1413 853 1452 894 ex
1475 835 1598 896 duobus
1622 836 1794 917 propositis
1818 838 1941 902 deducere

1178 939 1312 1001 pronum
1328 926 1385 983 est.

1221 1011 1342 1094 objicies
1357 1014 1385 1072 l.
1399 1011 1579 1074 Reservatis
1596 1013 1627 1072 in
1642 1014 1753 1076 mortis
1767 1016 1942 1078 articulouou

1178 1103 1329 1177 aufertur,
1346 1100 1404 1160 uisi
1420 1105 1550 1180 propter
1565 1101 1742 1180 periculum
1753 1104 1879 1184 jactura
1894 1105 1943 1165 ani

1180 1207 1304 1250 marum
1318 1207 1325 1260 ;
1343 1188 1429 1248 nulla
1443 1194 1547 1248 autem
1563 1192 1610 1251 est
1624 1207 1720 1251 causa
1734 1191 1818 1252 illius
1830 1191 1944 1253 auferen-

1178 1279 1238 1354 dae,
1255 1295 1327 1338 cum
1341 1277 1430 1338 abest
1441 1275 1620 1357 hujusmodi
1632 1279 1819 1362 periculum,
1834 1281 1939 1361 ideoque

1178 1383 1236 1424 nec
1260 1381 1326 1423 esse
1349 1362 1486 1424 ablatam
1515 1365 1687 1426 asserendi.
1719 1367 1828 1446 ltaque
1850 1367 1943 1446 quoties

1179 1452 1269 1531 copia
1283 1455 1330 1512 est
1344 1450 1476 1530 legitimi
1491 1451 1689 1528 Confessarii,
1701 1469 1759 1514 cur
1774 1455 1897 1515 cessabit
1908 1473 1944 1515 re·

1179 1541 1313 1600 servatio
1329 1539 1433 1619 quoad
1453 1538 1634 1600 inferiorem
1655 1541 1876 1602 Sacerdotem?

1220 1631 1312 1705 Resp.
1329 1626 1394 1687 Etsi
1410 1627 1545 1688 voluerit
1565 1626 1705 1688 Ecclesia
1727 1630 1943 1690 reservationem

1179 1717 1211 1777 in
1228 1713 1337 1776 mortis
1358 1713 1489 1775 articulo
1511 1715 1646 1793 auterre,
1665 1735 1703 1776 ne
1723 1715 1794 1796 ejus
1813 1718 1942 1777 occmiom

1180 1805 1347 1886 quisquam
1374 1802 1512 1882 periret,
1543 1821 1605 1864 non
1638 1811 1810 1885 propterea
1833 1805 1944 1885 sequitur

1180 1911 1249 1953 eam
1264 1893 1366 1971 reipsa
1390 1910 1452 1952 nou
1474 1892 1601 1968 auferri,
1619 1893 1713 1954 etiam
1729 1897 1806 1955 tunc
1820 1911 1882 1954 curu
1894 1893 1942 1952 nul-

1179 1981 1244 2041 lum
1260 1980 1349 2041 adest
1363 1980 1540 2040 animarum
1552 1979 1685 2060 jactura
1696 1981 1880 2058 periculum;
1890 1979 1943 2060 quia

1180 2087 1252 2129 cum
1266 2069 1314 2128 lex
1330 2069 1437 2146 alique
1451 2066 1491 2127 ob
1511 2074 1632 2127 certum
1654 2069 1750 2128 finem
1775 2069 1882 2130 indicta
1901 2071 1941 2140 est,

1180 2156 1266 2234 viget
1279 2159 1384 2214 tarnen
1400 2157 1431 2214 ct
1445 2152 1563 2230 obligat
1581 2157 1655 2214 tunc
1674 2171 1747 2214 cum
1767 2155 1837 2215 finis
1853 2154 1895 2214 ille
1908 2151 1943 2214 lic

1180 2247 1211 2303 ct
1226 2259 1308 2302 nuuc
1323 2243 1427 2301 locum
1451 2257 1512 2300 nou
1538 2240 1633 2302 babet
1651 2261 1657 2301 :
1673 2260 1705 2303 v.
1722 2261 1754 2320 g.
1771 2243 1805 2302 in
1819 2241 1942 2304 nonnullis

1179 2329 1373 2391 Dioecesibus
1396 2327 1454 2388 sub
1477 2328 1648 2392 Interdicto
1668 2329 1828 2406 prohibita
1845 2329 1942 2391 estCle

1181 2417 1254 2478 ricis
1268 2416 1394 2495 popina,
1413 2434 1451 2475 ne
1466 2433 1535 2476 eam
1547 2415 1656 2477 Clerici
1671 2417 1889 2496 frequentando
1900 2433 1942 2475 cc

1180 2506 1256 2567 teris
1282 2503 1427 2564 fidelibus
1455 2503 1617 2564 offensioni
1641 2505 1716 2565 sint.
1742 2508 1784 2565 nt
1802 2523 1857 2566 uon
1874 2521 1942 2583 prop

1181 2599 1278 2669 terea,
1292 2611 1364 2653 cum
1375 2609 1467 2652 omne
1477 2592 1657 2654 offensionis
1666 2593 1838 2670 periculum
1846 2609 1942 2653 amove

1182 2686 1243 2756 tur,
1264 2684 1368 2759 potest
1382 2679 1519 2740 Clericus
1542 2681 1694 2758 popinam
1721 2681 1847 2759 impune
1868 2679 1940 2740 adire.

1182 2768 1272 2830 Ratio
1290 2771 1347 2844 est,
1364 2766 1439 2846 quia
1453 2765 1591 2845 alioquin
1606 2767 1783 2845 Legislator
1798 2767 1882 2826 linem
1892 2765 1941 2843 lege
1976 2827 1977 2830 ,

1182 2855 1246 2915 lata
1273 2854 1330 2915 sibi
1361 2853 1560 2932 propositum
1585 2853 1635 2913 vix
1668 2871 1809 2933 unquam
1830 2869 1942 2932 esseque

1182 2944 1279 3012 retur;
1297 2940 1355 3000 sibi
1371 2940 1456 3000 enim
1471 2939 1604 3018 quisque
1620 2938 1710 3000 facile
1722 2959 1760 3000 ac
1774 2945 1881 3001 temere
1892 2955 1942 3016 per
1976 2949 1977 2958 ³

1182 3027 1329 3088 suaderet
1353 3026 1404 3088 hic
1428 3031 1459 3087 ct
1484 3043 1568 3086 nunc
1591 3027 1687 3086 tinem
1713 3026 1881 3106 hujusmodi
1898 3041 1941 3084 nou
1976 3053 1977 3100 ss

1183 3117 1305 3193 adesse,
1323 3117 1417 3194 atquc
1433 3115 1512 3175 adeo
1536 3131 1570 3174 sc
1585 3113 1655 3192 lege
1671 3131 1733 3175 non
1749 3114 1848 3193 adigi;
1863 3115 1941 3192 sicque
1974 3163 1976 3198 ;

1181 3205 1268 3282 leges
1292 3203 1420 3282 impunc
1445 3201 1585 3282 quotidie
1609 3221 1647 3261 ex
1671 3199 1942 3263 falsaettemeruia
1974 3211 1976 3290 t

1182 3285 1941 3370 persuasioneviolarentur,etiamtunccummari

1184 3397 1233 3438 me
1249 3396 1301 3438 eas
1316 3376 1484 3438 observare
1495 3393 1623 3435 necesse
1634 3382 1733 3449 esset,
1750 3381 1840 3456 atque
1853 3371 1941 3434 italae

1183 3483 1347 3526 omnesne
1370 3463 1401 3523 in
1424 3463 1548 3524 irritum
1566 3462 1754 3524 reciderent.
1772 3465 1866 3534 Quare
1877 3457 1941 3520 utsd

1182 3551 1378 3631 propositum
1391 3551 1578 3622 redeamus;
1596 3550 1620 3610 si
1636 3555 1711 3611 tunc
1734 3555 1851 3612 tantum
1866 3546 1941 3608 aulea

1183 3645 1270 3702 retur
1284 3639 1467 3716 reservatio,
1484 3656 1557 3698 cum
1572 3637 1772 3698 manifestum
1792 3641 1835 3697 est
1851 3634 1941 3696 auima-
1972 3665 1974 3724 ,

337 3727 410 3787 dem
428 3727 589 3802 munitus;
618 3730 673 3790 scd
691 3729 758 3809 jam
782 3736 918 3808 aegrotus
937 3747 953 3790 e
975 3729 1054 3790 vivis
1075 3749 1129 3789 ex·
1183 3748 1253 3790 rum
1274 3727 1407 3808 jacturae
1434 3725 1609 3805 periculum
1639 3725 1819 3796 imminere;
1842 3740 1873 3783 eo
1892 3721 1939 3798 ipsc
1972 3725 1974 3800 l

337 3815 439 3889 cessit,
457 3833 518 3877 non
533 3817 664 3895 expiatis
678 3823 783 3878 tamen
804 3819 1028 3880 sacramentali
1048 3821 1129 3880 Con·
1183 3818 1267 3878 salus
1291 3819 1409 3877 aeterna
1431 3813 1572 3874 fidelium
1592 3832 1630 3873 ex
1653 3813 1815 3874 occasione
1832 3825 1940 3907 resena
1972 3819 1974 3896 q

337 3903 470 3964 fossione
484 3905 641 3982 peccatis;
659 3905 766 3986 idque,
782 3909 816 3967 ut
831 3909 927 3983 patet,
945 3923 982 3965 ex
997 3906 1065 3983 ipsa
1079 3923 1129 3965 re·
1182 3903 1276 3964 tionis
1300 3902 1463 3963 evidenter
1482 3899 1724 3980 periclitaretur.
1750 3902 1825 3960 Nam
1842 3895 1940 3994 quibus·
1971 3917 1973 3984 ι

336 3992 521 4052 servationis
536 3993 710 4054 occasione.
728 3997 757 4054 ι.
771 3994 868 4054 Adest
883 3993 914 4052 in
930 3994 1006 4053 urbe
1018 3993 1128 4052 unicus
1183 4010 1318 4071 cumque
1332 3990 1461 4052 tandem
1480 3990 1520 4049 de
1537 3989 1667 4067 periculi
1691 3985 1867 4049 certitudine
1879 3979 1940 4062 Judr
1971 3987 1973 4022 l

337 4079 510 4157 delegatus.
527 4083 569 4142 At
582 4081 675 4141 homo
698 4081 790 4141 morti
814 4080 975 4158 proximus
993 4079 1045 4159 qui
1070 4079 1127 4140 sibi
1183 4078 1318 4138 candum
1347 4077 1486 4138 Ecclesia
1512 4077 1725 4154 permitteret,
1750 4073 1862 4154 quoties
1883 4067 1939 4168 ιιιι
1971 4023 1973 4141 i

336 4169 487 4229 reservati
503 4169 641 4230 criminis
657 4169 800 4230 conscius
814 4173 870 4245 est,
895 4168 988 4229 variis
1003 4168 1042 4228 de
1057 4187 1129 4228 cau·
1184 4166 1359 4228 animarum
1370 4164 1495 4245 jactura
1504 4164 1697 4224 fallerentur.
1714 4165 1897 4240 ltaqueomnr
1907 4171 1938 4215 vr
1970 4167 1972 4240 l

337 4255 379 4315 sis
393 4255 508 4316 adduci
529 4276 591 4318 nou
606 4261 708 4337 potest
731 4261 766 4318 ut
788 4257 873 4336 apud
896 4275 968 4317 eum
992 4256 1130 4334 deponat
1183 4253 1348 4316 commodo
1364 4252 1485 4313 occurri
1501 4269 1563 4312 uon
1580 4249 1692 4330 potuit,
1710 4249 1768 4309 uisi
1787 4243 1938 4338 absolutccl
1969 4241 1972 4398 q

337 4347 476 4419 peccata.
504 4341 536 4403 Si
555 4342 736 4403 inferiorem
760 4343 962 4404 Sacerdotem
983 4343 1125 4418 advocet,
1184 4345 1250 4406 sine
1265 4341 1461 4404 restrictione
1476 4340 1540 4402 ulla
1553 4339 1711 4402 desineret
1731 4335 1938 4416 pentasonae
1970 4399 1971 4402 Ἴ

337 4428 425 4488 novit
438 4447 471 4488 se
486 4429 526 4490 ab
541 4447 577 4490 eo
593 4428 819 4490 absolvendum
835 4446 897 4490 non
917 4447 997 4506 esse,
1018 4430 1073 4489 sed
1088 4429 1129 4488 ad
1183 4432 1214 4492 in
1229 4429 1339 4491 mortis
1353 4429 1485 4489 articulo
1500 4425 1683 4487 reservatio.
1968 4407 1971 4564 1

337 4515 517 4596 delegatum
527 4517 760 4578 remittendum.
774 4517 855 4589 Ouid
870 4518 971 4598 ergo?
985 4520 1130 4595 Autper·
1225 4515 1348 4597 Objr'a'es
1361 4520 1389 4576 E.
1408 4515 1525 4576 Concil.
1542 4513 1684 4576 Trident.
1705 4513 1736 4573 in
1754 4511 1820 4573 loco
1840 4503 1937 4568 laudab
1970 4565 1971 4570 ,

336 4603 483 4665 tinaciter
500 4605 584 4682 apud
605 4624 638 4665 se
662 4608 778 4666 statuet
798 4603 992 4665 Paenitentia*
1018 4606 1130 4666 Sacra·
1180 4603 1232 4685 jus
1247 4621 1363 4664 novum
1376 4621 1438 4664 non
1453 4601 1571 4677 condit,
1587 4601 1643 4662 sed
1658 4605 1777 4662 tantum
1790 4597 1874 4658 refert
1884 4607 1937 4652 con·

337 4695 443 4753 mento
458 4695 588 4770 peccata
602 4710 663 4752 non
679 4691 820 4770 expiare;
839 4695 987 4752 autcerte
1003 4709 1129 4768 pressus
1183 4693 1360 4770 sinuatque,
1379 4689 1463 4770 quod
1478 4706 1602 4767 semper
1622 4688 1772 4749 hactenus
1793 4685 1847 4746 tuit
1859 4681 1937 4741 custo-

338 4779 518 4840 difficultate
534 4778 759 4839 confessionem
774 4777 813 4836 de
829 4777 879 4838 die
893 4776 926 4836 in
943 4777 1028 4837 diem
1043 4779 1129 4838 diue-
1184 4779 1283 4839 ditum
1298 4779 1337 4839 ab
1352 4777 1502 4839 Ecclesia.
1520 4777 1617 4857 Atqui
1631 4777 1672 4838 ab
1691 4773 1825 4838 Ecclesia
1843 4779 1938 4843 semper

338 4872 386 4929 ret
402 4885 409 4939 ;
426 4867 480 4927 sed
504 4867 549 4928 ita
572 4872 606 4926 ut
632 4869 732 4927 morte
761 4871 931 4942 occupetur
959 4869 1128 4945 notoquam
1183 4865 1241 4927 iuit
1259 4866 1450 4928 custoditum
1465 4869 1509 4942 ut,
1536 4867 1613 4927 dum
1635 4864 1724 4925 adest
1747 4857 1881 4940 Superior
1901 4848 1936 4948 vel

337 4955 482 5018 accersiri
495 4955 624 5035 jusserit
644 4953 857 5016 Sacerdotem.
883 4953 1002 5015 Peribit
1022 4954 1128 5032 itaque
1183 4954 1357 5032 delegatus,
1378 4953 1507 5014 inferior
1528 4953 1683 5014 Sacerdos
1705 4951 1854 5013 homiuem
1868 4943 1949 5015 ΜΝ.

337 5043 522 5109 miserrime.
539 5041 633 5121 idque
657 5059 694 5101 ox
718 5041 787 5117 ipsa
805 5039 1026 5101 reservationis
1041 5057 1129 5099 occa·
1182 5042 1361 5121 proximum
1382 5061 1401 5102 a
1420 5039 1587 5102 reservatis
1607 5057 1671 5100 non
1685 5037 1856 5100 absolveret
1876 5031 1935 5106 Eat

338 5131 440 5208 sicne,
458 5149 521 5210 qua
534 5130 651 5191 factum
670 5135 718 5190 est
731 5133 766 5190 ut
779 5147 836 5207 pro
858 5127 987 5189 arbitrio
1005 5127 1129 5188 Confes-
1184 5148 1275 5210 posse
1290 5129 1376 5191 illum
1392 5129 1554 5191 absolvere
1577 5127 1610 5188 in
1634 5127 1695 5188 hoc
1712 5145 1785 5188 casu
1805 5129 1935 5217 perperiti

338 5221 456 5283 sarium
470 5217 528 5280 sibi
544 5218 659 5298 eligere
674 5235 736 5278 non
750 5216 882 5278 licuerit.
900 5216 988 5278 Mitto
1007 5216 1068 5277 alia
1082 5216 1130 5277 iu·
1184 5237 1220 5280 ex
1236 5219 1373 5280 Concilio
1389 5217 1573 5279 Tridentino
1588 5216 1728 5278 infertur.
1743 5212 1935 5303 najaraqsn

339 5307 514 5384 commoda,
532 5325 630 5387 eaque
645 5324 708 5367 non
723 5321 835 5384 pauca,
851 5321 921 5384 quae
943 5305 1129 5365 sententiam
1184 5305 1355 5367 Tridentini
1380 5305 1484 5365 verbis
1508 5303 1638 5364 evidens
1665 5309 1719 5364 est.
1741 5301 1878 5364 Probatur
1892 5295 1934 5350 ¹²²·

339 5395 515 5474 oppositam
530 5394 619 5474 quasi
632 5396 806 5473 sequuntur
820 5395 851 5452 et
865 5391 1073 5464 comitantum
1096 5396 1130 5454 ut
1184 5411 1245 5472 quo
1264 5391 1367 5451 minor
1389 5391 1456 5451 istis
1483 5388 1681 5470 potissimum
1696 5389 1850 5450 Sacrorum
1861 5381 1933 5472 fient

340 5489 397 5559 est,
407 5503 437 5544 v.
448 5483 677 5569 g.,periculum
685 5479 885 5545 revelationis
898 5479 929 5540 in
940 5480 1128 5542 accersendo
1184 5497 1259 5540 num
1280 5479 1440 5544 textibus:
1462 5477 1582 5563 primus
1605 5481 1652 5540 est
1671 5477 1701 5538 in
1724 5474 1819 5556 capite
1837 5467 1860 5530 si
1875 5479 1930 5547 tm»
