4044 6340
733 552 785 614 DE
805 551 1068 616 hermitorio.
1693 559 1733 618 53

38 656 46 815 i
89 737 136 797 het
150 753 184 797 so
198 736 414 801 indifferenter
433 741 473 802 ad
487 759 686 820 consensum,
708 745 739 804 ot
762 741 882 802 dissen—
935 758 1056 818 censue,
1073 745 1103 802 8.
1122 741 1154 802 Si
1169 741 1217 802 vir
1237 741 1339 802 tidelis
1358 741 1481 804 mulieri
1496 742 1613 804 infideli
1629 744 1729 806 dicat:

41 818 45 887 l
91 843 165 904 sum,
181 826 225 888 uh'
245 825 278 886 in
291 828 460 908 posteriori
484 847 569 908 casu,
595 831 651 892 sed
675 828 881 892 determinate
935 827 1177 890 contrcbotecum
1188 827 1420 899 Matrimonium,
1436 832 1463 892 ει·
1476 830 1640 914 ιαριιιενιε,
1657 832 1733 894 item

94 912 230 994 exprimit
242 932 443 995 consensum,
457 917 600 998 quamvis
615 918 673 980 sub
688 917 878 979 conditione.
935 915 961 976 si
976 915 1038 977 duo
1052 915 1161 977 fideles
1176 915 1282 979 dicant
1298 938 1305 979 :
1323 918 1430 980 ictinus
1451 917 1688 990 Matrimonium,
1708 923 1736 984 si

12 900 44 1147 j
88 1003 136 1065 Ad
148 1007 178 1080 2,
197 1022 262 1084 nep.
283 1023 344 1086 seq.
365 1005 531 1086 imprimis,
555 1007 629 1087 quia
647 1007 721 1068 licet
744 1005 880 1067 conditio
934 1005 1182 1086 comparuerirnua
1195 1025 1293 1066 coram
1303 1005 1437 1070 Peracto
1451 1016 1480 1069 ει
1494 1009 1630 1078 testibus:
1642 1010 1729 1088 item,

10 1148 12 1157 .
90 1092 193 1155 illasii
207 1091 246 1152 de
267 1095 415 1172 presenti
438 1095 542 1175 quoad
561 1095 700 1158 divinam
714 1093 882 1175 praescicu·
935 1095 959 1155 si
975 1094 1090 1175 conjux
1104 1094 1188 1156 dicat
1202 1094 1340 1175 innuptae
1358 1117 1364 1158 :
1389 1097 1463 1158 duco
1484 1106 1520 1166 ιε,
1536 1099 1564 1158 εἰ
1576 1118 1656 1159 acor
1668 1119 1733 1162 mcc

90 1181 175 1256 tiam,
194 1185 299 1242 tamen
319 1200 404 1244 nunc
431 1183 472 1244 ob
490 1183 691 1244 intrinsecam
714 1182 882 1246 connexio·
934 1183 1029 1264 fuerit
1047 1192 1176 1252 mortua,
1205 1191 1258 1245 etc.
1288 1185 1396 1266 utique
1420 1186 1497 1248 nihil
1520 1187 1650 1265 faciunt,
1675 1189 1732 1250 sed

934 1277 1044 1353 postca
1070 1271 1199 1352 impleta
1226 1271 1404 1336 conditione
1432 1275 1603 1355 requiritur
1631 1295 1731 1338 novus

934 1377 1114 1436 consensus,
1132 1358 1205 1438 qnia
1220 1375 1331 1436 nempe
1355 1359 1387 1418 in
1408 1360 1475 1422 istis
1489 1360 1731 1424 circumstantiis

934 1451 1007 1508 sunt
1020 1447 1146 1508 omnino
1161 1443 1315 1508 inhabiles
1339 1447 1379 1508 ad
1403 1447 1653 1511 contrahendum
1667 1449 1730 1513 tale

934 1536 1181 1608 Matrimonium
1204 1553 1279 1615 argo
1303 1534 1445 1598 similiter
1468 1537 1499 1598 in
1519 1541 1625 1600 nostro
1641 1557 1726 1602 casu.

934 1627 1072 1705 Utraque
1087 1622 1241 1685 sententia
1255 1629 1302 1684 est
1315 1624 1498 1702 probabilis,
1520 1625 1577 1686 scd
1591 1626 1730 1690 secunda

934 1712 1058 1774 videtur
1067 1709 1270 1791 probabilior,
1284 1711 1356 1772 hinc
1367 1711 1408 1772 ad
1418 1713 1574 1774 rationem
1583 1734 1664 1777 num.
1676 1719 1727 1793 84,

934 1801 1101 1880 allegatam
1115 1799 1185 1860 dico
1200 1817 1262 1878 nou
1278 1817 1345 1860 esse
1359 1799 1434 1862 satis
1453 1819 1642 1864 consensum
1656 1821 1730 1864 con·

16 1306 18 1331 ε
90 1287 160 1329 nem
174 1287 245 1330 cum
259 1275 374 1330 eventu
395 1271 499 1334 tuturo
518 1272 702 1334 naturaliter
716 1273 881 1350 incognos-

14 1354 17 1413 l
90 1354 184 1432 cihili,
199 1359 245 1418 est
258 1375 344 1420 nnnc
358 1364 479 1421 remota
493 1377 513 1420 a
526 1361 714 1422 commercio
728 1359 878 1436 humano,

17 1476 18 1481 κ
90 1461 164 1522 ergo
188 1462 249 1506 non
270 1450 318 1508 εει
338 1451 413 1527 apta
435 1449 624 1510 commercio
653 1448 790 1510 humano
818 1447 880 1508 cxi-

18 1590 20 1615 ,
90 1532 174 1612 genti
188 1533 325 1596 valorem
349 1535 388 1596 de
412 1537 557 1615 presenti
579 1557 586 1598 :
610 1536 723 1598 deinde
743 1535 879 1598 conditio

20 1616 23 1661 ἰ
91 1621 142 1682 illa
155 1622 381 1686 tacitvalorem
404 1629 583 1688 contractus
604 1625 685 1687 illius
708 1643 824 1705 ponere
839 1626 880 1686 ab

26 1772 27 1779 ,
94 1711 222 1790 ipsomet
240 1714 355 1773 eventu
376 1713 494 1790 futuro,
520 1733 596 1794 ergo
626 1714 802 1793 oportctdc
825 1713 880 1775 tali

26 1796 29 1841 t
97 1801 250 1860 contractu
264 1799 362 1880 loqui,
379 1800 469 1862 sicuti
484 1803 509 1862 si
526 1803 616 1865 fieret
629 1803 687 1863 sub
701 1801 879 1863 conditione

98 1887 132 1948 de
145 1887 254 1950 futuro.
283 1886 364 1960 Quid
379 1888 485 1952 dicant
498 1893 643 1952 auctores
661 1889 767 1970 aliqui,
784 1890 881 1952 siab-

98 1973 231 2036 solutieni
254 1977 472 2039 sacramentali
488 1978 623 2040 addatur
640 1979 708 2039 hac
723 1978 877 2040 conditio:

98 2059 204 2122 eteelco
216 2071 253 2140 ιε,
268 2065 297 2124 si
310 2065 388 2126 Deus
400 2073 559 2148 coquerent,
576 2065 656 2148 quod
663 2066 877 2132 auresaures.

100 2147 219 2212 dizilib.
235 2155 265 2228 6,
280 2171 313 2231 p.
331 2155 359 2230 l,
377 2171 463 2214 num.
480 2157 529 2218 84.

134 2241 189 2320 §a
212 2241 317 2303 Potest
339 2240 412 2302 iniri
435 2240 669 2304 Matrimonium
692 2242 751 2304 sub
772 2241 879 2303 condi-

104 2327 184 2404 tione,
198 2327 225 2388 si
233 2328 270 2388 ais
283 2328 381 2410 circe,
398 2327 430 2390 id
445 2333 501 2407 est,
518 2329 544 2390 si
562 2330 722 2410 explorata
736 2349 755 2391 a
768 2330 879 2390 mulie-

106 2415 178 2476 ribus
190 2415 295 2495 peritis
309 2416 463 2496 judiceris
477 2436 544 2480 esse
560 2418 659 2498 virge.
676 2421 701 2481 Ε
715 2423 835 2496 contra,
852 2418 878 2480 si

934 1888 1125 1952 trahentium
1149 1885 1257 1946 referri
1280 1886 1320 1947 ad
1353 1891 1488 1968 tempus,
1523 1908 1584 1968 quo
1610 1889 1730 1952 habiles

934 1981 1036 2052 erunt,
1060 1975 1115 2036 sed
1135 1973 1250 2036 debere
1279 1977 1357 2052 tum,
1379 1974 1504 2055 quando
1526 1977 1727 2055 contrahunt,

934 2083 1001 2126 esse
1025 2064 1145 2125 habiles
1164 2062 1204 2122 ad
1223 2061 1496 2137 contrahendum
1523 2065 1602 2126 tales
1623 2069 1729 2128 autem

933 2152 1073 2231 impediti
1089 2155 1161 2214 sunt
1175 2151 1300 2212 omnino
1315 2152 1469 2214 inhabiles
1484 2152 1524 2213 ad
1540 2154 1730 2216 contrahen-

934 2239 1009 2301 dum
1024 2241 1084 2302 ullo
1099 2238 1194 2300 modo
1209 2238 1453 2317 Matrimonium,
1467 2243 1572 2303 tamen
1583 2259 1646 2302 nou
1657 2241 1727 2304 ideo

933 2328 1109 2390 inhabilitat
1119 2327 1159 2388 ad
1175 2326 1250 2388 illud
1265 2327 1523 2406 promittendum,
1540 2329 1585 2390 uti
1595 2333 1683 2410 patet
1696 2329 1728 2390 in

933 2417 1158 2496 impuberibus,
1182 2415 1235 2495 qui
1255 2415 1358 2476 valide
1373 2416 1561 2494 promittunt
1577 2435 1634 2496 pro
1650 2421 1727 2481 tem-

932 2525 1008 2588 pore
1027 2504 1210 2585 pubertatis,
1235 2521 1297 2584 qua
1320 2504 1428 2566 hahita
1442 2505 1613 2586 requiritur
1627 2525 1727 2569 novus

933 2612 1042 2657 eorum
1056 2611 1236 2656 consensus.

106 2522 198 2566 ansus
223 2505 410 2567 conditionis
432 2507 582 2587 apposita
606 2513 688 2570 essct
708 2508 769 2585 hic,
799 2507 878 2569 siin

107 2591 191 2670 prima
203 2592 313 2672 copula
327 2610 474 2672 reperere
489 2597 519 2655 te
537 2612 604 2656 esse
623 2593 787 2674 virginem,
805 2611 879 2656 con·

108 2679 169 2742 ditio
182 2686 224 2744 eet
240 2683 352 2762 turpis,
376 2683 451 2762 quia
469 2687 619 2762 provocat
641 2683 681 2744 ad
703 2683 879 2745 taciendam
971 2685 1039 2763 §8.
1070 2682 1128 2755 Qui
1151 2681 1210 2742 suh
1233 2678 1412 2742 conditione
1440 2681 1479 2742 de
1507 2681 1613 2743 futuro
1637 2682 1727 2745 duxit
1754 2691 1796 2738 alc

933 2790 1038 2849 unam,
1068 2771 1094 2831 si
1127 2773 1199 2830 ante
1234 2774 1381 2829 eventum
1416 2769 1602 2830 conditionis
1633 2771 1728 2833 ducat

932 2861 1037 2936 aliam,
1053 2857 1158 2920 illicite
1172 2856 1248 2936 agit,
1264 2856 1319 2917 scd
1335 2855 1446 2918 valide.
1468 2857 1500 2919 Si
1512 2862 1618 2919 autem
1628 2858 1727 2920 duxe-

931 2948 972 3009 rit
986 2948 1064 3009 duas
1079 2946 1137 3008 snb
1158 2943 1336 3006 conditione
1357 2945 1422 3022 tali,
1440 2964 1513 3010 cum
1526 2945 1579 3007 illa
1595 2947 1723 3025 valebit,

932 3054 1073 3117 cumque
1082 3033 1218 3096 conditio
1226 3032 1312 3112 prius
1318 3034 1544 3114 complectitur,
1556 3035 1598 3098 ita
1608 3035 1722 3098 Saneh.

109 2773 270 2847 potestatem
298 2771 451 2850 corperis,
482 2772 665 2851 priusquam
697 2773 737 2833 sit
768 2791 878 2834 verum

109 2856 328 2935 Matrimonium,
354 2859 399 2920 ita
419 2859 517 2920 llrim.
547 2877 579 2920 e.
603 2861 673 2936 827,
703 2878 776 2921 cum
797 2860 875 2938 aliia,

110 2947 181 3023 Sper.
195 2965 294 3028 supra.
321 2947 401 3009 Gob.
418 2955 503 3010 tract.
529 2950 577 3024 l8,
598 2967 679 3008 num.
695 2951 764 3025 461,
782 2950 807 3010 si
822 2968 878 3010 eu-

110 3035 158 3094 tem
168 3053 271 3096 sensus
284 3035 335 3112 sit,
351 3036 380 3096 si
396 3054 429 3096 re
442 3035 508 3117 r'psn
520 3036 561 3096 sis
574 3037 669 3116 uirpo,
686 3034 770 3116 quod
784 3035 879 3096 relin-

111 3139 157 3202 quo
170 3125 225 3182 tuae
245 3121 458 3198 conscientia,
479 3122 505 3182 si
520 3122 637 3184 sciatur
650 3124 769 3184 intenta
782 3121 877 3182 luisse
932 3125 1047 3186 Dicast.
1065 3122 1141 3184 Gob.
1167 3128 1254 3182 treet.
1272 3123 1320 3198 10,
1337 3139 1418 3180 nem.
1435 3124 1505 3198 tra,
1528 3123 1619 3200 Spor.
1635 3141 1726 3204 cupre

111 3210 161 3272 bec
172 3211 314 3289 conditio,
331 3215 363 3272 et
377 3211 447 3290 ipsa
461 3229 523 3272 non
540 3212 581 3273 sit
601 3211 701 3292 virgo,
718 3211 878 3275 Matrimo-
932 3222 960 3276 ct
973 3232 1053 3274 cum.
1072 3213 1139 3273 182.
1153 3209 1241 3282 Quod
1256 3207 1282 3268 si
1291 3206 1427 3270 conditio
1438 3209 1530 3270 simul
1544 3209 1722 3289 impleatur,

111 3297 555 3362 niumsecuudumdictanum.
571 3301 875 3379 240,noovalebit¹‚
932 3305 1022 3364 Pont.
1052 3301 1128 3362 dicit
1150 3297 1237 3379 prius
1268 3297 1502 3360 Matrimonium
1524 3301 1725 3378 tenerc,1.e-
1811 3339 1816 3346 -

111 3384 229 3450 dautem
248 3388 421 3464 dubitetur,
446 3406 486 3448 an
508 3387 645 3449 conditio
669 3388 709 3450 sit
727 3388 808 3449 serio
831 3388 877 3448 in·
931 3390 1029 3452 deame
1043 3389 1119 3450 dicit
1138 3388 1242 3448 valere
1261 3387 1445 3464 secundum,
1463 3387 1574 3450 Sancte.
1590 3398 1619 3451 ct
1632 3387 1721 3471 Sper.

111 3477 183 3552 tenu,
198 3493 306 3552 necne,
328 3474 428 3536 lirim.
452 3493 532 3536 cum.
554 3476 623 3550 858,
648 3477 739 3553 putat
757 3475 876 3536 censeri
932 3499 1004 3541 cum
1017 3478 1086 3540 aliis
1100 3475 1293 3556 probabilius
1312 3475 1421 3536 dicunt
1444 3481 1590 3538 neutrum
1605 3478 1721 3555 valere,

110 3580 154 3624 non
174 3564 337 3645 adjectam,
358 3562 492 3642 ideoque
515 3562 620 3624 valere
643 3561 877 3624 Matrimonium
932 3569 1005 3650 quia
1018 3568 1050 3628 in
1064 3569 1081 3629 J
1085 3584 1140 3627 nra
1155 3567 1230 3644 Gap.
1246 3561 1301 3624 Ec
1316 3563 1436 3633 titteris,
1453 3563 1489 3627 de
1501 3565 1629 3648 εροιιεαι.
1646 3565 1723 3629 dici-

108 3659 211 3732 propter
223 3653 309 3714 dicta
332 3668 409 3712 num
426 3653 496 3726 238,
512 3649 586 3730 quia
603 3654 650 3711 εει
664 3650 703 3711 de
721 3650 802 3713 facto
819 3651 878 3710 im·
931 3659 992 3732 tur,
1010 3653 1094 3728 cuod
1108 3652 1296 3715 incertitudo
1312 3651 1399 3714 vitiet
1408 3654 1653 3716 Matrimonium.

107 3741 247 3820 possibilis,
276 3739 333 3801 sed
361 3738 434 3800 ride
462 3737 596 3799 dicenda
623 3757 703 3800 nem.
735 3742 808 3818 848,
838 3737 879 3800 cd
969 3741 1724 3821 §ttSiprimusconsensusconditionatusfuerit
1751 3760 1791 3804 air

104 3829 183 3910 etit
930 3830 1063 3908 validus,
1082 3833 1113 3892 at
1140 3826 1361 3891 contrahentes
1383 3830 1613 3907 permanserint
1633 3830 1723 3892 habi-

97 4180 271 4262 dispensare‚
304 4181 388 4244 valet
411 4181 583 4242 secundum
607 4183 734 4244 Govarr.
760 4183 871 4261 Angel.
928 4183 1101 4246 dormirent
1123 4180 1239 4260 sponsi,
1265 4179 1310 4240 uti
1333 4183 1441 4242 tenent
1460 4179 1541 4242 Abb.
1558 4182 1625 4242 lnn.
1643 4185 1722 4244 Hos-

93 4271 161 4334 llou.
176 4273 264 4334 Pont.
291 4271 407 4332 Bonac.
431 4270 498 4332 Dic.
525 4269 639 4331 Saneh.
664 4269 717 4331 lit.
741 4273 772 4347 5,
795 4271 824 4332 d.
841 4274 871 4348 8,
927 4271 1002 4332 tien.
1024 4270 1132 4332 Palud.
1161 4267 1276 4331 Saneh.
1293 4269 1372 4346 Lug.
1389 4267 1504 4330 Dicast.
1525 4270 1624 4332 Gastr.
1642 4270 1672 4333 d.
1689 4276 1719 4349 2,

49 2223 82 2270 tu

56 3891 63 3902 ¹
132 3877 431 3997 §liblahimonium
451 3917 491 3978 ab
515 3917 673 3997 impeditis
691 3915 874 3979 iuitumsuh
929 3922 985 3997 les,
1002 3939 1057 3980 seu
1072 3937 1134 3980 nou
1146 3916 1298 3997 impediti,
1315 3916 1406 3978 valde
1421 3918 1584 3996 probabile
1600 3924 1647 3982 est
1658 3921 1722 3982 Ma·

100 4005 268 4084 conditione,
292 4003 420 4086 siPcpo
440 4004 589 4087 dispenset,
606 4006 632 4067 si
647 4005 687 4068 sit
700 4005 763 4068 tale
777 4005 873 4085 impe·
928 4008 1110 4071 trimonium
1131 4006 1259 4086 impleta
1278 4005 1455 4067 conditione
1470 4007 1531 4069 hoc
1544 4007 1612 4086 ipso
1627 4008 1723 4070 ctiam

98 4093 264 4172 timentum,
281 4092 314 4154 in
334 4111 396 4172 quo
412 4095 497 4173 Papa
507 4093 591 4174 juste
605 4092 714 4172 possit,
731 4097 762 4155 ει
776 4095 875 4156 soleat
928 4096 995 4158 sine
1010 4111 1091 4156 novo
1106 4110 1258 4156 consensu
1270 4109 1337 4152 esse
1351 4091 1502 4168 validum,
1519 4093 1640 4155 etiamsi
1655 4098 1723 4156 tum

88 4359 178 4422 lirim
206 4379 227 4421 c
240 4378 322 4421 rum.
338 4361 409 4436 853,
431 4361 461 4420 et
475 4357 563 4434 aliea,
595 4363 626 4420 ct
648 4357 784 4419 rationes
799 4359 874 4421 insi·
925 4378 956 4440 p.
976 4361 1023 4436 ll,
1035 4359 1053 4438 ἕ
1067 4361 1096 4435 l,
1112 4377 1142 4417 c.
1159 4359 1190 4433 5,
1207 4355 1293 4434 Sylv.
1306 4357 1425 4416 Aversa
1440 4363 1542 4438 quast.
1558 4360 1589 4433 5,
1604 4367 1672 4420 sect.
1690 4363 1719 4436 l,

90 4453 183 4510 neate
199 4452 272 4511 suut
288 4465 375 4510 num.
391 4451 441 4525 84,
466 4447 520 4508 ubi
538 4445 601 4508 disi
616 4447 655 4508 de
676 4449 872 4525 sponsalibus
928 4448 1004 4511 Goh.
1021 4455 1106 4508 treet.
1131 4448 1180 4521 lt),
1197 4463 1278 4504 crem.
1290 4445 1360 4521 454,
1378 4445 1468 4523 Sper.
1486 4463 1517 4506 n.
1533 4447 1590 4506 287
1607 4453 1636 4506 ει
1649 4449 1719 4524 237,

88 4535 165 4598 initis
173 4537 230 4598 suh
239 4535 429 4614 conditione,
446 4536 471 4597 si
486 4538 572 4614 Papa
586 4535 754 4616 dispenset.
771 4540 873 4618 Oppo·
926 4537 1021 4598 Krim.
1040 4554 1071 4596 a.
1087 4536 1146 4597 483
1161 4542 1190 4595 et
1208 4537 1278 4609 868,
1295 4533 1421 4613 aliique,
1439 4533 1582 4612 quamvis
1597 4539 1721 4597 contra-

88 4624 176 4686 situm
200 4627 309 4689 teuent
334 4627 404 4687 lon.
436 4625 550 4688 Rusell.
574 4623 654 4686 Vict.
689 4627 754 4686 Sol.
784 4627 871 4703 Lugo
927 4624 1033 4686 dicunt
1046 4621 1182 4684 Buscmt.
1199 4624 1231 4682 et
1244 4619 1307 4688 alii,
1320 4638 1398 4700 quos
1407 4620 1614 4683 refertAcers.
1632 4623 1721 4685 Ratio

7 4733 9 4774 l
91 4711 198 4791 aliique
215 4731 287 4776 cum
310 4715 419 4774 Avers.
449 4733 479 4795 q.
505 4716 535 4790 5,
558 4719 625 4774 rect.
648 4715 677 4773 8.
708 4711 872 4774 Rationem
927 4717 983 4774 est:
1003 4715 1030 4774 l.
1049 4709 1127 4784 Quia
1144 4709 1187 4770 illi
1203 4713 1381 4770 contractus
1400 4707 1605 4773 conditionati
1620 4711 1723 4791 posita

99 4991 148 5034 sue
159 4974 188 5035 in
199 4975 425 5038 Matrimonium
438 4977 479 5038 ab
492 4975 581 5040 initio
596 4980 643 5039 εει
657 4977 778 5048 nullus;
796 4993 872 5055 ergo
926 4975 1084 5040 communi
1099 4974 1153 5036 lib.
1171 4974 1201 5052 3,
1218 4991 1249 5050 p.
1261 4975 1291 5049 2,
1308 4990 1385 5033 num
1398 4975 1468 5050 805,
1487 4991 1546 5034 nec
1560 4971 1646 5036 aliud
1660 4971 1722 5034 dis-

104 5064 137 5120 ut
145 5061 360 5125 Matrimonium
373 5064 486 5140 valeat,
503 5062 678 5144 dehetponi
690 5083 872 5126 novuscon-
925 5063 1014 5144 ponit
1036 5060 1177 5126 Ecclesia
1192 5059 1276 5122 circa
1297 5063 1492 5122 contractum
1511 5059 1720 5133 Matrimonii;

144 5295 413 5354 laudetenuae.
431 5303 459 5352 in
478 5303 639 5354 conruent
661 5303 690 5352 24
710 5304 784 5354 Febr.
803 5307 870 5364 titt,
927 5305 1073 5368 conjugum
1093 5304 1172 5354 dictis
1194 5301 1382 5354 tautummodo
1398 5299 1575 5358 inniteretur3
1602 5314 1654 5350 neu
1671 5316 1720 5350 air-

125 5363 145 5412 T·
157 5366 266 5430 built,
279 5373 464 5434 pronuntiarit,
482 5387 538 5424 nou
552 5376 676 5422 constare
694 5373 727 5424 dc
746 5375 871 5426 nullitate
926 5379 991 5436 tem,
1010 5375 1082 5437 quod
1107 5376 1132 5424 S.
1150 5373 1177 5422 C.
1198 5371 1343 5430 censuerit,
1368 5369 1492 5418 validum
1509 5384 1565 5420 esse
1585 5371 1723 5422 Matrimo-

129 5429 314 5510 llutrimoniisub
328 5442 519 5493 reconditione
539 5443 682 5504 contracti,
698 5447 721 5494 st
740 5459 766 5495 cs
785 5447 871 5506 Vtrco,
927 5445 1004 5494 nium
1020 5445 1070 5493 suh
1090 5457 1120 5494 ca
1138 5441 1294 5492 conditione
1309 5439 1484 5498 celebratum,
1502 5440 1644 5492 clctlcicntc
1659 5455 1721 5490 rou·

134 5500 180 5547 rude
196 5504 280 5557 tectum
296 5515 340 5570 cst,
358 5513 425 5574 qued
447 5513 611 5565 conditionis
635 5515 713 5563 istius
736 5513 872 5578 appositio
928 5514 1039 5564 ditione.

7 4775 65 6191 ὃ
93 4796 172 4862 dant:
189 4800 464 4880 l.0uiapersouae
483 4801 562 4863 tales
575 4803 648 4862 suut
661 4799 816 4861 inhabiles
831 4799 872 4860 ad
926 4799 1104 4864 conditione
1117 4799 1198 4860 fiunt
1211 4795 1344 4858 absoluti
1366 4795 1433 4857 sinc
1457 4814 1537 4859 nevo
1553 4815 1720 4876 consensu,

98 4901 180 4946 omne
195 4885 441 4960 Matrimonium
459 4905 533 4966 crgo
549 4889 600 4950 hie
614 4906 723 4950 eorum
739 4905 872 4948 consen·
926 4888 970 4952 uti
985 4889 1154 4949 constatex
1170 4887 1187 4947 J
1191 4903 1245 4946 ure
1260 4884 1344 4964 apud
1363 4883 1513 4953 Acerram,
1526 4887 1558 4946 et
1571 4885 1634 4948 disi
1649 4905 1722 4948 eum
