3968 6346
333 567 357 628 G
676 559 797 624 innuit
818 557 991 622 essenii.
1312 561 1336 622 (l

30 753 101 807 solnm
114 765 160 818 pro
176 753 268 804 dubiis
285 751 470 816 singularibus
492 747 729 812 interrogantium,
746 759 807 810 qrrae

29 839 72 877 non
92 825 218 890 obligant,
243 822 361 873 maxime
384 821 493 884 qnando
518 821 638 883 legitime
663 833 718 869 non
742 821 807 868 sunt

31 895 172 962 subscripta
187 899 214 945 et
229 895 319 960 sigillo
335 893 456 954 munitm,
473 906 500 942 n.
516 893 571 942 213.

181 1000 390 1052 CONGRESSUS
411 998 635 1050 renuntiantis.

51 1100 205 1163 4004444444
219 1097 381 1149 innaturalis
403 1097 460 1146 sive
482 1095 657 1145 inordinatus
680 1095 729 1154 est,
745 1103 807 1141 cum

30 1168 106 1220 onnia
116 1168 238 1218 ordinate
253 1169 398 1218 servantur
411 1169 509 1230 praeter
524 1163 635 1215 modum
649 1162 807 1223 accedendi,

29 1238 65 1305 qai
77 1238 247 1288 inordinatus
262 1239 311 1300 441,
327 1237 344 1287 1.
360 1239 384 1298 3,
403 1249 427 1298 p.
446 1239 468 1298 l,
484 1249 510 1284 n.
527 1235 583 1286 313.

214 1351 408 1410 conludium,
426 1349 600 1400 CONJUGES.

52 1453 176 1518 Coniuges
199 1451 330 1502 dicuntur
351 1463 409 1499 mas
433 1451 460 1498 et
487 1448 586 1498 lamina
612 1445 751 1509 coniuncti
773 1445 801 1493 in

28 1525 185 1574 Matrimonia
201 1523 272 1584 qnod
290 1521 391 1571 dicitur
405 1520 587 1583 conjugiuma
606 1517 805 1580 conjungendo,

28 1593 73 1654 16,
85 1609 111 1658 p.
126 1595 150 1654 3,
174 1607 201 1642 4.
220 1595 245 1644 5.
260 1593 319 1642 1)οο
343 1604 450 1641 menses
474 1590 514 1639 illi
538 1589 724 1638 conceduntur
743 1589 807 1636 ante

29 1667 231 1714 eansnmmatum
253 1659 457 1713 Matrimonium
482 1673 530 1724 pro
549 1658 757 1718 deliberatione,
773 1670 806 1706 an

29 1734 99 1784 velint
112 1733 282 1798 ltetigionem
297 1730 412 1795 ingredi,
428 1743 447 1779 a
468 1743 541 1780 nram.
558 1731 611 1778 419.
629 1729 656 1779 84
676 1728 810 1778 alteruter

28 1805 178 1855 novitiatum
205 1802 375 1867 ingrediatur
397 1801 479 1865 (quod
502 1799 584 1850 etiam
608 1800 696 1848 invito
719 1797 806 1847 altero

28 1875 99 1926 iacere
113 1873 371 1940 401441),011444444
386 1870 585 1922 Proiessionem
600 1873 742 1932 expectare
760 1868 809 1918 de-

28 1945 72 2007 het,
90 1947 238 2008 antequam
256 1957 317 1993 curn
336 1941 391 1992 alio
410 1942 563 2001 contrahat,
586 1953 660 1990 num.
679 1939 767 1999 419,1.
784 1939 806 1998 4,

28 2029 89 2066 nam.
105 2017 158 2066 143.
178 2015 270 2064 Primo
284 2010 408 2062 bimestri
425 2013 539 2074 possunt
560 2009 665 2072 ingredi
688 2005 807 2070 Religio·

28 2102 87 2150 nem,
111 2086 237 2150 quamvis
256 2087 320 2132 ante
338 2083 540 2133 Matrimonium
563 2081 709 2131 habuerint
724 2093 809 2142 copu-

28 2159 81 2218 hm,
97 2157 114 2206 1.
129 2158 154 2218 6,
171 2169 197 2218 p.
212 2155 237 2216 3,
254 2168 281 2203 n.
300 2155 355 2202 425.
376 2151 463 2201 Etiam
479 2155 539 2215 post
564 2151 691 2201 bimestre
711 2150 808 2199 tandiu

27 2233 126 2292 possunt
140 2225 245 2290 ingredi
259 2223 438 2288 Religionem,
459 2223 581 2286 quandiu
605 2221 808 2271 Matrimonium

29 2311 72 2350 004
92 2297 322 2355 consummarunt,
343 2294 450 2344 etiarnsi
473 2291 566 2342 illicite
590 2291 642 2341 sihi
666 2292 808 2354 negassent

28 2367 147 2429 debitum,
163 2366 181 2415 1.
197 2365 223 2426 6,
243 2377 268 2427 p.
284 2366 309 2424 3,
327 2376 354 2411 4.
369 2365 424 2412 119.
440 2363 467 2412 84
483 2361 605 2410 invalide
621 2360 731 2424 professi
746 2362 809 2408 sunt

28 2437 191 2502 Religionem,
206 2433 385 2498 probabiliter
400 2436 527 2482 tenentur
540 2431 573 2480 ad
589 2431 744 2480 Castitatem
756 2431 809 2478 sta-

28 2509 61 2558 tui
72 2520 226 2570 congr-uam,
241 2517 268 2553 n.
285 2505 339 2553 543.
356 2503 451 2552 Coram
473 2501 637 2550 praedicante
653 2502 679 2548 et
693 2499 808 2547 testibus

28 2577 207 2628 contrahentes
216 2575 245 2623 in
256 2573 315 2623 loco
326 2570 445 2634 Principi
461 2571 593 2620 catholico
608 2570 737 2634 subjecto,
751 2571 809 2630 post

28 2646 137 2696 conversi
152 2646 186 2695 ad
197 2642 288 2704 iidem,
305 2640 400 2691 divelli
415 2655 470 2690 non
490 2643 612 2705 possunt,
624 2651 697 2689 num.
709 2640 763 2688 442.
780 2638 807 2688 84

27 2731 107 2768 eorum
132 2729 206 2766 unns
220 2714 374 2777 baptizatus
392 2723 447 2760 non
466 2711 568 2772 inisset,
586 2714 698 2774 possunt
716 2706 751 2757 ab
766 2708 809 2756 in·

28 2787 102 2838 vicem
115 2785 252 2846 recedere,
267 2783 309 2834 vel
325 2781 428 2831 debent
438 2785 498 2844 post
513 2781 677 2842 Baptismnm
693 2789 809 2828 consen-

27 2871 78 2907 sum
91 2868 231 2916 renomre,
247 2867 273 2903 n.
289 2853 344 2901 316.
364 2851 392 2901 84
404 2849 545 2900 dubitetur
559 2851 592 2899 de
607 2850 755 2912 baptismo,
767 2852 808 2896 te-

28 2931 115 2978 nentur
133 2937 243 2976 manere
263 2923 292 2971 in
317 2920 500 2980 Matrimonio,
527 2919 563 2968 ib.
588 2920 704 2970 Possunt
734 2919 809 2967 licite

26 2995 151 3048 abstinere
173 2995 208 3043 ab
231 3007 282 3042 nau
302 2989 471 3041 Matrimonii
502 2992 529 3040 ct
553 2989 685 3054 petitione
710 2987 808 3048 debiti,

26 3069 110 3128 4223,
122 3067 179 3116 351.
195 3064 355 3126 Obligantnr
369 3061 402 3110 ad
419 3059 600 3110 redditionem
616 3059 711 3117 debiti,
726 3058 750 3107 si
765 3071 809 3120 pe·

28 3139 99 3197 14444,
114 3137 198 3186 etiam
213 3131 317 3194 illicite,
333 3145 408 3180 num.
423 3132 477 3180 351.
494 3131 552 3178 Non
566 3129 737 3179 tenenturad
748 3127 808 3176 red-

28 3207 150 3259 ditionem
173 3203 260 3255 debiti
273 3203 303 3252 in
318 3201 496 3265 sequentibus
509 3199 630 3249 casibus:
649 3203 669 3248 1.
689 3199 716 3249 84
729 3197 809 3247 011444

26 3277 86 3329 illud
103 3274 245 3328 remiserit
266 3278 288 3324 2.
305 3275 332 3325 84
351 3277 445 3336 petens
469 3272 505 3322 sit
529 3283 632 3331 amens,
651 3269 808 3329 celebrius,

27 3347 64 3398 rel
76 3347 232 3397 maechatus.
248 3346 270 3394 3.
287 3343 314 3394 84
330 3340 486 3406 cognoverit
503 3340 730 3404 correanguineam
742 3351 809 3388 uxo-

26 3419 58 3468 144
73 3419 99 3468 44
114 3423 138 3479 1,
153 3417 195 3466 441
214 3419 228 3466 2
245 3415 342 3479 gradu.
371 3416 393 3463 1.
411 3413 436 3464 84
456 3413 541 3462 444440
556 3413 691 3474 comperte
705 3408 811 3459 voverit

25 3491 176 3540 castitatem.
192 3489 214 3536 5.
231 3487 258 3537 Si
269 3485 373 3535 laboret
383 3483 478 3532 morbo
488 3481 652 3545 contagioso.
663 3483 686 3531 6.
699 3482 726 3531 84
742 3493 810 3530 rrxor

26 3559 122 3610 laboret
131 3559 198 3610 iebri
214 3557 255 3607 441
270 3557 325 3606 4110
337 3556 441 3606 morbo.
453 3557 475 3603 4.
491 3556 621 3618 Tempore
632 3552 773 3601 menstrui.
785 3553 808 3600 s.

26 3631 130 3684 840404
148 3631 184 3680 441
197 3629 318 3694 gravida.
334 3629 356 3676 3.
378 3627 407 3676 84
426 3629 535 3689 petatur
556 3624 637 3674 modo
652 3622 809 3684 innaturali,

26 3703 115 3752 4351.
139 3701 278 3750 ’14444104
300 3697 335 3746 441
355 3696 596 3754 cohabitationem,
622 3694 658 3742 ib.
674 3693 811 3743 1104444444

25 3769 157 3820 communi
172 3780 305 3817 consensu
322 3768 482 3825 conpetere
496 3761 630 3822 debitum,
646 3763 667 3810 si
682 3761 811 3810 alteruter

24 3841 171 3890 adverteret
183 3838 300 3888 alterum
323 3837 444 3900 indigere
469 3835 503 3884 ob
524 3833 674 3898 periculum
696 3831 811 3880 inconti-

25 3913 129 3970 nentiae,
142 3911 259 3974 possent,
270 3908 326 3957 imo
336 3905 515 3970 probabiliter
525 3906 681 3954 tenerentur
691 3903 743 3951 sibi
755 3915 811 3950 rnn-

25 3981 185 4031 iaereddere
194 3979 319 4029 debitum
329 3998 336 4036 ς
347 3975 423 4026 414441
437 3979 485 4036 444,
495 3976 518 4024 44
529 3973 665 4023 communi
678 3985 810 4021 consensu

11 4047 235 4101 'irrevocabiliter
252 4047 389 4096 vovissent
415 4045 577 4104 castitatem,
601 4053 675 4092 num.
701 4043 755 4090 343.
784 4040 811 4090 84

11 4143 13 4180 3
24 4129 75 4168 404
93 4122 203 4170 ser-rent
218 4119 301 4168 situm
325 4117 369 4165 vel
390 4113 542 4164 naturalem
558 4111 669 4162 modurn
684 4111 811 4171 coeundi,

11 4187 166 4254 aliqnando
188 4190 303 4252 peccant
317 4186 412 4236 saltem
428 4184 580 4244 venialiter,
597 4195 671 4232 num.
687 4185 740 4231 332.
757 4182 812 4231 11144

24 4257 104 4310 licent
116 4273 159 4321 ea,
175 4272 236 4322 quae
252 4257 345 4308 reterri
360 4258 477 4320 possunt
486 4255 520 4304 ad
533 4259 623 4304 actum
634 4253 811 4317 conjugalem,
832 4307 836 4316 Ι

24 4329 134 4380 nisime
151 4331 185 4380 ob
199 4329 318 4392 aliquam
334 4325 567 4376 circumstantiam
584 4324 762 4373 extmnsecam
778 4322 813 4372 sit

23 4399 143 4461 illicitas,
156 4415 170 4448 a
181 4413 208 4448 n.
218 4401 273 4449 349.
286 4397 541 4454 11144140441144144,
557 4397 681 4457 aspectus
695 4396 722 4441 et
731 4393 813 4442 rerba

21 4471 120 4532 turpia,
136 4483 224 4534 perse
239 4467 388 4538 loquendo,
407 4465 430 4516 si
446 4466 596 4515 reserantur
617 4465 651 4513 ad
671 4464 811 4526 4044144444

21 4539 124 4590 sivero
143 4541 251 4592 abillis
271 4539 339 4588 liant
361 4537 506 4600 separatim
535 4540 642 4585 tanturn
666 4535 814 4598 voluptatis

22 4619 110 4673 00444,
127 4612 238 4674 peccant
253 4608 404 4667 venialiter,
420 4610 447 4656 et
462 4606 483 4656 si
498 4607 673 4669 conjunctum
690 4605 726 4654 sit
742 4604 814 4667 peri·

22 4679 113 4730 calam
129 4680 296 4744 pollutionis,
311 4680 359 4728 aut
369 4677 488 4726 habeant
498 4679 591 4726 votam
601 4675 743 4734 castitatis,
755 4687 814 4737 pcc·

21 4755 83 4800 eant
97 4761 148 4816 per
166 4763 196 4800 ea
210 4751 370 4810 mortaliter,
387 4761 412 4797 n.
432 4749 470 4808 23,
495 4747 513 4797 l.
529 4749 568 4806 34,
583 4761 608 4810 p.
625 4749 649 4807 1,
664 4759 690 4795 n.
712 4747 766 4795 834.
785 4745 813 4795 84

11 4827 70 4884 'per
81 4823 208 4884 aspectus
225 4821 398 4884 exponentes
413 4817 534 4882 periculo
544 4815 739 4875 distillationis‚
751 4828 813 4877 pro-

12 4885 142 4942 habilius
158 4896 267 4954 peccant
282 4889 441 4950 mortaliter,
461 4901 536 4937 num.
556 4889 609 4936 311.
628 4886 656 4937 84
671 4884 816 4949 pertricent

22 4961 142 5012 verenda
157 4961 225 5011 cirea
239 4975 286 5011 vas
300 4964 494 5024 preposterum
508 4959 610 5022 absque
624 4957 745 5021 periculo
755 4957 814 5017 pol-

22 5031 137 5084 14110444
154 5051 161 5082 r
183 5033 257 5094 item,
272 5033 292 5082 si
309 5034 416 5081 tentent
432 5030 558 5094 copulam
575 5029 602 5078 44
618 5041 682 5079 4044
698 5039 817 5092 praepos·

11 5107 82 5158 sero
95 5106 200 5167 absque
223 5103 341 5167 periculo
366 5101 535 5166 pollutionis,
556 5103 583 5150 et
601 5101 702 5162 absque
722 5098 815 5146 aninro

11 5187 82 5238 ,um
98 5176 257 5226 sodomitice
277 5173 494 5233 consummandi,
513 5171 679 5236 probabilius
702 5175 816 5233 peccant

11 5247 186 5307 smortaliter,
201 5249 227 5297 et
241 5261 287 5311 pro
302 5249 349 5296 huc
368 5247 502 5296 sententia
518 5249 544 5295 in
560 5246 637 5309 praxi
653 5257 758 5305 semper
773 5256 815 5292 re-

11 5319 91 5370 40144
105 5319 279 5377 debet,mrm.
291 5317 344 5368 345.
360 5317 419 5365 Non
434 5319 545 5380 peccant
556 5315 715 5375 mortaliter,
727 5314 818 5363 Matri·

11 5391 150 5440 Ϊ1110444444
181 5402 226 5450 per
243 5389 472 5453 dispensationem
500 5391 564 5436 ante
589 5386 816 5450 proclamationes

12 5459 166 5514 'iaciendas
176 5462 339 5512 contractum
356 5459 570 5508 consummando
585 5460 647 5506 0414
665 5471 709 5505 eas
725 5457 816 5516 iactas,

1618 562 1657 622 43

862 747 884 795 44
900 745 968 795 44444
983 745 1038 794 44444
1059 744 1165 794 nullum
1180 744 1407 810 impedimentum
1423 746 1544 811 subesse,
1558 761 1586 798 n.
1603 749 1659 799 153.

863 817 1008 868 Constituti
1021 817 1048 866 ia
1059 817 1231 867 Matrimonia
1241 817 1333 867 441040
1342 819 1515 868 conscientie
1526 818 1658 880 invalido,

862 888 1024 938 1040004444
1050 890 1164 936 externo
1185 887 1279 936 habito
1304 901 1352 951 pro
1376 888 1477 948 valido,
1501 888 1529 938 in
1544 888 1601 940 loro
1616 903 1662 940 ex·

862 963 939 1010 terno
954 957 1092 1020 prohiberi
1107 957 1228 1020 possunt,
1246 969 1279 1006 ne
1290 957 1395 1006 nubant
1405 957 1503 1016 alterir
1521 958 1588 1008 item
1598 958 1659 1022 cogi

862 1032 985 1092 possunt,
1001 1033 1033 1078 ut
1046 1028 1215 1087 cohabitent,
1226 1041 1282 1076 404
1297 1041 1362 1076 4440
1377 1027 1410 1076 44
1424 1026 1605 1077 redditionem
1616 1027 1662 1076 de·

861 1099 912 1149 biti
926 1102 988 1148 ante
1003 1099 1123 1161 positum
1143 1097 1244 1146 serium
1260 1110 1436 1158 consensum,
1451 1099 1661 1160 propterquam

862 1183 917 1219 non
932 1169 1056 1218 habiturn
1079 1167 1282 1217 Matrimonium
1299 1167 1326 1216 in
1346 1163 1403 1217 loro
1424 1169 1531 1217 interno
1550 1167 1662 1232 ponitur

862 1239 945 1289 tuisse
956 1239 1120 1299 invalidum,
1132 1242 1194 1300 etc,
1210 1251 1235 1287 n.
1245 1238 1284 1287 41.

894 1311 999 1373 Coniux
1022 1309 1108 1373 primo
1124 1308 1246 1358 bimestri
1262 1309 1335 1358 licite
1350 1310 1418 1373 petit
1432 1309 1566 1370 debitum,
1586 1311 1613 1358 et
1627 1308 1660 1357 li-

862 1380 915 1430 cite
930 1381 1012 1429 etiam
1032 1381 1121 1441 negat,
1141 1379 1158 1427 l.
1170 1381 1194 1439 6,
1205 1393 1230 1442 p.
1243 1381 1266 1439 3,
1281 1393 1296 1426 a
1311 1393 1387 1428 narn.
1403 1380 1458 1429 419.
1471 1377 1555 1429 Licita
1570 1378 1661 1427 reddit

862 1451 985 1502 debitum
996 1449 1103 1513 conjugi
1115 1453 1177 1498 voto
1192 1448 1328 1499 castitatis
1347 1449 1487 1509 obstricto,
1503 1449 1520 1498 l.
1532 1450 1556 1509 2,
1568 1461 1594 1497 4.
1605 1451 1659 1498 253.

863 1522 891 1572 84
907 1522 967 1570 44140
982 1520 1063 1584 eligat
1074 1520 1244 1582 religionem,
1259 1519 1322 1582 qnia
1336 1519 1405 1568 alter
1415 1520 1439 1568 ci
1455 1519 1590 1584 displicet,
1606 1531 1661 1567 non

863 1594 963 1655 peccat,
977 1590 1099 1654 quamvis
1109 1589 1152 1638 hie
1166 1589 1260 1651 gravia
1275 1589 1372 1637 damna
1384 1589 1511 1652 patietur,
1527 1589 1544 1638 1.
1555 1591 1578 1649 6,
1595 1603 1619 1652 p.
1636 1589 1659 1648 3,

862 1675 889 1710 4.
909 1663 960 1710 422.
977 1661 1034 1708 h'on
1052 1663 1160 1709 tenetur
1182 1659 1290 1708 credere
1310 1659 1418 1722 conjugi
1447 1659 1547 1708 dicenti
1563 1673 1590 1708 sc
1606 1671 1661 1707 non

863 1731 1038 1790 consensisse,
1053 1729 1096 1778 vel
1108 1729 1333 1792 impedimentum
1343 1729 1491 1789 invenisse,
1503 1744 1530 1778 n.
1546 1731 1599 1778 334.
1612 1729 1660 1778 114-

862 1802 950 1851 bitum
968 1813 1068 1862 negans
1086 1799 1218 1862 comperti
1241 1799 1311 1847 serio
1326 1799 1440 1861 petenti,
1456 1803 1548 1864 peccat
1562 1803 1661 1848 mortu·

862 1873 943 1930 liter;
958 1885 1013 1920 non
1024 1873 1114 1919 tamen
1129 1883 1230 1931 negans
1239 1869 1325 1918 amice
1342 1872 1448 1919 tuntum
1464 1869 1530 1919 illud
1548 1869 1660 1932 petenti,

863 1943 905 1991 vel
921 1955 1003 2005 parvo
1018 1943 1139 2004 tempore
1154 1939 1292 2000 differens,
1310 1953 1337 1987 u.
1348 1942 1401 1989 391.
1418 1941 1476 1989 Non
1492 1942 1600 1988 tenetur
1613 1939 1662 1989 de·

863 2013 952 2062 bitum
969 2011 1090 2070 reddere,
1110 2010 1133 2058 si
1153 2013 1247 2073 petens
1263 2023 1310 2071 per
1333 2023 1409 2058 snam
1425 2011 1532 2073 culpam
1550 2011 1595 2073 jus
1613 2023 1662 2072 pe·

863 2083 938 2134 tendi
953 2081 1084 2142 amiserit,
1100 2094 1165 2130 4444
1176 2082 1230 2129 354.
1252 2081 1279 2130 84
1291 2081 1390 2142 coniux
1406 2084 1479 2144 petat
1489 2080 1611 2130 debitum
1627 2081 1662 2130 oh

863 2153 949 2202 solam
960 2151 1137 2214 voluptatem,
1149 2153 1223 2199 motu
1236 2152 1263 2198 et
1278 2150 1331 2199 sitrr
1344 2163 1399 2198 non
1415 2153 1544 2200 consueto
1561 2149 1599 2210 (in
1608 2163 1661 2212 qno

863 2221 980 2286 petendo
991 2221 1135 2271 venialiter
1151 2220 1245 2269 saltam
1265 2223 1366 2283 peceat)
1379 2233 1502 2284 conrpars
1518 2219 1660 2270 411441444-

862 2293 926 2341 dere
941 2294 1037 2355 potest,
1054 2294 1081 2339 et
1100 2289 1208 2338 videtur
1222 2289 1305 2338 etiarn
1324 2290 1424 2348 teneri,
1437 2289 1459 2337 si
1478 2289 1558 2338 bonis
1572 2289 1662 2340 verbis

863 2376 918 2412 404
933 2362 1016 2424 possit
1031 2375 1092 2410 eum
1108 2360 1236 2408 inducere
1251 2359 1284 2407 ad
1296 2359 1499 2419 abstinendum,
1512 2358 1554 2408 vel
1568 2359 1601 2408 ad
1612 2359 1662 2409 ali·

863 2436 905 2482 ter
923 2431 1088 2490 coeundum,
1111 2442 1187 2477 num.
1212 2429 1265 2478 356.
1288 2429 1419 2478 14404444
1434 2431 1521 2491 potest
1537 2428 1661 2479 adultero

863 2515 959 2564 negare
974 2500 1105 2560 debitum,
1121 2511 1195 2547 num.
1207 2499 1260 2546 343.
1277 2497 1354 2557 Quod
1365 2498 1388 2547 si
1398 2497 1439 2547 illi
1455 2498 1600 2560 remiserit,
1613 2511 1660 2548 ne·

862 2593 924 2643 garo
944 2593 1000 2628 non
1015 2583 1112 2642 potest,
1129 2591 1203 2627 num.
1223 2579 1276 2626 341.
1294 2577 1423 2636 Quamvis
1437 2577 1559 2628 debitum
1575 2577 1658 2642 petie·

863 2653 898 2701 441
912 2651 945 2700 ab
968 2651 1131 2710 incestuoso,
1147 2661 1199 2697 non
1217 2648 1277 2698 ideo
1293 2652 1418 2697 censetur
1432 2647 1585 2709 remisisse;
1604 2648 1660 2698 imo

863 2721 1012 2772 secundum
1043 2733 1216 2770 communem
1244 2719 1375 2768 innocens
1414 2721 1503 2781 potest
1530 2731 1659 2782 pennam,

863 2805 945 2854 quarn
961 2791 1128 2839 incestuosus
1143 2787 1266 2848 incurrit,
1277 2787 1425 2846 remittere,
1440 2801 1466 2836 n.
1485 2789 1538 2837 333.
1555 2787 1661 2851 Coniux

863 2860 1041 2926 probabiliter
1064 2863 1152 2924 potest
1174 2859 1278 2908 irritare
1301 2861 1395 2907 votum
1413 2857 1524 2907 alterius
1538 2857 1661 2921 conjugis

863 2932 897 2982 de
912 2945 966 2980 404
982 2929 1098 2994 petendo
1113 2929 1221 2987 debit03
1238 2928 1392 2994 oppositum
1403 2929 1493 2976 tamen
1509 2930 1594 2978 teneri
1612 2928 1661 2979 de·

863 3004 918 3064 bet,
931 3003 946 3050 1.
962 3005 985 3062 3,
997 3015 1022 3066 p.
1037 3004 1059 3061 l,
1071 3014 1097 3049 n.
1114 3000 1195 3060 564,1.
1209 3001 1232 3060 6,
1248 3013 1273 3061 p.
1286 3001 1310 3060 3,
1322 3013 1347 3048 n.
1359 3000 1412 3047 363.
1425 2997 1612 3060 Consentians,
1629 3002 1660 3048 nt

864 3085 986 3136 compare
1008 3071 1163 3118 Castitatem
1179 3072 1299 3127 4044444,
1319 3067 1474 3130 4414444444
1488 3067 1598 3130 petendi
1613 3067 1661 3117 de·

864 3143 961 3201 bitum,
990 3144 1017 3189 et
1031 3139 1100 3189 alter
1117 3139 1218 3204 petenti
1243 3143 1352 3188 tenetur
1365 3137 1487 3198 reddere,
1506 3138 1522 3187 1.
1538 3139 1562 3198 6,
1586 3149 1611 3200 p.
1635 3139 1660 3200 3,

864 3227 890 3262 n.
907 3214 959 3261 336.
993 3212 1021 3263 84
1045 3215 1137 3259 autem
1160 3211 1203 3258 vir
1221 3209 1388 3259 consentiret
1411 3213 1441 3258 ut
1465 3223 1533 3258 uxor
1553 3211 1662 3258 voveret

864 3283 1029 3340 Castitatem,
1053 3284 1176 3344 peccaret
1196 3279 1313 3344 petendo
1334 3279 1476 3338 ‹lebitnm;
1501 3278 1547 3328 4114
1571 3281 1661 3329 tamen

864 3352 966 3417 petenti
983 3355 1091 3401 tenetur
1113 3351 1235 3410 reddere,
1260 3351 1296 3398 ih.
1315 3349 1343 3400 Si
1367 3349 1409 3397 vir
1433 3349 1508 3412 prins
1522 3361 1584 3398 eum
1599 3361 1663 3400 cou-

864 3437 945 3473 sensu
961 3423 1063 3482 4440444,
1084 3426 1112 3471 41
1126 3425 1218 3484 postea
1233 3433 1302 3470 uxor
1319 3433 1380 3469 cum
1396 3431 1531 3469 consensu
1547 3419 1596 3468 viri
1613 3433 1663 3470 40-

864 3495 948 3544 444444
961 3493 1119 3542 castitatem
1134 3491 1191 3541 sine
1213 3493 1308 3540 mutuo
1321 3495 1410 3554 pacto,
1427 3493 1541 3554 uterque
1555 3495 1663 3540 tenere·

865 3567 910 3614 tur
932 3562 1043 3612 reddere
1059 3561 1181 3611 debitum
1196 3562 1278 3610 etiarn
1303 3561 1398 3610 illicite
1415 3562 1529 3626 petenti,
1543 3560 1579 3611 ib.
1595 3561 1623 3613 Si
1637 3562 1662 3611 ei

865 3637 906 3684 est
926 3632 1063 3698 prohibitu
1087 3632 1184 3694 petitio
1205 3631 1300 3692 debiti,
1316 3629 1496 3694 probabiliter
1513 3631 1594 3681 ctiam
1608 3644 1663 3680 non

865 3705 948 3753 licent
971 3705 1068 3761 tactus,
1095 3703 1155 3760 etc,
1178 3715 1205 3750 n.
1230 3702 1284 3750 322.
1309 3700 1408 3750 Nolens
1432 3701 1514 3760 coire,
1535 3701 1557 3749 si
1572 3703 1665 3764 tangat

865 3775 983 3837 seipsum
1001 3774 1110 3836 propter
1124 3771 1208 3820 solam
1223 3771 1400 3833 voluptatem,
1416 3769 1587 3833 probabilius
1600 3783 1662 3834 pec·

865 3839 1398 3901 4014041014444,4444.339.0414414440
1413 3853 1441 3888 se
1457 3853 1582 3900 venerea,
1598 3841 1663 3889 dnm

866 3925 989 3976 compare
1003 3911 1089 3970 abest,
1106 3910 1139 3959 nd
1155 3910 1299 3958 minimum
1314 3911 1407 3972 peccat
1418 3909 1571 3970 venialiter,
1587 3922 1663 3958 num.

866 3987 919 4034 234.
936 3981 1086 4032 Membrnm
1111 3979 1188 4029 virile
1211 3980 1323 4028 mittens
1343 3979 1371 4027 in
1386 3993 1416 4027 os
1430 3979 1519 4039 uxori,
1535 3977 1664 4042 probabi·

866 4056 919 4104 lins
943 4055 1036 4117 peceat
1059 4049 1227 4107 mortaliter;
1245 4048 1318 4111 quod
1339 4049 1366 4097 in
1391 4050 1467 4112 proxi
1490 4061 1597 4112 semper
1619 4063 1664 4098 re·

867 4123 936 4175 solvi
960 4123 1049 4181 debet,
1074 4133 1148 4169 num.
1173 4119 1227 4169 345.
1253 4121 1282 4167 14
1309 4119 1447 4168 ordinaria
1471 4119 1663 4168 commistione

867 4207 1010 4256 corporum
1025 4190 1144 4240 studiose
1159 4201 1251 4238 semen
1265 4190 1417 4250 continens,
1430 4189 1451 4238 si
1462 4189 1535 4238 absit
1557 4189 1663 4253 perleu-

866 4266 922 4314 lum
937 4261 1093 4314 effundendi
1106 4259 1228 4320 seminia,
1244 4259 1420 4322 probabiliter
1441 4260 1534 4322 peccat
1550 4257 1665 4309 veniali-

868 4339 916 4396 ter,
933 4347 1008 4383 nunr.
1025 4331 1078 4380 333.
1092 4331 1120 4378 14
1135 4333 1197 4379 actu
1208 4329 1342 4392 coniugali
1353 4329 1435 4378 aliam
1446 4328 1498 4377 sibl
1511 4342 1665 4392 proponens

868 4404 911 4453 rel
926 4402 1081 4452 desiderans
1095 4403 1126 4449 nt
1140 4400 1286 4448 carnaliter
1300 4399 1437 4458 dilectam,
1454 4402 1548 4462 peccat
1562 4403 1664 4448 morte-

869 4475 940 4534 liter,
957 4485 1031 4520 num.
1052 4471 1106 4519 329.
1124 4471 1156 4519 84
1174 4470 1350 4532 impotentem
1371 4467 1486 4518 reddens
1502 4468 1665 4518 voluntariis

868 4541 1066 4608 pollutionibus
1086 4543 1178 4603 peccat
1193 4540 1311 4603 graviter
1328 4557 1335 4599 ς
1360 4539 1424 4588 item
1444 4538 1491 4601 qui
1515 4539 1573 4588 sinc
1594 4541 1665 4603 44414

869 4627 948 4664 causa
965 4613 1067 4674 ubsque
1082 4623 1214 4659 consensu
1230 4609 1353 4674 conjugis
1372 4609 1419 4658 diu
1434 4609 1475 4658 vel
1494 4609 1666 4673 104444444-

868 4684 999 4747 grinatur,
1016 4695 1090 4730 num.
1102 4682 1155 4730 333.
1170 4681 1255 4730 Etiam
1266 4679 1363 4728 mediis
1372 4678 1455 4728 licitis
1469 4693 1494 4728 4.
1507 4693 1531 4744 g.
1541 4679 1665 4744 44404444,

869 4769 896 4803 44
912 4753 1089 4817 impotentem
1112 4751 1236 4808 reddens,
1256 4750 1374 4812 graviter
1397 4751 1499 4814 peccat,
1519 4763 1595 4800 num.
1610 4751 1664 4800 351.

869 4826 897 4876 84
915 4838 962 4888 per
977 4823 1111 4886 jejunium
1131 4821 1260 4870 reddatur
1284 4821 1419 4884 impotens
1442 4819 1476 4870 ad
1495 4819 1665 4870 reddendum

869 4895 1001 4954 debitum,
1017 4895 1064 4941 ant
1079 4904 1147 4940 rixor
1171 4890 1217 4939 ilat
1238 4890 1324 4940 4444110
1339 4889 1495 4952 deformior,
1516 4893 1577 4951 etc,
1593 4889 1666 4940 licita

870 4977 924 5013 non
939 4961 1210 5025 014444441444044444
1226 4959 1364 5020 Ecclesiam
1382 4973 1438 5009 non
1452 4961 1542 5010 tumen
1560 4962 1668 5010 tenetur

871 5034 936 5084 illud
962 5034 1096 5093 omittere,
1121 5031 1143 5079 si
1161 5030 1207 5080 1441
1224 5031 1315 5080 minus
1339 5031 1436 5093 potens
1450 5029 1483 5078 ad
1498 5028 1666 5080 reddendum

870 5104 1004 5163 debitum,
1020 5105 1082 5160 ete,
1096 5115 1169 5148 4444.
1186 5103 1240 5160 351,
1256 5099 1272 5148 1.
1289 5101 1313 5159 3,
1330 5114 1354 5162 p.
1370 5101 1394 5158 2,
1409 5112 1425 5148 0
1440 5099 1546 5148 41333.
1562 5099 1589 5150 81
1600 5113 1665 5148 con-

867 5175 963 5236 jugum
988 5186 1058 5220 44404
1081 5169 1124 5220 4144
1147 5169 1214 5218 14410
1238 5169 1318 5218 dehet
1341 5169 1475 5218 custodire
1501 5168 1612 5218 domum
1641 5172 1667 5217 el-

871 5246 977 5294 Missam
1001 5243 1143 5301 omittere,
1166 5241 1267 5289 debent
1290 5239 1453 5301 quandoque
1477 5238 1622 5299 alternare,
1639 5241 1667 5288 et

872 5328 924 5362 non
949 5327 1054 5376 semper
1075 5326 1146 5360 nnus
1170 5325 1229 5359 curn
1250 5310 1385 5369 omittere,
1410 5309 1426 5357 l.
1447 5309 1472 5368 3,
1487 5323 1513 5372 p.
1530 5311 1552 5368 1,
1568 5321 1594 5357 4.
1611 5310 1665 5358 666.

871 5386 1037 5448 Coniugibus
1052 5383 1130 5446 plum
1145 5380 1311 5430 observanda
1327 5381 1405 5428 notat
1418 5381 1485 5428 Pctr.
1502 5381 1577 5440 Greg.
1596 5377 1667 5427 Tolo-

871 5470 948 5504 runns
964 5457 992 5504 in
1003 5455 1109 5518 syntaxi
1120 5453 1185 5501 netis
1200 5451 1341 5512 nrirabilis,
1356 5450 1374 5500 1.
1393 5453 1417 5512 2,
1433 5464 1455 5500 4.
1470 5451 1494 5513 3,
1512 5445 1667 5510 444144044-
