3974 6348
314 532 372 589 362

313 735 384 777 cum
409 735 470 778 non
495 718 705 797 excipiantur,
731 720 805 782 Silr.
827 721 860 782 l'.
885 722 1101 803 Prioilcqinm3

313 805 414 866 Villal.
441 814 462 866 t.
487 810 537 884 at,
562 806 621 869 lat.
648 827 666 870 o
690 829 720 870 a.
747 813 784 882 ⁶2;
812 811 906 871 Hodr.
930 811 948 888 §
968 814 996 887 l,
1018 810 1046 870 d.
1066 815 1077 870 l
1096 831 1103 884 ;

313 896 407 954 llcnr.
426 894 447 954 l.
465 898 494 970 7,
511 914 536 955 c.
554 899 602 972 to,
619 916 680 957 aa.
699 901 736 970 2;
754 900 845 959 Suar.
863 897 885 960 l.
903 902 932 975 8,
949 898 1106 980 delegitur

313 1000 337 1042 c.
355 985 403 1058 26,
420 1000 450 1041 a.
467 984 506 1054 ὅς
524 983 628 1044 ltlend.
646 983 675 1044 d.
694 988 723 1062 3,
741 1004 771 1044 n.
788 989 818 1046 6.

353 1068 524 1129 Deducitur
544 1070 664 1148 quinto,
689 1073 818 1152 quodsi
838 1072 930 1134 alicui
946 1078 1033 1136 extra
1048 1077 1104 1136 lle-

312 1175 375 1235 gna
396 1156 525 1234 Hispani
541 1158 636 1235 ltegis
660 1159 820 1237 existenti,
844 1161 997 1240 accipitur
1011 1167 1042 1224 et
1056 1181 1105 1222 rc-

312 1245 446 1306 mittitur
468 1245 508 1306 ab
532 1246 592 1306 alio
617 1248 717 1324 Bulla,
743 1248 800 1309 iste
824 1249 893 1310 talis
915 1254 1003 1312 extra
1021 1252 1106 1312 dieta

314 1335 422 1412 [tegna
444 1332 594 1410 aristone,
620 1352 683 1395 non
706 1337 821 1414 poterit
843 1337 940 1398 Bullae
964 1339 1104 1416 gaudere

311 1421 500 1501 privilegiis3
514 1422 587 1502 quia
601 1422 800 1503 privilegium
814 1426 941 1504 respicit
956 1431 986 1487 et
1000 1428 1105 1488 locum

312 1514 343 1571 et
364 1529 555 1588 personam;
580 1517 610 1572 et
625 1532 688 1593 qua
703 1514 823 1574 ratione
843 1515 945 1574 locum
966 1516 1102 1594 respicit,

312 1597 458 1677 requirit,
481 1602 515 1660 ut
530 1601 583 1678 qui
598 1617 634 1660 eo
649 1600 789 1679 gatrdere
804 1601 954 1677 voluerit,
973 1622 1010 1662 co
1025 1607 1105 1663 tenr-

311 1705 402 1764 pore,
425 1706 487 1768 quo
503 1689 593 1748 Bulla
607 1689 769 1767 accipitur,
787 1691 871 1752 sitin
888 1711 924 1752 ce
940 1691 1006 1770 ipso
1022 1693 1102 1769 loce,

312 1775 360 1834 uui
376 1776 466 1836 Bulla
480 1777 672 1838 conceditur.
693 1776 771 1838 Idem
787 1779 808 1840 l.
826 1799 851 1841 c.

351 1863 492 1924 Habetur
502 1868 601 1940 sexto,
614 1865 733 1944 quodsi
746 1866 837 1927 alicui
853 1867 1005 1947 accipitur
1014 1869 1105 1930 Bulla

312 1949 454 2011 existenti
470 1956 557 2013 extra
571 1951 651 2028 loca,
670 1971 739 2031 quae
755 1954 843 2014 Bulla
857 1956 997 2033 gaudent
1011 1959 1042 2017 et
1057 1955 1105 2015 in-

312 2043 361 2100 lra
375 2057 510 2115 annum,
528 2058 589 2118 quo
605 2040 695 2100 Bulla
710 2040 819 2117 durat,
837 2041 995 2102 rediturus
1010 2043 1049 2104 sit
1063 2044 1103 2104 ad

312 2127 380 2187 loca
395 2146 443 2204 ea,
461 2128 573 2208 quibus
587 2129 678 2190 Bulla
692 2131 886 2207 conceditur,
899 2131 1015 2209 poterit
1028 2152 1103 2212 gau-

312 2217 385 2276 dere
400 2217 496 2277 Bullae
511 2217 697 2298 privilegiis,
715 2219 840 2298 quando
856 2219 994 2282 redierit.
1012 2221 1101 2282 Ratio

311 2309 372 2380 est,
399 2304 473 2385 quia
495 2305 519 2365 si
545 2305 601 2367 iste
625 2325 697 2367 cum
721 2308 921 2386 perveniret,
947 2309 1104 2388 acciperet

310 2395 443 2470 Bullam,
456 2414 517 2454 non
529 2400 574 2456 cst
585 2395 804 2473 dubitandum,
818 2396 894 2476 quin
908 2398 1013 2460 statim
1027 2417 1102 2477 gau-

311 2481 399 2543 deret
412 2480 583 2560 privilcgiis
598 2483 716 2556 Bullae3
740 2502 815 2563 crgo
831 2483 924 2544 etiam
939 2485 1099 2563 gaudebit,

311 2569 454 2648 quamvis
469 2571 691 2632 antecedenter
699 2572 740 2632 ad
750 2573 886 2633 reditum
896 2571 963 2652 ejus
974 2579 1103 2651 accepta

311 2655 403 2717 luerit
426 2656 455 2716 ei
478 2658 577 2734 Bulla,
604 2659 733 2739 ejusque
756 2660 881 2721 nomine
904 2660 1103 2740 eleemosyna

311 2746 433 2825 largita.
456 2749 495 2808 Et
512 2748 703 2809 sufficienter
725 2749 865 2810 salvatur
885 2750 982 2811 locale
1007 2752 1103 2829 privi-

310 2833 439 2914 legium,
465 2835 549 2914 quod
573 2838 712 2914 postulat
733 2837 897 2899 existentia
921 2838 1102 2917 accipientis

310 2923 432 2984 Bullam
454 2922 485 2983 in
508 2925 684 3002 Provincia,
708 2926 760 2986 uhi
783 2928 866 2988 valet
888 2944 924 2987 eo
948 2931 1099 3006 tempore,

311 3025 374 3088 quo
397 3010 487 3070 Bulla
507 3010 669 3088 accipitur,
694 3011 768 3091 quia
786 3012 844 3074 iste
865 3015 936 3076 talis
958 3018 1103 3076 censetur

311 3098 453 3177 accipere
477 3100 599 3161 Bullam
627 3101 753 3180 quando
782 3103 872 3164 redit.
905 3109 1102 3183 Quapropter

311 3186 435 3249 videtur
448 3188 621 3268 privilegio,
639 3208 702 3269 qua
716 3193 803 3267 parte
819 3193 917 3254 locale
933 3199 994 3270 est,
1012 3193 1103 3254 satis-

311 3275 428 3336 factum
449 3275 497 3352 iri,
521 3295 593 3336 cum
613 3276 789 3338 assistentia
810 3279 841 3339 in
863 3282 1019 3361 Hispaniae
1043 3284 1103 3342 Re-

311 3362 390 3442 gnis,
405 3364 455 3424 vel
470 3368 610 3443 tempore
625 3364 816 3444 accipiendae
831 3370 938 3448 Bullae,
955 3370 1005 3431 rel
1020 3370 1102 3430 intra

312 3469 428 3512 atnnum
443 3453 712 3532 promulgationis.

351 3539 490 3601 Habetur
512 3542 656 3620 septimo,
680 3544 785 3604 valere
809 3545 930 3607 Bullam
957 3541 1101 3608 amitibus

311 3629 478 3706 extraneiS,
504 3631 556 3711 qui
581 3631 762 3710 Hispaniam
787 3635 968 3712 adveniunt,
992 3637 1101 3697 velud

312 3736 350 3778 ca
363 3718 432 3779 loca
446 3718 593 3798 tendunt,
609 3719 640 3780 in
656 3722 769 3800 quibus
783 3724 873 3784 Bulla
886 3725 979 3801 valet,
996 3725 1046 3784 vel
1061 3725 1102 3785 ad

311 3825 421 3868 corum
435 3807 573 3868 marinos
587 3814 706 3886 portua,
724 3811 772 3870 vel
787 3811 828 3870 ad
842 3812 1101 3872 commorandum

311 3894 365 3972 ibi,
382 3895 430 3955 vel
446 3895 487 3956 ad
503 3897 628 3976 negotia
642 3899 833 3977 peragenda,
846 3900 895 3960 vel
910 3900 950 3960 ad
966 3900 1102 3980 peregri-

312 3984 462 4062 nandum,
475 3986 525 4046 vel
540 3990 661 4048 tantum
675 4006 770 4048 causa
783 3988 907 4050 videndi
923 3989 990 4050 illas
1005 3994 1102 4051 terra·

311 4092 381 4134 rum
403 4075 530 4153 plagas;
555 4075 629 4156 quia
650 4077 739 4137 Bulla
763 4078 945 4138 conceditur
965 4097 1027 4140 non
1052 4097 1102 4140 so-

311 4162 377 4222 lum
391 4161 456 4240 his,
474 4162 526 4242 qui
542 4162 573 4222 in
593 4163 750 4244 Hispaniae
765 4166 880 4244 Regnis
902 4171 933 4228 et
946 4167 1056 4228 Insulis
1072 4171 1103 4227 et

312 4250 427 4329 ubique
451 4249 576 4312 ditionis
597 4253 726 4331 Hispani
747 4255 839 4334 Regis
855 4262 1099 4331 commorantur,

311 4338 367 4398 sed
387 4338 481 4400 etiam
500 4340 555 4416 ns,
573 4340 625 4420 qui
641 4342 681 4403 ad
695 4342 770 4402 istas
785 4361 855 4404 oras
870 4344 1051 4420 adveniunt,
1068 4351 1103 4406 ut

312 4429 434 4488 constat
444 4445 481 4486 ex
491 4431 576 4489 textu
586 4429 700 4490 Bullar:
716 4429 942 4492 Consistcntitur
954 4441 982 4492 et
995 4432 1036 4492 ad
1048 4433 1101 4494 illu

311 4511 534 4577 declinantibus.
552 4515 634 4576 Idem
648 4537 679 4579 a.
698 4522 745 4579 lt.

352 4604 492 4665 Habetur
515 4607 645 4682 octavo,
670 4606 775 4666 valere
799 4606 894 4668 etiam
918 4608 961 4684 ei,
988 4610 1040 4690 qui
1064 4629 1102 4670 cx

313 4691 412 4752 Gallia
425 4692 465 4752 ad
476 4692 657 4770 Hispaniam
671 4694 791 4755 venerit
806 4697 994 4774 accipiendae
1004 4699 1101 4759 Bnllae

312 4779 465 4842 duntaxat
488 4799 594 4857 causa,
619 4786 650 4842 et
670 4782 775 4844 statim
797 4784 879 4845 redit
893 4785 933 4844 ad
950 4787 1099 4860 Galliam;

312 4869 388 4949 quia
401 4869 490 4930 Bulla
504 4869 686 4930 conceditur
701 4870 764 4946 his,
781 4873 834 4952 qui
850 4873 1032 4951 Hispaniam
1047 4876 1103 4935 ad-

311 4957 441 5019 veniunt
451 4960 553 5018 etnon
564 4957 749 5036 exprimitur
759 4977 864 5037 causa,
878 4961 1100 5040 quiarcniunt‚

312 5046 361 5108 vel
375 5046 452 5122 ista,
468 5046 519 5106 vel
540 5046 593 5107 illa
614 5046 664 5108 sit.
682 5050 744 5108 Neo
759 5049 827 5125 iste,
845 5049 897 5129 qui
914 5069 1009 5112 eausa
1022 5070 1103 5130 prae-

311 5135 395 5198 dieta
420 5134 601 5214 Hispaniam
625 5137 765 5215 venerit,
792 5139 898 5218 aliqua
921 5138 952 5198 in
980 5140 1102 5200 Bullam

311 5223 538 5300 utitnrfraude,
551 5222 625 5302 quia
639 5223 671 5284 in
686 5223 832 5285 adeunda
842 5225 992 5304 Hispania
1007 5227 1104 5288 utitur

306 5311 378 5394 jure
394 5329 461 5388 suo,
486 5313 570 5391 quod
594 5331 657 5374 non
677 5316 724 5375 est
744 5313 802 5374 sibi
818 5314 1022 5393 prohibitum.
1041 5316 1104 5377 Sed

310 5399 341 5461 in
358 5400 456 5461 Gallia
471 5418 533 5462 nou
554 5401 669 5479 poterit
690 5403 829 5481 gaudere
848 5402 1019 5482 privilegiis
1034 5423 1101 5464 ves-

309 5483 402 5554 cendi
424 5488 490 5549 ovis
512 5494 543 5549 et
562 5489 726 5554 lacticiniis
748 5495 779 5552 ct
800 5491 957 5570 carnibus,
982 5496 1016 5553 ut
1037 5492 1104 5552 ani-

1030 536 1146 596 alona
1167 537 1248 598 vllt.

1159 723 1360 784 madversum
1385 723 1574 804 relinquitur
1597 726 1629 784 in
1654 743 1731 786 eatsu
1758 727 1878 805 quarto,
1899 726 1932 787 ld.
1978 757 1979 816 ff

1159 830 1189 871 a.
1207 815 1256 888 23,
1274 817 1385 874 contra
1399 814 1519 877 Ludov.
1536 815 1567 878 la
1582 817 1660 878 Gruz
1677 820 1708 878 et
1722 815 1823 878 Trull.

1405 1114 1603 1176 DUBIUM
1644 1116 1714 1178 lll.

1291 1308 1439 1386 Quantum
1455 1310 1592 1392 temporis
1606 1309 1702 1374 Bulla
1717 1312 1832 1376 darer?

1201 1515 1292 1589 ltesp.
1305 1515 1339 1573 ln
1354 1512 1504 1591 Hispania
1517 1533 1574 1592 per
1589 1533 1707 1576 annum
1723 1516 1879 1596 integrum
1891 1518 1937 1580 du-

1159 1617 1229 1659 rare
1245 1600 1385 1676 Bullarn,
1410 1605 1443 1662 ut
1461 1601 1493 1661 in
1512 1602 1582 1680 ipsa
1595 1621 1679 1682 saepe
1694 1607 1865 1684 repetitum
1876 1608 1937 1686 legi-
1977 1597 1979 1684 l

1160 1690 1227 1758 tur3
1254 1687 1307 1767 qui
1331 1705 1432 1747 annus
1453 1687 1563 1767 incipit
1583 1707 1603 1750 a
1623 1689 1674 1750 die
1694 1694 1937 1773 promulgationis
1977 1685 1979 1774 l

1158 1775 1255 1835 Bullm
1277 1776 1308 1835 in
1325 1774 1436 1854 quovis
1450 1776 1530 1838 loco.
1553 1779 1619 1838 Hoc
1638 1777 1736 1840 etiam
1757 1783 1902 1860 repetitur
1913 1783 1936 1842 iu

1159 1863 1249 1924 Bulla
1269 1884 1287 1922 o
1310 1863 1397 1925 Crux
1419 1865 1451 1924 in
1472 1885 1541 1947 cap.
1565 1865 1668 1928 Belle
1689 1866 1721 1930 d.
1739 1872 1768 1930 l.
1787 1871 1936 1931 Difficultas
1977 1843 1979 1972 ⁴

1159 1957 1216 2027 est,
1228 1969 1268 2012 an
1284 1970 1384 2012 annus
1400 1953 1514 2014 debeat
1529 1955 1688 2016 numerari
1702 1958 1856 2018 naturalis
1868 1977 1885 2018 a
1896 1959 1935 2018 die
1977 1973 1979 1996 ⁴

1158 2039 1190 2098 in
1212 2040 1306 2116 diem,
1330 2040 1379 2100 vel
1404 2041 1640 2104 Ecclesiasticus
1661 2043 1703 2104 ab
1725 2063 1792 2106 uua
1806 2047 1846 2106 ad
1859 2047 1934 2108 alian

1158 2127 1452 2207 promulgationem.
1478 2129 1568 2191 Circa
1591 2148 1688 2210 quam
1710 2132 1932 2211 difficultatem,

1157 2219 1220 2276 tres
1234 2217 1381 2295 leguntur
1392 2216 1568 2295 opiniones:
1582 2220 1688 2280 Prima
1700 2223 1825 2300 asserit,
1837 2241 1934 2284 annum

1158 2305 1265 2366 deberi
1294 2305 1451 2366 numerari
1482 2307 1738 2370 Ecclesiastieum
1762 2310 1804 2372 ab
1828 2330 1885 2372 una
1903 2313 1933 2372 ad

1157 2394 1251 2454 aliam
1270 2393 1567 2472 promulgationem.
1592 2396 1750 2475 Secunda,
1766 2399 1934 2460 annumde·
1977 2357 1979 2514 Ι

1157 2482 1231 2542 herc
1246 2482 1405 2542 numerari
1427 2485 1603 2544 naturalem
1618 2503 1638 2546 a
1651 2485 1703 2546 die
1718 2486 1750 2546 in
1765 2488 1859 2548 diem.
1874 2489 1934 2548 Ter·
1977 2515 1979 2520 .

1157 2569 1201 2629 tia
1215 2569 1367 2650 denique,
1388 2586 1506 2630 annum
1528 2570 1644 2632 debere
1666 2573 1827 2635 numerari
1846 2573 1933 2636 Hccle

1157 2657 1327 2735 siasticum,
1350 2657 1375 2718 si
1391 2658 1601 2737 promulgatio
1617 2678 1753 2741 sequens
1766 2663 1863 2724 Bullae
1875 2681 1933 2741 pm

1157 2749 1287 2825 regatur
1308 2746 1390 2807 ultra
1409 2764 1528 2807 annum
1548 2750 1746 2822 naturalem
1767 2750 1824 2811 sed
1838 2751 1862 2811 si
1874 2769 1933 2830 pm

1156 2834 1308 2913 mulgatio
1329 2835 1426 2895 Bullae
1448 2853 1582 2915 sequens
1596 2837 1652 2899 fiat
1665 2841 1836 2919 antequam
1850 2857 1933 2900 annus

1157 2922 1307 2984 naturalis
1322 2923 1455 3002 desinat,
1471 2929 1547 2984 tunc
1568 2926 1692 2986 BuHam
1713 2928 1932 2989 antecedentem

1157 3009 1287 3086 durare,
1309 3029 1473 3091 quousque
1487 3030 1589 3072 annus
1604 3015 1755 3075 naturalis
1769 3016 1930 3085 transierit;

1157 3096 1231 3176 quia
1254 3097 1344 3159 aliter
1367 3117 1430 3159 non
1454 3103 1537 3160 esset
1557 3099 1587 3159 in
1610 3100 1750 3162 favorem
1770 3101 1932 3182 accipientis

1155 3186 1289 3264 Bullam,
1302 3187 1375 3248 anni
1386 3187 1594 3248 Ecclesiastici
1610 3189 1746 3268 duratio,
1759 3191 1784 3252 si
1801 3190 1932 3252 naturalis

1156 3273 1229 3334 anui
1253 3275 1452 3337 durationem
1475 3275 1648 3350 minueret;
1671 3280 1768 3340 Trull.
1794 3281 1815 3340 l.
1838 3284 1867 3356 l,
1881 3280 1930 3358 53,

1156 3361 1185 3424 d.
1198 3366 1233 3423 ll
1248 3382 1256 3436 3
1273 3365 1368 3424 Henr.
1387 3362 1409 3424 I.
1421 3369 1451 3440 ¹1,
1468 3383 1493 3424 c.
1510 3367 1559 3441 20,
1577 3385 1607 3424 n.
1624 3369 1663 3438 2;
1680 3367 1794 3428 Mando
1808 3366 1878 3448 disp.
1889 3369 1929 3440 st,

1156 3472 1185 3511 a.
1206 3457 1244 3525 73
1270 3455 1319 3514 te.
1346 3453 1452 3514 Sanet.
1479 3453 1511 3514 in
1532 3453 1627 3515 relect.
1653 3454 1683 3516 d.
1710 3459 1761 3534 55,
1786 3477 1816 3518 a.
1842 3461 1870 3533 3,
1892 3455 1931 3517 cui

1156 3541 1263 3600 aoeed.
1282 3542 1397 3602 Antan.
1415 3543 1541 3601 dumea.

1196 3628 1270 3687 trec
1293 3628 1386 3688 tertia
1408 3627 1513 3708 opinio
1537 3628 1641 3689 minus
1665 3628 1762 3692 habet
1780 3631 1933 3710 probabili·

1156 3714 1240 3791 tatis,
1253 3715 1327 3794 quia
1341 3716 1373 3776 in
1388 3734 1421 3778 re
1436 3721 1544 3778 censet
1557 3735 1676 3778 annum
1692 3717 1861 3780 durationis
1873 3719 1931 3780 Bul·

1156 3804 1194 3866 1ae
1216 3808 1247 3865 ot
1270 3805 1445 3865 naturalem
1467 3823 1534 3865 esse
1550 3809 1582 3865 et
1594 3806 1857 3884 Ecclesiasticum,
1872 3824 1930 3868 cum

1157 3897 1288 3972 uterque
1312 3893 1494 3955 simulasse
1518 3897 1666 3974 nequeat.
1692 3895 1770 3957 Alias
1793 3895 1860 3958 duae
1876 3894 1931 3973 opi·

1157 3983 1265 4042 niones
1280 3987 1353 4044 sunt
1366 3983 1625 4061 probabilissima
1636 3988 1667 4044 et
1676 3985 1833 4046 secureein
1843 3983 1928 4064 prasi,

1157 4070 1239 4130 unde
1262 4075 1429 4151 sequentes
1452 4071 1652 4133 resolvuntur
1674 4089 1789 4134 casus:
1809 4073 1928 4143 Primus,

1156 4158 1283 4238 quodsi
1306 4160 1396 4221 Bulla
1416 4160 1570 4238 accipitur
1590 4163 1661 4239 post
1679 4161 1749 4240 ejus
1768 4159 1930 4240 promulga-

1155 4248 1272 4308 tionem
1288 4248 1398 4327 magiS,
1417 4248 1466 4310 vel
1480 4247 1584 4308 minus
1598 4249 1788 4326 solemnem,
1803 4243 1930 4327 quamtis

1156 4337 1196 4398 sit
1214 4342 1286 4397 ante
1309 4355 1504 4413 sermonem,
1522 4341 1625 4415 potest
1638 4336 1795 4417 accipiens
1806 4335 1929 4416 gaudere

1156 4425 1327 4505 privilegiis
1350 4425 1458 4485 Bullae.
1481 4425 1544 4486 Sed
1562 4424 1588 4486 si
1604 4425 1778 4504 accipiatur
1791 4428 1858 4485 ante
1872 4438 1929 4501 pro·

1156 4513 1400 4593 mulgationem,
1424 4531 1486 4574 non
1500 4515 1574 4575 lieet
1587 4513 1656 4594 ejus
1669 4515 1804 4594 gaudere
1818 4510 1930 4591 privile

1156 4603 1235 4682 giis;
1253 4601 1326 4681 quia
1340 4601 1482 4662 Pontifex
1502 4603 1547 4663 ait
1566 4621 1686 4664 aunum
1707 4601 1809 4664 deberi
1831 4615 1928 4660 nume

1157 4691 1218 4751 rari
1234 4709 1253 4752 a
1268 4691 1317 4751 die
1332 4692 1602 4770 promulgationis,
1615 4691 1648 4752 id
1663 4696 1720 4769 est,
1737 4710 1755 4752 a
1768 4687 1929 4770 promulga-

1156 4779 1241 4840 tione
1256 4780 1333 4858 ipsa.
1351 4783 1459 4859 ltaque
1473 4779 1581 4840 inutile
1596 4779 1700 4841 estad
1714 4777 1927 4859 privilegiorum

1157 4887 1266 4945 usum,
1292 4869 1435 4946 accipere
1458 4868 1581 4928 Bullam
1604 4868 1725 4948 aliquot
1747 4867 1864 4942 diebus,
1887 4860 1929 4922 rel

1157 4957 1242 5017 horis
1257 4961 1329 5016 ante
1343 4954 1648 5034 promulgationem,
1665 4955 1739 5035 quia
1756 4961 1824 5018 tunc
1838 4949 1928 5012 adhuc

1157 5044 1202 5104 uti
1218 5062 1279 5105 non
1295 5048 1408 5122 potest.
1424 5043 1496 5105 Vill.
1520 5051 1541 5104 t.
1565 5047 1593 5120 l,
1615 5052 1655 5106 tr.
1677 5048 1726 5121 23,
1745 5065 1773 5105 a.
1788 5046 1825 5114 6;
1841 5037 1925 5102 Trull.

1158 5131 1350 5212 l.l,§l,d.
1369 5132 1827 5210 10,n.e;tlendod.a,n.a.

1199 5224 1372 5299 Secundus,
1385 5240 1502 5283 annum
1512 5221 1609 5282 Bullae
1625 5241 1687 5284 nou
1702 5240 1765 5284 esse
1780 5232 1926 5279 numerun-

1158 5311 1234 5372 dum
1250 5329 1267 5371 a
1282 5311 1331 5371 die
1348 5309 1607 5390 promulgationis
1617 5313 1715 5373 Bulla
1728 5301 1924 5382 inlletropoli,

1159 5400 1256 5476 Aula,
1275 5401 1322 5460 vel
1338 5401 1415 5461 urbe
1430 5400 1551 5476 vicina,
1567 5400 1623 5461 sed
1638 5418 1658 5460 a
1672 5401 1739 5475 die,
1755 5415 1810 5477 quo
1825 5396 1854 5454 in
1868 5393 1925 5452 loc⁰

1160 5489 1299 5569 quolibet
1320 5490 1556 5568 promulgatur;
1581 5507 1726 5570 expressa
1744 5500 1867 5564 nomque
1887 5481 1926 5538 est
