3986 6350
288 527 346 588 na
918 475 922 485 ’
1006 521 1122 588 alana
1149 519 1200 588 tr.

287 713 354 776 bari
386 713 503 774 factum
538 709 738 774 existimabit.
770 711 849 774 lline
877 717 1079 793 peecatorum
1135 731 1262 792 prorsus
1286 716 1317 775 et
1336 711 1378 772 ad
1393 709 1515 792 praxim
1535 730 1595 772 non
1612 708 1823 774 adducendam
1836 711 1897 775 exis·

1970 647 1972 694 t

1970 697 1972 710 t

1970 759 1971 772 l

289 801 430 865 omnium
453 817 522 880 quae
545 799 624 861 falsa
644 798 704 861 hac
726 799 872 879 opinione
897 800 1009 862 duetus
1023 801 1081 862 ad·
1134 800 1221 862 timo.
1248 799 1352 860 Satias
1371 803 1429 875 est,
1453 797 1610 879 inquiunt,
1628 798 1825 878 poenitentem
1840 805 1896 861 tunc
1970 811 1971 868 ἢ

289 889 385 952 mittit
411 888 443 949 in
471 889 655 967 posterum,
685 887 751 967 ipse
779 889 994 952 confessarius
1022 889 1082 951 erit
1136 905 1196 948 non
1220 887 1408 958 admonere3
1439 887 1523 966 quod
1551 887 1690 965 probant
1714 905 1751 947 ex
1776 887 1848 948 dieto
1872 889 1896 948 S.
1970 891 1972 946 3

288 997 371 1040 rcus.
1135 969 1300 1053 Airgustini
1328 974 1426 1034 relato
1451 974 1482 1032 in
1506 975 1582 1051 Cap.
1604 974 1633 1032 si
1651 974 1726 1054 quaa.
1755 974 1785 1035 Si
1809 974 1898 1035 sciren
1931 1035 1935 1046 ,
1970 987 1972 1004 ³

327 1068 357 1124 l.
375 1061 407 1126 Si
430 1062 586 1142 poenitons
600 1061 756 1125 obliuione
779 1063 829 1123 vel
844 1063 1022 1143 ignorantia
1036 1064 1081 1125 in·
1136 1061 1212 1122 nihil
1234 1060 1289 1122 tibi
1312 1061 1474 1140 prodesse,
1500 1079 1562 1122 non
1585 1067 1615 1122 te
1629 1079 1799 1137 monerem,
1815 1067 1899 1123 nante
1970 1071 1971 1082 ¹

288 1151 414 1230 culpata
433 1149 565 1227 laboret,
589 1148 685 1211 debet
706 1166 779 1210 eum
806 1150 1020 1211 Coniessarius
1041 1151 1081 1212 de
1135 1154 1297 1211 terrerem.
1322 1149 1385 1211 Sed
1404 1149 1436 1209 in
1458 1151 1606 1228 promptu
1628 1149 1788 1228 responsio
1806 1155 1845 1211 est
1858 1170 1863 1210 :
1876 1150 1899 1210 ia

288 1257 321 1299 re
337 1236 540 1317 ignoratavel
554 1234 765 1316 praetermissa
780 1237 961 1314 admonere,
977 1240 1003 1299 si
1018 1257 1081 1299 non
1136 1255 1173 1298 ea
1188 1237 1272 1297 enim
1285 1236 1452 1316 Augustini
1467 1237 1535 1298 loco
1551 1236 1590 1297 de
1605 1234 1813 1298 admonitione
1831 1241 1899 1298 extra

288 1325 513 1387 infructuosam
541 1324 607 1386 lore
637 1324 883 1386 admonitionem
913 1327 1078 1388 existimet.
1135 1324 1330 1384 Paenitentia
1347 1325 1587 1385 Sacramentum
1600 1323 1718 1402 agitur,
1736 1341 1800 1404 qua
1812 1342 1900 1385 revera

288 1412 448 1488 Probatur,
461 1412 535 1493 quia
549 1411 688 1492 alioquin
704 1417 862 1474 errantem
877 1416 1082 1492 paenitentem
1136 1410 1278 1471 adhiberi
1294 1428 1356 1470 non
1372 1411 1476 1487 debet,
1501 1429 1572 1471 cum
1588 1411 1704 1472 nullius
1725 1431 1793 1490 spes
1805 1413 1900 1472 fruetus

289 1507 320 1562 et
334 1500 561 1562 emendationis
583 1499 733 1578 cupidum
757 1517 820 1561 non
840 1501 1023 1580 admonens,
1041 1503 1083 1563 si·
1136 1499 1247 1560 elucet.
1264 1502 1305 1560 At
1319 1497 1362 1560 ita
1376 1517 1409 1558 se
1422 1517 1473 1560 res
1488 1517 1551 1560 non
1567 1499 1663 1560 habet
1676 1500 1710 1558 in
1726 1501 1900 1562 Sacramenta

240 1619 243 1625 ·
288 1588 383 1650 lentio
397 1605 454 1651 suo
469 1605 609 1650 errarem
622 1586 704 1648 illius
720 1589 907 1662 eonilrmat;
925 1591 1009 1670 quod
1026 1610 1083 1670 per
1136 1585 1327 1665 poenitentiae
1344 1605 1352 1647 ε
1369 1586 1396 1647 is
1410 1587 1493 1646 enim
1509 1591 1556 1647 est
1569 1586 1741 1648 adhibendi
1761 1605 1825 1648 eam
1836 1587 1898 1660 finis,

288 1693 321 1736 se
336 1675 423 1734 nefas
438 1680 495 1751 est,
511 1677 577 1736 tum
593 1675 624 1735 in
639 1674 744 1736 multis
760 1675 840 1752 aliis,
862 1681 930 1738 tum
941 1678 972 1738 in
987 1680 1082 1740 rebus
1137 1677 1171 1735 ut
1185 1692 1297 1752 nempe
1322 1676 1425 1736 nullus
1450 1675 1644 1737 sacramenti
1664 1676 1773 1753 gratia
1787 1676 1854 1737 aber
1865 1675 1901 1734 in·

289 1761 473 1840 praesertim,
489 1779 560 1841 quae
574 1761 798 1824 conscientiam
814 1768 846 1825 et
867 1769 1018 1826 aeternam
1033 1785 1083 1827 sa·
1136 1765 1330 1840 terponatur.
1349 1765 1451 1836 Quare
1466 1763 1524 1824 etsi
1539 1767 1613 1825 tuna
1628 1762 1731 1825 otiosa
1744 1763 1832 1824 videri
1846 1779 1901 1841 pos

289 1850 387 1912 lutem
401 1853 554 1928 spectant.
568 1850 640 1910 Plus
650 1849 740 1912 dico:
758 1852 973 1914 confessarius
988 1853 1084 1916 etiam
1137 1854 1184 1912 set
1211 1852 1315 1930 quoad
1343 1851 1524 1930 poenitentis
1553 1851 1812 1928 emendationem,
1837 1849 1901 1910 utilis

291 1937 385 1999 debet
399 1938 438 1998 de
453 1955 557 1998 errore
572 1937 777 2017 paenitentem
791 1939 981 2013 admonere;
1002 1946 1085 2004 tam-
1136 1943 1240 2002 tamen
1257 1945 1304 2001 est
1318 1940 1422 2020 quoad
1444 1941 1696 2016 Sacramentum,
1714 1938 1795 2019 quod
1808 1937 1902 1998 corsis

291 2023 349 2086 etsi
380 2022 466 2084 nulla
500 2023 621 2085 eluceat
643 2041 715 2102 spes
736 2024 855 2087 fructus
876 2046 913 2087 ex
940 2027 1084 2088 admoni—
1137 2031 1203 2088 tere
1218 2046 1289 2088 aum
1304 2027 1363 2088 hac
1377 2026 1555 2106 ignorantia
1569 2045 1633 2088 nan
1647 2031 1761 2105 potest,
1781 2030 1901 2105 atqueea

291 2111 375 2173 tione
390 2109 599 2172 consecuturi.
615 2113 680 2172 Nec
694 2111 799 2174 obstat
822 2114 906 2192 quod
921 2118 1084 2192 opponunt
1137 2115 1176 2176 de
1203 2134 1237 2176 re
1265 2115 1430 2178 certiorem
1462 2114 1528 2175 lieri
1562 2115 1767 2194 paenitentem
1800 2129 1901 2174 neeesn

260 2217 265 2226 ·
291 2198 474 2278 adversarii,
491 2217 626 2280 quorum
640 2201 829 2263 sententiam
843 2202 1083 2282 improbabilem
1138 2209 1195 2265 est.
1254 2277 1257 2284 .

841 2859 1094 2970 SECTIO
1150 2859 1397 2969 TERTIA

501 3265 552 3347 lili
580 3263 734 3347 ortluts
759 3261 1015 3367 contristati,
1046 3261 1171 3346 PROUT
1204 3261 1409 3346 PERSONAM
1437 3263 1569 3345 lllllllll
1606 3264 1721 3346 GElllT

339 3780 436 3860 Onerat
451 3789 479 3852 l.
495 3817 537 3838 -
552 3783 692 3862 menan
714 3785 773 3847 sim
793 3792 893 3866 partes
908 3781 1090 3864 confessarii
1142 3784 1420 3867 confessariis,qui
1435 3803 1474 3846 ex
1487 3785 1642 3848 tadiorel
1656 3786 1768 3852 timore
1781 3785 1905 3853 humana,

297 3873 479 3938 atmedici?
1142 3874 1326 3951 paenitentes
1354 3874 1528 3954 prasertim
1556 3875 1589 3936 in
1613 3875 1765 3956 dignitate
1783 3871 1907 3936 consto·

339 3964 434 4044 [terp.
459 3961 674 4026 Goniossarius
705 3967 740 4023 ut
762 3959 904 4022 medicus
924 3958 985 4021 tria
1008 3976 1089 4038 prae·
1142 3963 1201 4040 tos,
1218 3980 1280 4023 nan
1295 3963 1467 4025 admoneat
1488 3963 1528 4024 de
1550 3964 1706 4043 gravitate
1723 3961 1848 4043 peccati,
1861 3972 1906 4018 aec

297 4055 381 4113 stare
404 4050 524 4112 debet:
551 4053 579 4112 l.
606 4049 812 4112 Poenitentem
828 4047 965 4126 practice
984 4047 1090 4126 dispo·
1143 4047 1182 4108 de
1208 4049 1347 4127 periculo
1375 4049 1506 4124 animae3
1532 4069 1635 4132 neque
1662 4051 1829 4128 increpant,
1851 4059 1906 4106 sua·

299 4157 373 4202 nera
389 4139 429 4200 ad
444 4137 585 4199 dolorem
600 4137 638 4197 de
653 4136 801 4216 peccatis.
818 4139 847 4197 2.
864 4133 983 4196 Eumin
999 4133 1089 4196 satis-
1143 4135 1222 4197 viter
1236 4135 1375 4216 quidem,
1390 4141 1530 4200 attamen
1544 4137 1676 4216 fortiter,
1692 4137 1736 4200 ita
1748 4136 1839 4198 libere
1851 4145 1906 4211 pac·

298 4227 433 4290 factione
444 4225 567 4305 juvare.
584 4227 614 4286 3.
631 4227 711 4286 llum
726 4225 821 4286 etiam
835 4222 979 4285 dabatad
994 4223 1089 4283 llnem
1143 4227 1262 4287 cantes.

298 4313 393 4395 hujus
408 4312 594 4374 sacramenti
618 4313 874 4394 consequendum
891 4311 1016 4391 juvare,
1032 4309 1090 4372 sci·
1185 4311 1292 4386 Onoest.
1322 4315 1352 4374 2.
1381 4345 1421 4360 -
1450 4312 1596 4387 Onamada
1619 4313 1766 4376 Paeniteat
1780 4305 1906 4393 jarria

298 4401 372 4463 licet
400 4399 598 4479 suggerenda
628 4399 734 4460 media
756 4403 830 4479 apta
856 4417 913 4478 pro
942 4397 1090 4460 cavendis
1139 4401 1272 4482 praelim
1284 4399 1401 4481 disponi
1411 4400 1501 4480 pessit
1516 4399 1558 4461 ad
1569 4395 1887 4480 doloremdepecmtitl

300 4487 447 4569 peccatis,
464 4487 695 4567 praescribendo
711 4485 1091 4568 poenitentiasmedicina-
1184 4491 1277 4567 Resp.
1302 4489 1383 4549 Dum
1406 4486 1518 4566 aliquis
1542 4504 1601 4566 per
1627 4507 1661 4550 se
1688 4487 1763 4549 dicit
1786 4483 1903 4564 pactole

219 4603 221 4606 ·
299 4577 361 4651 los,
388 4593 425 4634 aa
453 4573 650 4635 dehortando
677 4573 869 4653 apericulis
897 4575 1088 4653 relapsuum.
1144 4576 1194 4638 vel
1207 4576 1418 4654 interrogatus
1433 4575 1620 4654 (praesertim
1634 4577 1661 4638 si
1672 4571 1842 4656 hujusmodi
1860 4570 1905 4639 est,
1957 4628 1962 4640 ,

302 4661 398 4739 Certe,
414 4661 516 4740 inquit
530 4663 562 4723 S.
575 4661 711 4723 Thomas
725 4679 832 4741 opusc.
848 4665 899 4740 65,
915 4662 954 4724 de
969 4663 1092 4725 cautela
1145 4668 1180 4725 ut
1192 4667 1321 4742 propter
1343 4662 1567 4724 verecundiam
1589 4663 1641 4726 vel
1659 4662 1800 4726 timorem
1812 4649 1907 4736 aliquid

301 4751 333 4811 in
356 4748 509 4827 confess,
532 4767 598 4810 enm
620 4747 769 4812 audeamus
789 4749 916 4812 Medicas
937 4769 1092 4832 carporum
1145 4751 1243 4830 possit
1256 4749 1410 4829 reticere),
1437 4768 1499 4810 non
1514 4750 1633 4813 debent
1646 4747 1807 4831 aggravari
1818 4755 1907 4823 pecec-

300 4835 433 4919 qnotidie
445 4844 473 4896 et
484 4834 578 4918 lapara
591 4834 681 4898 tidros
690 4836 857 4920 ptyn'ealea
869 4845 898 4899 et
910 4835 1093 4898 medicinales
1144 4844 1188 4916 ta,
1205 4857 1263 4900 nec
1277 4837 1572 4917 reprehensionibus
1586 4836 1789 4901 deterrendus
1806 4836 1848 4893 est
1857 4841 1906 4907 pte*

300 4929 465 5002 carperem,
494 4919 527 4980 in
553 4919 657 5002 quibas
682 4921 821 4983 darentur
842 4941 947 4984 curare
969 4940 1092 5003 corpore
1146 4928 1257 5003 niteas,
1275 4926 1330 4987 sed
1345 4924 1449 5004 potius
1462 4925 1681 5006 compassione
1698 4927 1729 4986 et
1742 4916 1906 4998 benignitate

301 5007 457 5084 morituro,
480 5025 590 5089 maana
611 5007 737 5070 stultitia
757 5018 797 5070 est
810 5029 867 5070 nan
885 5010 977 5091 tepere
1000 5009 1093 5072 librae
1146 5020 1271 5076 ostensa
1284 5011 1482 5089 animandos,
1507 5014 1543 5073 ut
1556 5029 1629 5074 cum
1642 5008 1756 5074 fiducia
1769 5011 1798 5070 et
1809 5005 1905 5066 sincere

300 5104 465 5160 sanctornm
479 5095 665 5158 medicinales
681 5097 860 5168 animarem,
879 5099 910 5158 in
923 5097 1027 5180 paidos
1039 5098 1093 5160 do·
1146 5102 1251 5164 omnia
1266 5101 1359 5161 dicat.
1376 5101 1417 5161 At
1431 5099 1520 5160 dictis
1538 5098 1608 5181 jam
1626 5097 1769 5162 omnibus
1782 5087 1903 5175 peccalt'ss·

301 5205 400 5247 eemnr
417 5202 521 5246 enrare
538 5184 651 5247 animos
672 5193 813 5247 eremum
835 5186 984 5255 alelmus,-
996 5185 1094 5267 mains
1145 5187 1170 5248 si
1194 5206 1306 5267 parum
1330 5187 1369 5248 de
1389 5188 1434 5249 eis
1456 5188 1564 5250 dolere
1583 5187 1716 5262 videtur,
1737 5184 1789 5246 det
1801 5188 1904 5261 operam

208 5307 218 5330 .
301 5281 342 5334 est
355 5271 494 5334 domnam
508 5276 594 5334 nnius
612 5272 719 5336 anime
740 5293 830 5356 quom
848 5273 1092 5354 inenarrabilium
1139 5276 1311 5353 Sacerdos,
1328 5278 1363 5337 ut
1379 5279 1528 5355 peccator
1543 5292 1654 5338 aarum
1667 5271 1904 5356 gravitonum»

302 5378 467 5442 conponam.
484 5362 573 5425 Unde
588 5361 791 5425 Francolinus
804 5361 840 5424 de
853 5360 977 5443 Diseipl.
985 5362 1088 5443 poenit.
1145 5363 1212 5440 tiat,
1229 5363 1269 5425 ad
1284 5362 1368 5444 quad
1383 5361 1589 5426 obtinendum
1603 5363 1635 5424 in
1649 5379 1761 5445 genere
1775 5351 1901 5424 nsaht

305 5447 378 5514 bib.
395 5453 425 5512 3.
442 5450 517 5529 Cap.
537 5452 585 5529 lo,
602 5469 633 5512 n.
651 5450 815 5528 immerito
834 5449 1038 5532 conqueritur
1051 5449 1091 5512 de
1145 5469 1241 5532 quam
1268 5469 1364 5531 grave
1391 5451 1432 5514 sit
1458 5455 1623 5532 peceatum
1640 5449 1788 5530 mortale,
1810 5463 1843 5508 ex
1860 5441 1901 5506 lto'
