4138 6344
800 537 851 600 DE
879 536 1141 600 MATRIMONIO.
1712 533 1771 596 lta

131 717 369 784 aconoedentis
392 721 563 800 voluntate,
581 725 616 784 ut
638 721 807 784 informata
823 721 920 802 juris·
976 721 1096 784 etiamsi
1122 719 1279 782 Paroohus
1302 719 1428 800 cognite
1450 719 1582 781 veritate
1605 718 1715 780 luisset
1734 718 1769 779 li·

130 809 283 886 dictione,
313 815 344 872 et
371 816 523 890 potestate
551 812 697 891 publica,
727 811 920 890 extinguitur
975 811 1110 872 centiam
1133 829 1190 890 pro
1214 809 1287 870 Caio
1312 811 1452 871 daturus.
1479 808 1518 869 Si
1532 807 1611 870 dicas
1630 825 1769 869 errorem

130 915 201 958 oum
214 902 315 960 morte
329 899 540 976 concedentis,
565 904 632 961 tum
657 898 751 961 etiam
771 899 846 978 quia
860 902 919 960 Pa·
974 897 1108 958 nominis
1132 915 1193 957 non
1217 897 1327 958 vitiare
1343 899 1594 972 contractumlt.
1607 895 1642 956 ld
1657 911 1770 955 verum

130 986 237 1048 rochia
259 992 383 1049 mortuo
407 989 548 1050 Paroobo
572 990 684 1050 transit
711 987 751 1050 ad
780 987 919 1067 regimen
975 1005 1043 1046 esse
1057 986 1089 1046 in
1104 985 1158 1062 cis,
1180 985 1211 1045 in
1227 985 1340 1065 quibus
1356 1002 1418 1045 uon
1434 988 1559 1045 erratur
1577 983 1609 1044 in
1625 982 1771 1043 substan·

130 1072 268 1134 alterius.
974 1075 1038 1147 tia;
1065 1075 1109 1135 uti
1133 1074 1158 1134 si
1182 1073 1244 1135 lilio
1264 1073 1334 1134 'litii
1350 1073 1505 1152 legereris
1519 1077 1657 1147 centum,
1675 1088 1771 1149 qnam

74 1169 105 1211 aa
167 1160 249 1238 §aa
275 1161 332 1234 Qui
349 1161 444 1223 habet
457 1161 614 1223 licentiam
636 1163 814 1240 assistendi,
836 1169 921 1222 etse
975 1181 1032 1241 per
1053 1179 1191 1222 errorem
1216 1161 1334 1223 vocasti
1359 1161 1486 1237 Titium,
1513 1178 1586 1220 cum
1603 1162 1771 1222 vocaretur

130 1245 247 1307 babere
263 1248 372 1324 nescit,
388 1266 451 1309 non
463 1249 580 1312 assistit
593 1251 717 1324 aalide;
739 1251 813 1331 qnia
828 1249 922 1310 licen·
976 1251 1078 1328 Gaius,
1105 1250 1178 1330 quia
1197 1249 1383 1310 intendebas
1406 1249 1498 1310 istam
1520 1265 1712 1328 personam,
1739 1246 1770 1306 in

131 1333 249 1397 tianon
266 1337 436 1414 estvalida,
459 1339 517 1399 nisi
534 1343 737 1417 acceptetur:
763 1338 921 1400 concessio
978 1345 1083 1402 nostro
1107 1347 1212 1400 autern
1237 1359 1311 1401 casu
1335 1345 1458 1402 erratur
1477 1339 1509 1399 in
1526 1355 1670 1418 persona,
1698 1337 1772 1416 quia

132 1421 213 1482 euim
228 1423 383 1503 privilegii
398 1431 446 1486 est
460 1427 604 1506 quaedam
620 1426 758 1502 donatia,
776 1445 845 1507 quae
868 1427 923 1486 ali·
981 1447 1070 1490 mons
1084 1429 1283 1490 concedentis
1298 1447 1360 1490 non
1375 1427 1524 1488 tendebat
1537 1427 1568 1486 iu
1585 1426 1704 1501 Caium,
1717 1423 1772 1484 sed

131 1511 220 1590 cujus
247 1512 360 1574 saltem
384 1518 598 1593 acceptatione
628 1514 757 1594 indiget,
783 1534 808 1575 c.
835 1518 863 1592 l,
889 1514 924 1574 de
981 1516 1107 1592 Titium,
1125 1533 1213 1576 error
1227 1521 1331 1577 autem
1347 1515 1378 1576 in
1393 1533 1528 1593 persona
1549 1517 1692 1592 respectu
1706 1513 1772 1574 Ma-

128 1597 277 1677 praebend.
310 1599 340 1659 ia
360 1603 397 1674 6;
421 1604 530 1663 Areus.
556 1623 585 1684 q.
612 1607 641 1680 a,
664 1623 685 1665 s.
706 1607 741 1676 4;
759 1601 920 1680 Kuglera.
980 1604 1117 1665 trimonii
1153 1609 1199 1664 ost
1226 1603 1448 1665 substantialis.
1479 1602 1540 1662 Nec
1567 1601 1660 1660 obstat
1688 1598 1773 1678 quod

131 1689 198 1746 995·
978 1691 1210 1752 Matrimonium
1225 1691 1306 1752 leret
1328 1690 1467 1751 validum
1486 1689 1511 1748 si
1530 1687 1690 1750 Parecbus
1704 1685 1771 1763 ipse

1 1839 2 1856 ,
75 1771 109 1814 ⁷⁸³
169 1773 259 1850 §37.
278 1773 310 1836 Si
334 1792 390 1852 per
413 1777 557 1839 nuntium
573 1777 763 1838 submissum
774 1776 871 1855 petita
884 1773 925 1835 sit
978 1779 1137 1840 assisteret
1157 1779 1229 1840 Caio
1253 1784 1366 1858 putans
1390 1797 1456 1838 csse
1476 1777 1603 1848 Titium,
1620 1781 1655 1837 ut
1668 1774 1771 1835 decla-

132 1879 151 1921 a
171 1863 313 1924 Peroobo
329 1864 455 1926 licentia
478 1869 512 1926 ut
526 1865 605 1926 alius
626 1865 779 1927 Sacerdos
802 1865 924 1924 assiste·
979 1867 1060 1928 ravit
1075 1867 1106 1928 S.
1124 1868 1220 1946 Cong.
1237 1866 1322 1946 apud
1337 1867 1427 1944 Pign.
1444 1885 1471 1926 n.
1488 1867 1517 1942 8,
1542 1881 1615 1924 nam
1630 1862 1671 1924 ad
1685 1861 1774 1922 valo-

133 1953 189 2024 rct,
215 1954 248 2011 et
270 1952 346 2032 quia
370 1952 528 2014 sciebatur
550 1971 620 2013 eam
640 1971 707 2014 esse
723 1951 925 2013 obtinendam
978 1973 1045 2014 rem
1060 1953 1247 2016 Matrimonii
1264 1973 1326 2014 non
1341 1951 1511 2033 requiritur
1527 1967 1698 2013 consensus
1713 1951 1773 2010 Pa-

133 2043 203 2098 aute
227 2038 341 2100 horam
364 2041 531 2117 decimam,
555 2040 633 2102 bora
654 2043 693 2101 l0
715 2040 839 2100 ineatur
862 2038 924 2098 Ma·
979 2042 1064 2102 roclii
1098 2061 1103 2102 :
1135 2059 1209 2121 ergo
1238 2041 1313 2104 satis
1341 2047 1389 2102 est
1416 2059 1488 2100 eum
1516 2039 1611 2100 etiam
1641 2036 1775 2097 invitum

132 2123 326 2203 trimonium,
352 2127 535 2209 priusquam
559 2128 685 2190 nuntius
708 2126 865 2188 renuntiet
887 2124 925 2184 li·
979 2128 1124 2190 assistere
1147 2129 1346 2190 Matrimonia
1370 2129 1417 2190 sui
1442 2125 1640 2203 Parocbiani,
1657 2125 1695 2186 de
1711 2143 1773 2203 quo

133 2213 268 2274 centiam
292 2233 360 2276 esse
381 2215 499 2293 damur,
526 2216 639 2278 Sanch.
662 2213 684 2277 l.
708 2219 738 2292 2,
766 2215 840 2296 disp.
867 2215 922 2285 36;
979 2217 1085 2279 testari
1109 2217 1217 2297 possit,
1243 2216 1383 2296 quisquis
1402 2217 1530 2278 tandem
1545 2215 1596 2274 ille
1611 2213 1662 2290 sit,
1678 2211 1775 2272 adeo-

134 2303 221 2362 Hurt.
248 2301 317 2363 Fill.
344 2303 440 2364 Trull.
466 2303 560 2365 Barb.
584 2303 619 2364 dc
641 2302 723 2385 offic.
744 2299 873 2363 puroet.
896 2317 922 2358 c.
981 2323 1041 2384 que
1056 2304 1107 2366 hic
1122 2323 1184 2364 nou
1199 2308 1246 2365 est
1266 2322 1353 2364 emor
1372 2301 1608 2364 substantialis:
1631 2303 1775 2362 econtra

135 2391 182 2465 Ἦ,
204 2409 236 2450 ⁷³·
257 2393 315 2462 75;
332 2392 423 2470 Kugl·
446 2411 477 2452 ⁷1·
494 2395 572 2462 99⁴3
589 2394 699 2453 Avers·
715 2409 818 2471 supra,
841 2391 925 2449 recle
980 2411 1150 2454 consensus
1165 2393 1298 2454 Parocbi
1312 2391 1484 2471 requiritur
1493 2390 1533 2451 ad
1543 2389 1702 2451 licentiam
1716 2403 1774 2466 pro

136 2476 242 2539 dicunt
260 2478 396 2540 valuisse
417 2478 585 2555 licentiam,
603 2479 677 2558 quia
691 2479 765 2540 satis
780 2481 826 2538 est
840 2476 926 2536 illam
980 2480 1040 2540 hac
1055 2477 1262 2542 determinate
1276 2497 1430 2559 persona;
1448 2496 1522 2557 ergo
1545 2477 1570 2538 si
1593 2478 1626 2538 in
1641 2476 1702 2536 hac
1725 2493 1777 2536 er·

136 2581 200 2624 esse
214 2569 371 2643 rogatam,
385 2571 416 2628 et
430 2571 655 2645 acceptatama
669 2567 777 2628 nuntio
793 2563 927 2626 submis-
981 2572 1078 2644 retur,
1100 2573 1147 2628 est
1167 2585 1255 2628 error
1275 2567 1308 2627 in
1327 2566 1511 2629 substantia.
1537 2567 1631 2626 Notat
1644 2581 1720 2625 vero
1736 2562 1775 2622 de

135 2669 179 2712 so.
192 2651 224 2712 Si
239 2657 346 2713 tamen
361 2654 521 2714 Parocbus
534 2653 692 2714 licentiam
702 2657 787 2714 motu
798 2650 925 2731 proprio
980 2657 1065 2716 Luca
1079 2654 1149 2716 desc.
1166 2659 1195 2732 4,
1208 2655 1234 2716 si
1250 2654 1409 2715 Parocbus
1423 2652 1547 2714 dederit
1560 2651 1720 2712 licentiam
1733 2649 1776 2710 ad

134 2738 259 2801 aliunde
275 2745 403 2820 rogatus
427 2741 574 2820 dedisset,
592 2746 623 2804 et
643 2742 798 2804 Sacerdos
812 2739 927 2802 astitis-
981 2742 1189 2804 assistendum
1213 2743 1372 2821 personis;
1399 2741 1494 2802 etiam
1522 2759 1585 2801 non
1609 2739 1774 2818 designato

135 2829 182 2886 set
207 2830 281 2888 ante
305 2827 393 2888 illam
419 2829 587 2907 cognitam,
618 2846 679 2890 uon
699 2830 828 2906 valeret,
853 2825 928 2907 quia
982 2829 1105 2890 illarum
1120 2830 1256 2906 nomine,
1279 2829 1323 2890 ite
1336 2835 1443 2890 tamen
1459 2835 1492 2888 ut
1515 2827 1649 2889 Parochi
1663 2827 1776 2887 volun·

135 2912 265 2977 baberet
288 2933 323 2976 se
346 2935 403 2995 per
418 2917 548 2977 modum
562 2918 727 2997 privilegii,
741 2916 825 2997 quod
840 2935 859 2976 a
873 2933 928 2975 ne·
981 2922 1030 2978 tas
1053 2917 1127 2979 satis
1146 2921 1354 2996 cognoscatur
1381 2916 1475 2977 fuisse
1503 2915 1711 2976 determinata
1735 2913 1776 2974 ad

135 3000 217 3060 mine
238 3005 438 3079 acceptatum
466 3008 559 3080 esset,
584 3003 726 3084 adeoque
753 3001 928 3064 secundum
982 3005 1056 3066 istas
1071 3024 1231 3084 personas,
1248 3005 1362 3084 quibus
1383 3004 1546 3082 delegatus
1560 3003 1695 3078 assistet,
1712 3002 1776 3064 Ma-

135 3087 218 3149 dicta
244 3109 275 3150 a.
307 3092 378 3166 744,
408 3089 484 3150 nihil
513 3097 707 3168 operaretur.
737 3091 824 3151 ldem
853 3087 930 3149 dicit
982 3093 1398 3156 trimoniumiorevalidum
1418 3112 1428 3152 .·
1448 3089 1775 3154 etidemiterumdo·

136 3179 244 3238 avers.
269 3195 371 3258 supra,
397 3178 422 3238 si
446 3179 600 3240 Sacerdos
625 3179 675 3239 ille
699 3195 773 3238 casu
801 3175 927 3238 aliunde
983 3182 1201 3244 cetadT1·id.
1225 3181 1294 3242 dz‘sc.
1318 3184 1366 3259 Mi,
1392 3201 1422 3242 a.
1449 3183 1505 3252 213
1532 3181 1570 3242 V.
1588 3179 1681 3259 Kugl.
1703 3199 1720 3238 u
1743 3199 1772 3239 a.

135 3263 308 3326 audivisset
321 3265 480 3327 licentiam
494 3285 560 3327 esse
576 3284 758 3329 concessam
774 3286 780 3326 :
798 3269 829 3326 et
843 3269 928 3328 recte
983 3273 1052 3332 977.

136 3349 224 3414 addit
243 3353 433 3432 regulariter
455 3355 541 3415 credi
564 3373 626 3416 non
655 3354 769 3415 debere
789 3356 929 3413 contras·
1024 3360 1098 3434 filo.
1115 3355 1348 3418 Matrimonium
1362 3355 1425 3417 Caii
1442 3359 1473 3416 et
1486 3358 1588 3417 Bertae
1612 3355 1778 3420 haeretico-
1805 3361 1846 3406 tta

134 3440 214 3500 turis
237 3441 415 3503 dicentibus
438 3461 470 3504 se
493 3443 652 3505 licentiam
674 3444 770 3505 talem
793 3441 927 3515 habero,
984 3463 1055 3506 rum
1082 3449 1276 3505 contractum
1300 3461 1407 3504 coram
1435 3441 1575 3505 Parocho
1605 3442 1686 3504 illius
1715 3443 1775 3504 loci

135 3525 195 3588 nisi
210 3527 327 3606 scripto
343 3529 519 3592 ostendant.
984 3532 1148 3608 catholico,
1164 3531 1304 3592 ualidum
1319 3536 1366 3593 est
1382 3550 1389 3603 ;
1406 3531 1491 3592 solus
1506 3531 1590 3592 euim
1604 3529 1777 3591 catholicus

75 3616 113 3661 ³⁸³
174 3617 194 3694 §
214 3619 263 3676 38.
280 3614 421 3678 Licentia
439 3621 485 3679 est
498 3619 613 3696 valida,
631 3618 775 3698 quamvis
788 3619 874 3676 metu
890 3614 931 3675 sit
984 3623 1031 3680 est
1044 3637 1118 3678 vere
1141 3617 1266 3678 illorum
1280 3617 1425 3697 proprius
1441 3617 1611 3694 Parochus,
1629 3619 1730 3695 Rayn.
1747 3617 1776 3676 ia

136 3709 269 3780 extoma,
295 3703 369 3784 quia
392 3706 565 3767 secundum
583 3707 668 3768 dicta
690 3707 712 3768 l.
739 3710 769 3784 3,
793 3725 826 3786 p.
849 3709 880 3781 2,
896 3723 926 3764 n.
983 3706 1085 3768 Heter.
1112 3715 1134 3766 t.
1159 3709 1206 3774 16,
1231 3725 1254 3766 s.
1277 3709 1305 3782 l,
1317 3725 1392 3786 pua.
1410 3709 1459 3783 44,
1475 3727 1504 3766 a.
1524 3709 1572 3768 l8.
1595 3705 1697 3785 Majus
1720 3704 1776 3764 du·

136 3796 206 3870 636,
222 3801 249 3852 et
271 3795 341 3869 638,
358 3797 535 3856 contractus
560 3813 622 3856 non
642 3798 766 3856 tantum
791 3793 926 3869 onerosi,
984 3794 1071 3854 bium
1095 3799 1142 3855 θεῖ
1164 3813 1203 3855 an
1227 3794 1298 3856 talis
1321 3793 1480 3856 Parochus
1502 3793 1674 3856 catholicus
1694 3792 1776 3853 licite

137 3881 192 3940 sed
213 3879 307 3940 etiam
331 3881 484 3958 lucrativi,
511 3882 611 3962 qualis
635 3887 682 3944 est
702 3880 840 3958 donatio,
857 3883 930 3940 suut
985 3882 1109 3942 assistat
1123 3881 1276 3962 ejusmodi
1291 3881 1496 3942 Matrimoniis
1512 3881 1731 3941 haereticorum
1746 3879 1777 3939 in

136 3967 243 4044 ralidi,
256 3969 400 4048 quamvis
413 3975 498 4030 metu
509 3970 571 4030 sint
580 3971 692 4031 extorti
703 3988 774 4032 oum
791 3968 931 4029 habeant
985 3987 1042 4029 sua
1055 3970 1209 4031 Parocbia
1222 3968 1442 4031 habitantium.
1469 3971 1579 4046 Negat,
1606 3967 1730 4045 Pignat.
1753 3975 1775 4027 t.

136 4057 313 4118 libertatem
327 4059 402 4118 lure
418 4063 537 4118 naturae
548 4058 741 4138 requisitam,
758 4061 790 4118 et
804 4059 861 4118 Jus
875 4073 928 4132 po·
985 4063 1014 4134 7,
1038 4077 1063 4118 c.
1089 4061 1139 4134 55,
1162 4079 1192 4118 a.
1218 4057 1448 4119 li.All1rmant
1470 4057 1567 4116 Gastr.
1585 4055 1614 4115 d.
1630 4058 1662 4132 4,
1675 4076 1707 4135 p.
1726 4059 1776 4131 ll,

137 4144 265 4205 silitum
283 4161 337 4205 eos
360 4164 423 4205 non
446 4145 573 4206 irritet:
600 4165 675 4226 ergo
697 4145 768 4205 talis
791 4143 929 4218 licentia,
986 4166 1016 4208 a.
1048 4148 1104 4220 l33
1134 4146 1280 4206 Krimn.
1310 4147 1388 4217 668;
1414 4144 1532 4221 Kugler
1553 4163 1582 4204 a.
1607 4145 1677 4220 310,
1704 4143 1778 4222 quia

138 4250 209 4311 quae
224 4237 271 4292 est
281 4232 370 4312 quasi
384 4233 522 4310 donatia,
540 4234 666 4310 valebit,
684 4233 829 4312 quamvis
843 4235 930 4292 metu
987 4232 1129 4312 quamvis
1145 4230 1254 4292 nonsit
1267 4249 1363 4308 purus
1377 4229 1590 4306 testis,tamen
1606 4231 1701 4291 etiam
1715 4249 1778 4291 uon

139 4325 373 4398 extorqueatur,
399 4321 514 4383 Sanch.
535 4319 558 4382 l.
581 4325 611 4397 3,
627 4320 658 4382 d.
675 4324 733 4394 39;
754 4323 833 4382 Koa.
853 4323 929 4398 Reg.
987 4327 1035 4382 cst
1048 4319 1198 4396 Minister,
1215 4320 1270 4380 sed
1291 4337 1328 4378 ex
1351 4318 1547 4380 ordinatione
1568 4318 1715 4379 Ecclesiae
1730 4317 1779 4378 in-

139 4408 232 4468 Carb.
254 4407 290 4468 de
311 4407 393 4488 offic.
418 4409 549 4470 Porocdl
571 4429 596 4470 c.
620 4413 669 4486 M,
685 4429 714 4470 a.
735 4411 793 4480 65;
819 4410 928 4469 livers.
986 4415 1103 4472 teresse
1119 4407 1223 4484 debet,
1240 4411 1274 4468 ut
1294 4407 1398 4467 valere
1414 4406 1512 4484 possit
1534 4407 1596 4468 tale
1618 4405 1778 4467 Matrimo-

139 4513 247 4574 supra,
272 4497 365 4574 llugl.
391 4517 422 4558 a.
439 4499 508 4559 973.
526 4495 613 4558 Idem
629 4501 685 4574 cst,
704 4497 729 4558 si
750 4497 843 4558 detur
857 4513 932 4556 con·
987 4497 1100 4556 nium:
1122 4496 1184 4556 imo
1209 4498 1360 4574 putarunt
1382 4493 1532 4573 Theologi
1556 4493 1709 4570 Rhenani,
1733 4492 1777 4554 uti

138 4589 191 4646 tra
206 4583 457 4646 ratihabitionem
467 4585 612 4664 Episcopi
626 4605 632 4644 :
646 4587 734 4646 Pont.
748 4583 841 4644 Barb.
854 4585 932 4643 Leu·
987 4585 1120 4647 refertur
1135 4585 1165 4644 in
1182 4585 1203 4646 t.
1220 4589 1250 4646 4.
1268 4583 1388 4644 Arellio.
1405 4581 1501 4644 Illzcni
1513 4583 1543 4642 ic
1559 4581 1616 4661 ser.
1623 4599 1696 4662 pag.
1713 4584 1731 4640 2
1750 4588 1778 4642 ct

139 4690 210 4732 ren.
234 4671 265 4730 ia
278 4671 344 4751 loro
366 4671 459 4752 bech.
471 4693 504 4753 p
527 4677 555 4750 l,
571 4693 601 4755 q.
618 4676 688 4750 435,
705 4691 735 4733 n.
752 4676 782 4733 7.
809 4674 886 4733 Item
905 4669 930 4730 si
986 4694 1064 4755 seqq.
1081 4691 1171 4751 posse
1185 4672 1382 4749 benedicere,
1399 4671 1443 4732 uti
1459 4677 1490 4731 et
1513 4689 1680 4749 aspergere
1695 4687 1779 4748 aqua

139 4779 200 4840 per
222 4759 328 4820 dolum
360 4767 392 4836 et
418 4760 573 4822 fallaciam
597 4761 764 4840 impetrata
785 4760 848 4836 sit,
872 4757 931 4818 nisi
986 4761 1167 4837 benedicta,
1197 4759 1330 4821 maxime
1359 4778 1430 4822 cum
1457 4759 1518 4820 illae
1544 4757 1778 4819 benedictiones

140 4848 301 4910 Parocbus
315 4849 438 4909 dederit
451 4849 508 4910 sub
524 4850 712 4926 conditione,
729 4848 754 4909 si
769 4866 844 4909 vcra
858 4847 930 4923 sint,
987 4850 1048 4911 sint
1059 4849 1292 4928 deprecatoriae,
1306 4853 1337 4910 et
1351 4867 1411 4910 non
1428 4845 1778 4910 enuntiativaebomani

140 4957 214 5018 quae
229 4939 410 5012 atteruntur,
427 4937 471 4998 uti
486 4943 557 4998 ante
573 4937 691 4997 dictum
706 4941 763 4998 est.
987 4935 1136 5015 Theologi
1151 4937 1335 5016 interrogati
1350 4935 1567 5010 distinxerunt,
1578 4952 1615 4994 ao
1629 4936 1779 5012 putarunt

71 5044 111 5090 tit
183 5027 270 5104 539.
296 5027 376 5085 Tum
395 5025 555 5085 nonvalet
571 5024 708 5100 licentia,
725 5023 751 5084 si
774 5022 864 5084 dolus
884 5022 934 5083 vel
988 5024 1162 5100 siassistat,
1179 5024 1409 5086 ubidecretum
1431 5022 1518 5085 Trid.
1535 5023 1659 5082 nonest
1676 5017 1779 5096 publi-

139 5131 233 5173 error
254 5112 294 5172 sit
316 5113 401 5173 circa
420 5111 649 5188 substantiam,
679 5112 724 5173 uti
752 5111 777 5172 si
808 5110 935 5172 licentia
989 5119 1117 5188 catum,
1148 5129 1209 5172 non
1237 5111 1306 5189 plus
1330 5128 1460 5188 peceare
1484 5107 1625 5189 quamsi
1654 5103 1780 5166 assistat

138 5203 270 5280 petatur
283 5218 339 5278 pro
354 5199 446 5277 Titio,
455 5203 494 5263 ,et
507 5199 713 5261 substituatur
726 5198 828 5275 Caius,
845 5215 935 5258 meus
988 5200 1184 5264 Matrimonio
1199 5199 1314 5278 publici
1325 5198 1508 5278 peccatoria.
1520 5197 1553 5258 Si
1567 5199 1671 5257 antem
1685 5191 1779 5253 essis-

139 5291 251 5349 autem
279 5287 410 5348 Paroobi
434 5287 635 5348 concedentis
657 5286 767 5348 tendat
789 5285 935 5346 determi·
988 5291 1044 5364 tat,
1071 5287 1122 5349 ubi
1146 5288 1339 5366 publicatum
1360 5289 1416 5362 est,
1438 5284 1630 5359 dubitarunt,
1648 5281 1721 5361 quia
1735 5278 1780 5338 vi·

139 5375 638 5455 natein'l'itium.1lvers.supro,
656 5373 694 5434 de
709 5376 803 5450 Luca,
821 5372 855 5433 dc
872 5372 935 5432 Mu·
990 5375 1082 5436 detur
1105 5375 1279 5436 consentire
1302 5369 1563 5434 administrationi
1585 5365 1778 5432 Sacramenti

139 5475 185 5526 tr.
214 5463 245 5524 d.
275 5467 313 5537 3;
343 5463 410 5526 Pin.
442 5472 465 5525 t.
494 5467 523 5541 5,
547 5483 621 5525 eoas.
642 5466 698 5541 78,
722 5463 805 5524 idem
829 5461 936 5523 dicens
990 5453 1776 5542 indignae,quampossetimpedirenonassistendo,
