3946 6346
327 549 353 620 u
655 545 777 617 iunnx
800 543 973 616 CASUUM.
1282 548 1308 618 u
1609 550 1647 620 04

26 742 102 808 nigris,
110 744 141 794 ut
148 753 211 792 cum
226 754 258 792 ea
268 754 324 791 4400
333 742 466 801 comatur,
475 743 508 790 ut
521 751 576 790 non
591 737 727 790 deleratur
737 737 797 788 0400

25 814 111 865 lumine
124 815 149 862 et
163 812 336 876 campanula,
348 825 397 862 nec
411 811 499 874 capite
513 813 594 872 tecto,
610 811 664 860 nisi
679 807 797 860 uecessi-

26 884 135 934 44041400
150 883 306 947 permittat,
327 885 388 944 040.,
408 895 435 932 n.
455 883 515 943 437,
529 895 545 930 0
559 896 587 932 n.
602 883 660 942 489,
674 882 730 931 044.
750 880 798 930 Die

26 955 120 1004 lanaria
139 955 240 1005 Sancto
264 958 341 1004 extra
364 953 553 1003 necessitatem
577 952 723 1002 ministrari
743 963 800 1000 non

26 1024 98 1086 debet,
116 1037 142 1073 0.
161 1023 219 1074 493.
237 1023 339 1072 Delerri
350 1035 406 1072 non
420 1022 501 1072 debet
514 1021 547 1074 ad
565 1035 668 1084 aegrum
688 1034 800 1072 000040·

26 1095 95 1144 440040
109 1107 185 1143 censa
203 1096 322 1154 tantum,
336 1093 359 1142 si
376 1107 435 1143 eam
446 1105 553 1144 sumere
569 1105 625 1144 non
638 1093 733 1157 possit,
744 1091 799 1141 nisi

29 1165 51 1214 in
73 1164 145 1214 00040
167 1162 333 1225 celebretur,
352 1177 379 1212 0.
397 1164 451 1214 497.
472 1164 499 1214 84
526 1163 684 1214 ministrans
705 1163 798 1212 videat

26 1233 81 1297 quod
91 1233 414 1284 communicanshostiuin
423 1233 573 1297 strophiolo
583 1234 710 1298 excipiat,
718 1232 801 1283 debet

30 1305 151 1354 obsonare
166 1304 228 1366 quis
246 1305 322 1354 04404
336 1307 429 1368 000400
451 1305 486 1354 ah
501 1304 549 1355 illo
563 1318 667 1356 sacram
682 1304 799 1354 hostiam

25 1378 133 1438 repetere,
144 1387 172 1425 n.
182 1375 238 1424 504.
254 1375 282 1426 84
293 1374 381 1424 bestia
393 1375 544 1438 praesertim
572 1387 625 1424 000
641 1388 675 1424 04
688 1374 799 1438 4004044-

26 1444 269 1507 4000404000000400
284 1444 439 1508 sumpserit,
451 1445 570 1508 permitti
587 1447 685 1508 potest,
701 1448 732 1494 ut
746 1443 799 1493 41104

26 1516 47 1564 40
64 1514 192 1564 stomacho
206 1518 417 1576 consumentur,
436 1527 512 1564 num.
530 1517 584 1565 505.
604 1513 692 1566 Etiam
710 1529 725 1564 0
746 1514 799 1564 044-

25 1585 95 1636 nistro
104 1585 216 1648 indigno
227 1587 254 1634 04
265 1598 320 1634 000
330 1583 444 1635 tolerato
456 1585 484 1634 in
497 1588 619 1636 extrema
639 1586 799 1636 necessitate

27 1655 72 1718 peti
82 1659 106 1706 04
117 1655 202 1718 000404
219 1658 308 1719 004004
323 1655 492 1707 0001404404ἰο
503 1659 530 1707 04
540 1655 709 1720 probabilius
719 1656 801 1708 0440444

25 1725 99 1788 dehet,
113 1739 186 1776 nuni.
204 1728 259 1788 490,
274 1727 394 1789 040074.

144 1849 371 1902 EUCHARlSTlAE
402 1851 652 1903 sscusiimtruu.

49 1943 204 1998 1400104404ἱο
215 1949 256 1996 004
266 1947 471 1998 Sacramentum
483 1947 608 2011 Corporis
619 1948 645 1997 04
655 1945 801 2010 Sanguinis

25 2014 117 2075 Christi,
131 2016 180 2064 sub
196 2015 339 2079 speciebus
356 2017 435 2081 panis
449 2018 564 2079 040404,
578 2018 613 2067 00
632 2017 802 2082 spiritualem

24 2085 106 2134 444400
126 2085 303 2136 relectionem
327 2086 461 2138 divinitus
482 2088 648 2150 institutum,
664 2087 681 2138 1.
696 2089 721 2150 0,
736 2102 762 2152 p.
778 2091 801 2150 4,

27 2168 49 2205 u.
61 2157 107 2206 403.
121 2157 184 2206 'llam
204 2157 308 2220 speclea
317 2163 478 2210 0000004040
488 2172 569 2223 00040
583 2159 686 2222 Corpus
696 2163 724 2209 et
733 2159 803 2210 800·

24 2225 73 2285 guis
87 2225 182 2276 Christi
198 2228 368 2278 constituunt
381 2228 435 2279 hoc
451 2231 665 2284 Sacramentum.
680 2229 716 2280 ih.
734 2231 800 2292 800-

24 2293 68 2344 4400
79 2294 186 2348 04004040
205 2298 317 2362 physice
331 2304 396 2350 aunt
411 2301 583 2352 Sacramenta
604 2301 728 2362 diversa,
741 2313 802 2351 mo·

26 2364 150 2416 4044404004
162 2371 271 2418 tantum
281 2381 368 2419 004404
382 2371 598 2432 Sacramentum,
610 2371 646 2420 ib.
658 2370 757 2421 11004440
772 2369 801 2420 40

24 2433 121 2487 04404040
138 2437 271 2488 altaribus
286 2443 359 2490 recte
373 2441 567 2503 concipiuntur
579 2444 611 2490 ut
627 2441 801 2491 Sacramenta

24 2504 120 2567 04404004
135 2522 190 2558 000
206 2523 269 2560 0040
288 2509 311 2560 01
339 2511 469 2562 Sacerdos
488 2512 605 2562 hostiam
625 2511 739 2571 dividat,
754 2513 801 2561 aut

24 2572 97 2636 010400
110 2576 190 2626 simul
205 2581 303 2638 sumat,
315 2577 352 2630 ib.
368 2579 537 2631 Eucharistia
547 2579 631 2630 variis
644 2579 802 2630 nominihus

23 2645 163 2710 appellatur,
179 2659 256 2698 0040.
277 2651 331 2700 404.
347 2651 472 2715 sumptio
494 2665 549 2702 non
564 2651 681 2715 pertinet
694 2650 728 2701 ad
743 2652 801 2715 ejus

23 2717 161 2780 0400014004,
172 2719 220 2768 000
237 2721 277 2769 est
293 2723 398 2769 lantum
411 2721 559 2784 applicatio
573 2721 615 2772 001
631 2720 753 2771 00004440
772 2723 802 2772 04

23 2788 102 2834 444004
113 2789 238 2850 gratiam,
253 2802 281 2838 n.
293 2791 347 2850 4443,
358 2792 412 2848 444.
424 2791 551 2851 Quandiu
561 2791 695 2842 retinetur
706 2792 734 2842 in
744 2805 801 2853 ors,

23 2867 69 2906 uon
77 2860 393 2922 uusstgratiammdda.
404 2862 530 2912 instituta
540 2866 581 2912 est
589 2875 605 2912 a
614 2862 764 2925 Christum.
775 2864 800 2912 3.

24 2923 103 2976 Plures
124 2929 195 2980 circa
219 2943 280 2979 eam
302 2935 367 2982 sunt
390 2931 549 2994 1404044000
576 2946 603 2983 0.
622 2934 675 2984 405.
691 2934 801 2984 Materia

24 2995 72 3058 0400
84 3001 120 3048 eat
135 2999 215 3062 00040
229 3000 369 3064 04040040,
385 3010 412 3052 0.
427 3003 482 3054 447.
499 3003 620 3067 Utraque
634 3004 747 3054 materia
762 3007 802 3054 est

23 3068 156 3116 00000000
178 3066 215 3117 00
239 3067 437 3122 000004000040
459 3070 511 3120 hoc
528 3073 742 3136 Sacramentum,
765 3075 800 3135 et,

25 3146 65 3196 004
80 3148 104 3185 ae
125 3135 274 3200 loquendo,
292 3153 348 3191 000
367 3140 430 3192 14004
452 3155 535 3192 00040
556 3145 662 3192 4004004
685 3143 801 3208 00004004

23 3216 172 3270 0000004040,
187 3209 218 3258 40
232 3221 286 3273 000
307 3225 358 3262 000
377 3213 448 3277 Papa
462 3213 618 3276 dispensare
633 3218 739 3278 poteat;
754 3227 803 3278 per

24 3275 133 3326 accidens
145 3277 295 3342 aliquando
309 3280 367 3330 lieri
383 3285 480 3345 004004,
491 3295 518 3332 0.
531 3283 585 3333 444.
597 3283 731 3334 alterutra
740 3286 803 3335 tan·

24 3345 71 3394 400
88 3353 259 3401 consecratur
274 3350 363 3401 aalide
380 3351 423 3403 001
447 3351 558 3414 illicite,
578 3366 605 3403 0.
626 3355 680 3404 447.
701 3355 729 3406 84
744 3367 802 3404 mu·

23 3415 82 3467 tatio
98 3420 217 3469 materiai
240 3420 276 3471 044
299 3421 451 3485 theologice
474 3423 677 3485 substantialia,
696 3436 750 3474 000
773 3423 804 3475 04

23 3484 221 3552 Sacramentum
237 3491 259 3540 si
274 3491 461 3554 accidentalis,
477 3491 574 3542 0400.
591 3495 628 3544 48.
643 3493 802 3559 Theologice

24 3553 260 3621 0040400440140004,
277 3560 388 3624 quando
403 3561 517 3611 materia
538 3562 617 3624 40440
631 3575 803 3612 communem

23 3637 91 3675 40040
104 3631 130 3678 04
143 3630 375 3680 existimationem
386 3630 530 3682 hominum
545 3644 600 3682 000
615 3635 656 3683 004
669 3646 697 3682 re
712 3636 739 3682 at
752 3646 804 3682 00·

26 3693 89 3744 mine
108 3697 201 3748 eadem
220 3711 283 3750 cum
302 3698 349 3749 illa
374 3712 455 3763 00004
483 3701 605 3754 Christus
623 3703 760 3766 instituit;
780 3705 803 3755 si

22 3767 101 3816 004040
121 3768 201 3831 40440
224 3781 397 3820 communem
421 3783 502 3822 usum
524 3773 560 3823 sit
583 3772 688 3834 eadem,
707 3775 747 3822 004
767 3771 803 3822 00

23 3847 144 3888 00004004
163 3841 279 3890 mutatio
300 3841 487 3905 accidentalis,
505 3857 531 3894 0.
546 3855 572 3906 g.
586 3855 657 3907 aqua
675 3842 803 3894 40001040

23 3907 112 3956 04444040
126 3913 166 3959 004
180 3911 376 3972 00440400-440140,
388 3913 416 3961 40
430 3926 520 3963 rorem
534 3926 663 3964 conversa
678 3913 804 3963 0040004·

23 3973 134 4040 00040140,
150 3983 235 4042 040.,0
251 3994 326 4032 0004.
342 3984 382 4042 44,
396 3984 450 4034 444.
466 3984 637 4034 Conveniens
655 3982 706 4034 luit
719 3987 804 4033 mate·

24 4045 82 4124 41010
95 4050 149 4111 aius
166 4063 338 4116 0000000040
357 4055 385 4102 04
406 4055 514 4115 vinum,
530 4067 558 4105 n.
575 4056 629 4106 448.
647 4055 805 4119 Requiritnr

4 4121 92 4178 ‘penu
108 4119 239 4181 triticeus,
253 4133 270 4170 a
285 4135 312 4170 0.
331 4123 384 4172 449.
401 4121 497 4172 1104400
516 4123 563 4173 000
583 4123 679 4174 44140440
692 4126 733 4173 004
746 4133 803 4172 ma·

4 4185 88 4246 10440,
106 4186 128 4236 04
153 4187 258 4248 aliquot
283 4195 390 4242 tantum
411 4205 496 4256 gram
518 4193 561 4243 001
585 4197 670 4257 004440
693 4192 805 4244 01404400

21 4255 109 4316 0000404
131 4269 192 4308 0040
209 4261 306 4312 tritico
330 4265 357 4314 04
380 4276 450 4326 aqua
478 4265 662 4324 misceantur3
686 4263 758 4326 quod
781 4263 805 4313 si

21 4324 97 4385 iunior
109 4339 169 4388 pura
182 4332 279 4380 nonsit
288 4332 410 4382 triticum
421 4338 449 4385 04
458 4346 529 4396 aqua
539 4333 680 4396 naturalis,
694 4347 750 4385 000
765 4337 806 4384 est

21 4394 121 4444 materia
135 4395 234 4460 salida,
245 4412 271 4450 0.
289 4401 345 4462 449,
355 4403 410 4452 443.
422 4404 503 4454 Panis
513 4405 712 4455 consecrandus
725 4403 807 4454 dehet

22 4469 72 4510 0000
84 4461 168 4526 ligura
181 4469 332 4521 orbiculari
353 4472 383 4522 40
397 4473 515 4524 Ecclesia
529 4473 624 4536 latina,
639 4475 723 4524 Graeci
738 4487 805 4538 qua·

4 4525 115 4583 ,haum
136 4536 281 4602 adhibent,
297 4543 365 4593 ibid.
382 4544 512 4594 Triticum
533 4544 577 4594 vel
592 4545 669 4608 panis
684 4545 806 4596 triticeus

4 4669 5 4672 Ἰ
20 4603 130 4682 40040404
138 4609 364 4676 000040044014400,
380 4615 402 4664 si
414 4619 535 4666 mutatur
548 4617 577 4666 in
593 4616 733 4680 amydutn,
744 4619 805 4679 040.,

19 4673 219 4744 accidentaliter,
246 4683 269 4734 si
284 4685 467 4752 admisceatur
490 4699 586 4750 parum
612 4687 718 4748 hordei,
743 4691 805 4749 040.,

20 4751 76 4824 00.,
85 4746 138 4827 444.
152 4748 328 4804 Conseri-atio
344 4755 371 4804 in
390 4756 552 4808 fermentato
566 4757 703 4808 Sacerdoti
718 4757 805 4808 latino

20 4813 170 4880 0040140440,
189 4823 357 4884 probabilius
371 4827 454 4877 etiam
474 4827 502 4876 40
519 4827 680 4878 000000440ῑο
695 4827 804 4889 04044044

4 4907 5 4914 ³
21 4877 151 4964 10040400
166 4893 206 4939 004
223 4893 315 4943 Graeco
330 4894 440 4956 illicitas
454 4896 508 4946 nial
520 4898 631 4948 Latinus
640 4900 689 4947 aut
700 4898 806 4948 Graecus

19 4949 79 5004 01444
92 4955 261 5014 000440414οι0
274 4963 376 5026 040444,
390 4979 416 5016 n.
433 4968 488 5028 449,
503 4981 519 5016 0
534 4981 608 5018 0004.
627 4969 680 5018 449.
697 4969 805 5020 8001000

17 5025 137 5077 40000010
161 5034 203 5080 004
229 5036 336 5084 4404040
364 5037 473 5088 0004010
501 5051 658 5089 consecrare
685 5039 805 5089 Hostiam

18 5087 132 5174 1044004,
148 5103 199 5150 040.
213 5115 240 5153 0.
262 5105 317 5154 434.
336 5105 541 5169 Aliquantulum
564 5110 688 5172 corrupta
710 5120 804 5158 conse·

20 5171 81 5212 04044
95 5179 150 5217 000
164 5170 254 5235 debet,
269 5188 297 5225 n.
321 5177 376 5226 433.
396 5179 480 5227 Parva
501 5178 651 5228 consecrari
669 5181 766 5242 004004,
781 5179 804 5228 04

4 5231 204 5315 10Ιο4140140τί
225 5258 280 5294 non
304 5247 401 5310 possit,
415 5261 442 5297 0.
463 5250 516 5299 449.
540 5248 804 5312 11000444404040040

19 5313 50 5352 04
61 5309 124 5368 rite,
139 5323 166 5360 n.
183 5311 235 5363 404.
252 5317 426 5368 consecratio
450 5323 491 5382 est
512 5318 613 5380 valida,
637 5319 683 5369 sed
708 5319 804 5370 44440440

18 5367 47 5422 h
59 5381 161 5458 0400400
174 5379 246 5434 'itera
263 5387 292 5436 40
311 5388 378 5439 0400
393 5388 545 5453 liquoribus
557 5389 619 5439 aliis
635 5388 679 5440 001
696 5402 804 5440 aroma·

21 5441 87 5495 tibus
101 5451 138 5498 ita
152 5451 256 5506 0400400
267 5459 411 5522 permixto,
422 5462 453 5510 ut
466 5463 593 5514 naturam
603 5460 661 5512 viui
676 5463 802 5523 retineat,

105 5536 213 5594 mnan

852 734 918 787 item
933 737 962 787 in
976 737 1041 788 0400
1062 739 1204 790 acescente
1222 755 1229 790 0
1247 739 1416 803 probabilius
1435 741 1517 792 ellam
1537 740 1564 792 in
1583 739 1649 792 0400

854 807 1004 872 congelato,
1020 822 1047 861 n.
1070 812 1124 861 434.
1144 811 1175 861 40
1197 810 1338 876 congelato
1364 825 1523 864 consecrans
1546 814 1650 876 peccat,

853 891 928 930 0040.
944 880 998 930 434.
1014 880 1044 930 40
1065 881 1130 932 0400
1150 895 1183 932 04
1200 895 1271 946 aqua
1290 883 1451 935 miraculose
1470 883 1541 934 iacto
1559 881 1650 932 valide

853 953 1037 1012 consecratur,
1053 954 1080 1002 04
1094 952 1263 1016 probabilius
1282 954 1402 1004 etiamsi
1423 955 1518 1006 vinum
1537 955 1566 1004 in
1580 965 1650 1018 pana

853 1020 990 1072 imbutum
1005 1027 1167 1088 erumperet,
1182 1027 1230 1074 aut
1244 1025 1335 1076 04000
1349 1029 1456 1076 matura
1483 1029 1651 1089 pungeretur

855 1092 885 1142 04
909 1103 1006 1142 succus
1032 1097 1199 1156 erumperet,
1226 1095 1255 1146 iu
1281 1107 1313 1145 eo
1341 1095 1430 1146 valide
1460 1098 1649 1156 consecratur,

853 1171 869 1210 a
886 1172 913 1210 0.
934 1162 988 1211 435.
1002 1160 1075 1215 Viuo
1094 1165 1278 1215 consecrando
1292 1165 1375 1216 debet
1388 1166 1497 1216 misceri
1515 1179 1586 1228 aqna
1600 1178 1649 1216 00·

853 1230 960 1293 4040140,
979 1243 1006 1282 n.
1027 1233 1113 1294 434,0
1132 1247 1159 1286 0.
1178 1236 1233 1285 437.
1254 1235 1360 1288 8010044
1388 1237 1410 1286 04
1430 1238 1577 1288 misceatur
1595 1248 1651 1286 una

853 1301 972 1366 guttula,
982 1303 1133 1354 dummodo
1146 1305 1181 1355 sit
1195 1307 1342 1369 sensibilis,
1353 1321 1429 1358 0004.
1440 1308 1494 1358 439.
1510 1307 1537 1358 84
1553 1306 1650 1356 mixtio

854 1373 912 1422 hasc
931 1373 1083 1436 omittatur,
1107 1377 1147 1426 est
1168 1377 1269 1439 001100,
1284 1377 1330 1428 000
1354 1377 1449 1429 41140444
1472 1376 1650 1436 consecratio,

854 1457 929 1494 num.
953 1443 1007 1495 434.
1033 1445 1062 1496 84
1088 1450 1152 1498 ante
1176 1447 1409 1499 consecrationem
1432 1453 1544 1500 notetur
1574 1446 1650 1512 quod

855 1515 952 1565 mixtio
969 1516 1005 1566 sit
1018 1515 1128 1578 omissa,
1141 1517 1231 1569 adhuc
1246 1517 1304 1568 0044
1323 1519 1413 1580 dehet,
1429 1519 1549 1571 sedtum
1563 1516 1650 1582 repeti

855 1584 937 1634 debet
959 1584 1062 1636 oblatio
1085 1587 1188 1650 calicis,
1212 1603 1239 1639 0.
1260 1591 1315 1650 434,
1340 1591 1393 1640 450.
1413 1591 1581 1653 Praeceptum
1599 1588 1651 1638 hoc

856 1653 998 1706 mixtionis
1022 1669 1078 1708 000
1102 1659 1260 1710 extenditur
1286 1659 1319 1710 nd
1348 1673 1408 1710 eam
1445 1673 1507 1724 0040
1533 1657 1565 1710 04
1590 1661 1652 1723 post

856 1721 1093 1790 Commuuionenr,
1115 1743 1141 1779 0.
1166 1729 1220 1780 434.
1245 1731 1357 1781 Materia
1383 1731 1467 1782 dubia
1489 1734 1531 1781 004
1554 1729 1650 1795 000440,

856 1793 946 1856 siligo,
962 1797 1013 1845 040.
1030 1798 1060 1848 40
1080 1811 1111 1847 ea
1130 1812 1289 1850 consecrare
1307 1805 1349 1851 est
1367 1800 1503 1860 illicitum,
1522 1813 1538 1850 a
1558 1799 1649 1849 0444.

856 1861 967 1914 Materia
982 1868 1150 1917 consecranti
1164 1867 1246 1919 debet
1261 1881 1317 1918 asse
1337 1867 1477 1919 moraliter
1494 1871 1521 1919 et
1534 1867 1652 1919 sensibi-

857 1931 922 1983 liter
935 1945 1063 1997 prresens,
1079 1935 1106 1986 id
1124 1940 1176 1999 est,
1190 1940 1222 1988 04
1236 1939 1322 2002 possit
1336 1938 1516 1989 demonstrari
1530 1938 1651 1988 humano

858 2003 940 2054 40000
954 2005 988 2056 00
1003 2016 1115 2057 0000004
1130 2021 1178 2072 per
1191 2021 1342 2072 pronomen
1356 2006 1402 2058 100
1415 2007 1652 2072 0011004000000·

858 2073 955 2125 denter
966 2075 1002 2126 ab
1016 2076 1092 2128 00404
1104 2077 1159 2128 0440
1174 2079 1252 2144 signo
1266 2079 1400 2140 sensibili,
1419 2091 1435 2129 a
1449 2092 1477 2129 0.
1494 2079 1548 2129 454.
1564 2078 1652 2130 Etiam

857 2143 940 2196 debet
954 2157 1014 2197 0000
1028 2151 1102 2199 00440
1119 2153 1147 2200 04
1169 2164 1185 2199 0
1203 2151 1388 2202 consecrantis
1407 2150 1558 2202 intentione
1577 2153 1604 2200 at
1622 2149 1652 2200 in

857 2215 1001 2266 individuo
1027 2217 1218 2282 determinata,
1235 2233 1309 2272 num.
1330 2223 1385 2282 454,
1403 2233 1461 2271 00.
1481 2223 1535 2272 455.
1556 2219 1652 2272 valide

855 2285 903 2337 000
922 2286 1017 2338 41110440
1036 2293 1209 2340 consecratur
1231 2292 1327 2342 vinum
1350 2292 1378 2340 in
1402 2289 1492 2342 Gallos
1514 2294 1651 2354 cooperto,

856 2357 981 2408 0000001
1002 2357 1133 2409 cantharo
1157 2360 1264 2419 0400004
1284 2361 1349 2411 44004
1367 2362 1447 2425 panis
1470 2360 1499 2410 in
1517 2359 1651 2419 canistro,

855 2428 955 2480 11004440
979 2429 1007 2478 40
1031 2428 1140 2481 ciborio
1163 2429 1460 2492 10400400004011404·
1482 2435 1574 2491 400440,
1597 2431 1650 2478 040.

855 2513 883 2550 0.
898 2501 952 2550 454.
967 2499 1061 2560 1101400
1071 2503 1266 2552 consecrantur
1274 2501 1373 2553 14004400
1382 2503 1523 2565 presentes
1536 2513 1553 2550 a
1567 2511 1648 2561 04000,

856 2569 968 2620 0040140
987 2571 1130 2622 Sacerdote
1149 2572 1177 2621 in
1197 2573 1328 2638 tenebris,
1342 2585 1370 2623 0.
1395 2573 1450 2622 aas.
1464 2569 1577 2622 Materia
1592 2573 1653 2634 post

856 2644 962 2705 tergum
994 2642 1081 2705 posita
1113 2641 1283 2706 probabilius
1315 2641 1435 2693 invalide
1462 2644 1651 2702 consecratur,

856 2725 883 2762 n.
900 2713 953 2762 453.
968 2713 990 2762 st
1006 2713 1090 2764 latare
1104 2714 1192 2777 000140
1210 2713 1301 2764 001400
1318 2716 1504 2773 consecratur,
1519 2711 1543 2760 si
1562 2709 1652 2762 adhuc

856 2787 997 2834 censeatur
1011 2795 1071 2834 esse
1086 2784 1226 2836 moraliter
1238 2788 1302 2836 ante
1320 2787 1536 2844 consecrantem,
1550 2793 1579 2832 0.
1596 2781 1651 2832 454.

856 2854 945 2904 Posita
959 2867 975 2903 a
992 2854 1074 2904 latere
1090 2855 1119 2904 in
1133 2854 1271 2906 credentia
1284 2867 1341 2906 non
1355 2856 1537 2914 cousecratur,
1553 2865 1581 2903 0.
1594 2852 1651 2902 454.

856 2924 967 2974 Materia
983 2927 1040 2975 4040
1058 2938 1142 2988 parva
1160 2928 1191 2976 nt
1210 2937 1291 2976 00000
1311 2924 1412 2989 percipi
1431 2934 1488 2974 000
1509 2923 1603 2986 000044,
1627 2921 1651 2972 04

856 2995 892 3044 044
906 2997 981 3044 extra
994 2994 1118 3057 chorum,
1138 2995 1259 3046 invalide
1272 2997 1452 3056 consecratur,
1472 3005 1500 3044 n.
1514 2993 1570 3042 454.
1585 2991 1652 3042 14040

856 3063 945 3114 media
959 3075 1021 3127 pars
1038 3065 1138 3115 14004404
1153 3077 1208 3114 000
1223 3063 1374 3129 designata,
1384 3062 1536 3126 0010140040
1550 3071 1585 3112 04
1594 3059 1653 3124 010·

857 3134 933 3184 ribus
955 3146 1011 3184 non
1037 3134 1184 3198 designatus
1208 3148 1268 3198 quse
1294 3135 1317 3184 si
1339 3148 1356 3184 a
1379 3136 1554 3184 consecrante
1577 3130 1650 3182 desi·

856 3208 988 3268 gnentur,
1012 3205 1102 3256 valide
1129 3208 1331 3263 consecrantur.
1353 3217 1381 3256 0.
1406 3207 1460 3256 aaa
1484 3203 1513 3256 84
1538 3201 1651 3254 materia

857 3279 1012 3327 consecrata
1026 3276 1065 3325 ita
1078 3275 1247 3328 divideretur
1264 3282 1297 3332 ut
1319 3275 1430 3328 4000040
1444 3271 1521 3324 00404
1535 3271 1653 3324 incensi·

857 3347 937 3408 bilis,
951 3346 1041 3397 adhuc
1054 3346 1187 3397 retineret
1203 3348 1309 3412 corpus
1321 3351 1350 3398 04
1363 3345 1528 3409 Sanguinem
1541 3340 1651 3402 Christi,

857 3429 886 3468 n.
898 3419 953 3468 470.
964 3418 1051 3467 4404400
1065 3415 1149 3467 calici
1164 3419 1285 3468 exterius
1299 3417 1469 3468 adherentes
1482 3427 1540 3466 non
1555 3423 1653 3464 00000·

857 3489 977 3550 orantur,
991 3499 1058 3538 num
1081 3487 1136 3549 454,
1155 3489 1208 3538 449.
1231 3487 1260 3538 84
1283 3487 1345 3537 due
1368 3486 1469 3538 41004440
1490 3484 1546 3535 0404
1570 3481 1652 3534 simul

854 3560 1097 3622 quaelescunque
1121 3563 1303 3620 consecratur,
1328 3571 1405 3608 0004.
1426 3558 1481 3608 454.
1501 3555 1600 3606 004000
1622 3553 1652 3604 40

857 3629 941 3681 4444044
957 3629 1051 3693 positas
1070 3631 1263 3680 consecrantur
1275 3629 1381 3691 001400,
1395 3629 1418 3679 04
1433 3627 1564 3680 80004000
1579 3637 1624 3676 000
1635 3638 1653 3674 0

858 3713 886 3750 00
901 3698 1097 3750 consecrandas
1109 3699 1209 3750 0040444
1223 3699 1332 3762 viderit,
1346 3702 1396 3750 aut
1407 3702 1471 3749 0040
1485 3695 1653 3749 8004441040ιο

857 3769 892 3820 00
907 3770 942 3822 440
956 3770 984 3820 40
1000 3768 1084 3821 uiuri
1099 3771 1197 3834 positis
1211 3769 1401 3822 consecrandis
1416 3768 1539 3818 monitus
1552 3765 1652 3826 400444,

858 3841 994 3905 quamvis,
1009 3840 1076 3890 dum
1089 3844 1237 3902 consecrat,
1257 3853 1352 3891 aarum
1373 3851 1430 3890 uon
1453 3847 1577 3900 04040000
1595 3845 1652 3886 ntes

858 3910 979 3972 minerit,
1008 3913 1057 3961 004
1083 3911 1165 3962 etiam
1191 3911 1225 3962 00
1254 3911 1420 3962 0010000040
1448 3920 1504 3959 000
1534 3907 1652 3970 detegat,

858 3994 886 4031 n.
902 3983 958 4042 454,
978 3993 994 4030 0
1018 3993 1048 4030 n.
1071 3979 1242 4032 4501101400
1273 3980 1320 4032 000
1346 3979 1440 4030 11140440
1462 3978 1655 4027 consecrantur

859 4051 1039 4104 110044000εο
1055 4064 1111 4100 000
1125 4053 1231 4115 000440,
1247 4051 1312 4101 44040
1330 4049 1444 4100 materia
1457 4051 1534 4100 extra
1555 4047 1654 4109 Corpo-

859 4121 914 4172 rale
929 4120 1032 4185 posita;
1053 4121 1118 4171 item
1134 4122 1182 4185 qui
1197 4121 1316 4171 40400044
1333 4132 1490 4170 consecrare
1503 4121 1593 4182 guttas
1606 4118 1655 4170 (40·

860 4194 905 4243 1404
922 4192 1092 4242 adherentes
1108 4191 1238 4254 exterius,
1253 4192 1310 4255 agit
1324 4190 1427 4252 illicite,
1442 4203 1470 4238 0.
1485 4189 1539 4239 454.
1558 4186 1654 4239 1101400

859 4264 905 4315 sed
918 4264 1012 4314 illicite
1023 4265 1219 4314 consecrantur
1236 4275 1270 4313 ex
1284 4261 1404 4322 cumulo,
1423 4271 1448 4310 0.
1466 4273 1492 4324 g.
1508 4271 1595 4324 pares,
1610 4257 1654 4308 001

859 4346 954 4384 omnes
968 4336 1263 4398 pretersupremamet
1272 4331 1403 4392 40004040,
1414 4334 1476 4390 0404
1491 4328 1610 4380 10001400
1620 4341 1654 4379 04

860 4405 959 4469 viginti
978 4403 1156 4469 presentibus
1177 4407 1283 4454 tantum
1300 4405 1432 4466 quinque,
1446 4401 1469 4451 si
1484 4399 1567 4452 nulla
1585 4399 1655 4456 desi,-

859 4477 987 4535 guentur,
998 4477 1060 4533 etc..
1069 4486 1097 4524 0.
1107 4475 1164 4536 454,
1175 4485 1191 4522 0
1202 4487 1276 4524 0040.
1287 4474 1341 4524 455.
1352 4472 1464 4523 14040440
1473 4469 1654 4521 consecranda

858 4543 968 4594 admitti
982 4546 1071 4608 potest
1089 4549 1151 4609 post
1169 4545 1352 4606 offertorium,
1371 4543 1416 4594 001
1433 4541 1483 4594 auh
1497 4542 1615 4602 (400000,
1630 4539 1653 4592 04

859 4613 928 4664 01400
951 4613 1042 4678 plures
1064 4615 1123 4666 0400
1146 4616 1346 4667 commuuione
1373 4616 1465 4666 000004
1487 4611 1654 4673 dimittendi,

860 4697 888 4736 n.
903 4687 958 4746 454,
974 4686 1026 4735 460.

890 4755 987 4806 Forma
1003 4757 1215 4808 consecrationis
1225 4757 1304 4820 panis
1319 4757 1360 4806 est
1375 4768 1382 4802 =
1397 4755 1448 4806 Hoc
1463 4756 1500 4803 eei
1513 4754 1579 4803 esaim
1594 4751 1654 4804 eos

858 4841 908 4891 000
924 4840 1022 4888 meum,
1037 4827 1083 4876 uhi
1100 4827 1192 4877 omnia
1211 4831 1275 4876 sunt
1292 4828 1326 4878 de
1345 4826 1477 4886 essentia,
1500 4826 1598 4887 0440404·
1616 4823 1654 4874 ’10

859 4898 940 4960 enim,
965 4898 1042 4960 00400
1061 4897 1173 4948 04040040
1192 4901 1232 4948 est
1254 4896 1369 4948 reniale.
1392 4896 1457 4950 11404
1471 4899 1534 4946 este
1554 4895 1601 4944 llic
1617 4904 1655 4952 004

859 4967 1018 5018 0044000140
1040 4968 1255 5032 sosipatris-mei,
1272 4970 1332 5018 noni
1349 4971 1374 5018 et
1392 4967 1482 5016 oetemr'
1499 4967 1642 5016 testamenti
1645 5001 1653 5028 ,

859 5039 1007 5103 mysterium
1019 5037 1088 5102 444404,
1101 5039 1146 5103 qui
1156 5053 1204 5103 pro
1224 5039 1292 5089 00010
1303 5040 1328 5088 et
1334 5052 1385 5102 pro
1400 5037 1488 5086 00441440
1505 5034 1655 5099 effundetis·

859 5109 887 5159 ia
902 5109 1074 5158 remeassenem
1082 5111 1254 5172 peccatorum,
1275 5109 1324 5160 ubi
1339 5107 1494 5158 essentialia
1511 5109 1594 5157 suutr
1608 5107 1655 5156 1440

859 5181 897 5228 est
914 5177 987 5229 00110
1007 5178 1146 5242 sauguinis
1160 5179 1218 5228 mei.
1237 5177 1413 5242 Reliquorum
1433 5180 1524 5226 tamen
1543 5176 1654 5227 omissio

858 5248 902 5299 vel
917 5249 1032 5298 mutatio
1047 5250 1088 5298 004
1096 5261 1187 5318 grave,
1202 5261 1229 5298 n.
1246 5249 1301 5300 454.
1313 5250 1364 5298 Per
1376 5249 1413 5298 'lo
1428 5246 1474 5296 boc
1484 5251 1511 5297 04
1523 5246 1655 5296 144040401-

859 5320 906 5384 ligi
922 5317 1021 5368 debete
1036 5318 1094 5368 14400
1108 5331 1150 5369 res
1160 5323 1207 5370 aut
1225 5319 1283 5369 14400
1299 5318 1465 5379 substantia,
1479 5329 1540 5380 qua
1557 5315 1654 5368 40000

859 5388 1053 5454 propositionis
1075 5390 1232 5440 continetur
1257 5389 1308 5439 sub
1332 5389 1376 5439 hia
1392 5388 1596 5448 accidentibus,
1614 5393 1655 5440 ast

858 5461 971 5525 corpus,
986 5461 1028 5511 004
1041 5459 1157 5523 Sanguis
1171 5471 1257 5510 meus.
1272 5457 1340 5512 4010
1355 5459 1410 5511 1400
1424 5459 1580 5524 4404000004
1588 5456 1652 5509 (tor-

1515 5548 1543 5604 14
