3976 6348
657 525 710 590 011
730 521 993 589 ΜΑΤΒΙΜΟΝῙΟ.

53 713 107 776 Soc.
116 712 202 778 issu
211 712 345 776 civitatis
355 717 392 776 N.
404 714 548 776 dioecesis
558 717 592 778 N.
605 714 636 776 in
647 733 685 778 ea
695 717 812 790 erecta,

52 801 101 863 sive
112 801 252 881 erigenda
274 804 545 881 Contraternitate,
568 823 624 865 seu
639 806 820 884 Congrege-

51 889 117 948 tione
137 889 304 951 devolionis
324 893 360 952 0.
383 894 420 954 N.
443 893 472 954 J.
497 893 530 952 C.
554 892 586 952 in
608 894 705 954 Gruce
727 891 821 952 mori-

52 977 140 1054 bundi,
160 996 195 1038 ao
218 980 253 1039 B.
278 980 320 1041 M.
344 983 382 1042 v.
404 980 472 1060 ejus
487 980 651 1042 Genitricis
668 982 821 1042 dolorosa

12 1083 13 1148 3
52 1063 84 1124 ad
94 1065 163 1126 bene
176 1067 387 1144 moriendum,
399 1087 456 1147 pro
467 1069 563 1130 semel
574 1069 685 1149 quovis
699 1085 818 1142 mense,

12 1167 13 1200 1
50 1147 133 1228 idest,
147 1171 200 1231 pro
214 1154 316 1231 prima
331 1155 411 1216 ferie
425 1157 577 1224 sextensi
592 1156 755 1218 Dominiea
769 1174 821 1215 cu-

12 1245 13 1316 ]
46 1235 126 1313 jussis
146 1242 268 1302 mensis.
295 1245 363 1306 lloo
382 1245 480 1306 llrove
500 1244 595 1306 datur
609 1243 737 1325 quidem
751 1261 821 1322 gra-

12 1327 13 1330 ’
49 1323 90 1398 lis;
111 1344 162 1404 pro
175 1329 311 1408 Agentis
337 1336 452 1408 tamen,
474 1336 505 1393 et
519 1333 609 1394 altari
625 1331 821 1411 privilegiato

12 1455 13 1490 ,
49 1413 156 1475 solvitur
176 1435 273 1478 unum
294 1421 444 1482 Scutum:
470 1422 519 1482 vel
540 1441 598 1501 per
616 1422 735 1501 aliquot
752 1426 822 1482 tan·

12 1551 14 1574 ,
49 1505 101 1563 111
113 1505 285 1583 lmperiales
298 1516 432 1570 monete
448 1510 633 1590 communis.

12 1647 14 1718 l
63 1635 99 1698 De
108 1635 313 1720 dispensatione
324 1661 380 1722 pro
392 1641 551 1704 Ordinibus
559 1663 616 1724 per
631 1643 797 1703 Ostorium.

78 1761 257 1840 Dispensatio
282 1781 339 1843 pro
364 1769 453 1827 extra
476 1771 618 1844 tempora
640 1771 671 1826 et
685 1767 821 1828 intersti-

48 1848 224 1912 tiisdaturob
237 1871 337 1913 unum
352 1872 390 1914 ex
405 1855 607 1935 sequentibus
622 1855 745 1915 motivis
762 1875 768 1914 :
786 1855 821 1915 ln

48 1936 169 1998 solatium
196 1947 367 2018 parentum
396 1943 482 2004 senio
511 1943 741 2017 coniectorum,
772 1943 821 2005 vel

50 2023 196 2106 utriusque,
219 2029 272 2090 uel
286 2030 399 2092 saltem
414 2031 552 2094 alterius.
575 2032 622 2093 Ob
637 2036 768 2092 atatem,
783 2035 821 2094 27

12 2119 14 2192 l
48 2132 176 2176 annorum
198 2117 430 2181 inchoatorum.
460 2121 507 2183 Ob
530 2123 744 2196 Doctoratum,
772 2120 821 2180 vol

12 2199 14 2272 ζ
49 2199 123 2260 oliam
142 2203 420 2268 baccalaureatum
443 2206 633 2285 theologiae.
661 2207 822 2269 01111111-

12 2291 14 2362 3
49 2291 144 2350 tionem
156 2293 304 2354 Beneficii
320 2296 462 2357 actualis.
486 2297 532 2358 Ob
547 2297 820 2374 subdiaconatum,

12 2371 14 2466 ζ
49 2378 85 2438 sel
97 2379 306 2444 diaconatum.
320 2385 367 2445 Oh
379 2385 584 2461 nobilitatem,
602 2385 657 2444 sed
673 2385 732 2446 boo
748 2403 822 2446 casu

49 2469 191 2546 superaddi
205 2471 325 2534 dehent
346 2477 365 2534 2
387 2475 502 2546 Scuta;
529 2475 673 2554 adeoque
688 2479 760 2535 taxa
774 2493 822 2534 as·

12 2547 14 2636 l
49 2555 181 2616 nuditad
202 2561 221 2618 c
241 2560 351 2634 Scuta,
369 2579 442 2620 nam
458 2561 598 2640 alioquin
613 2561 822 2623 1111111111-

48 2642 167 2704 simeum
182 2649 319 2724 Agerrtia
334 2655 407 2710 sunt
429 2653 448 2710 1
471 2651 577 2710 Scuta.
603 2652 676 2711 Haeo
697 2650 824 2729 dispen-

12 2731 14 2786 l
48 2728 109 2790 satio
122 2749 156 2790 ex
169 2734 299 2794 Datsria
314 2736 435 2798 nonnisi
451 2736 551 2814 spatio
564 2740 600 2798 lt
625 2738 748 2799 dierum
769 2739 823 2800 ha·

48 2814 99 2876 beri
119 2823 226 2896 potsse
243 2821 271 2882 si
286 2825 392 2882 tamen
407 2823 662 2902 superaddantur
676 2826 825 2888 01111111-

12 2937 26 3020 l
48 2903 143 2969 11150
161 2910 290 2989 Bajooi,
315 2911 423 2972 haberi
439 2917 541 2991 potest
555 2913 637 2975 intra
650 2917 680 2976 8.
697 2916 824 2978 Modum

12 3025 14 3104 l
48 2995 151 3069 leteudi
167 2996 235 3058 vide
251 2998 347 3060 inira.

96 3126 132 3188 ln
143 3129 359 3212 dispensatione
372 3133 470 3196 eodem
478 3155 536 3216 per
550 3136 761 3199 Serretnrturn.

12 3227 14 3310 i
79 3251 240 3314 secretaria
250 3256 401 3317 Brevium
412 3258 571 3337 dispensat
583 3279 619 3320 ex
634 3260 744 3322 iisdem
758 3279 824 3321 mo·

12 3315 16 3424 Ι
48 3333 113 3414 liris,
136 3357 170 3400 ac
192 3342 293 3404 etiam
318 3363 355 3404 ex
372 3347 576 3425 sequentihus
591 3349 725 3426 duobus,
742 3349 825 3410 seili-

12 3427 14 3494 l
50 3427 95 3500 cet,
116 3426 152 3487 nb
173 3429 393 3510 Magisterium
407 3432 440 3493 in
454 3435 585 3513 artibus,
602 3455 639 3497 eo
655 3437 738 3518 quod
754 3437 824 3517 quis

12 3497 14 3594 1
50 3529 155 3590 operam
168 3527 264 3580 navet
280 3518 470 3600 theologiae,
483 3527 647 3604 potestque
662 3523 825 3602 dispensa-

12 3599 15 3666 l
50 3597 82 3658 tio
93 3599 191 3662 baberi
213 3603 303 3666 intra
317 3625 415 3666 unum
429 3607 524 3686 diem,
541 3610 597 3670 sed
612 3615 685 3672 taxa
699 3629 825 3689 semper

49 3693 106 3748 sunl
117 3691 133 3750 e
146 3691 240 3753 Scuta
254 3711 331 3753 cum
355 3694 498 3773 Agentis.
511 3696 647 3775 Adverte,
660 3699 685 3759 si
701 3698 823 3777 dispen-

50 3776 144 3838 andus
165 3780 204 3840 sit
226 3781 382 3842 oriundus
406 3789 532 3862 aparte
548 3789 751 3864 Venetorum,
768 3805 824 3846 seu

12 3867 13 3946 ᾖ
50 3862 219 3942 1111111111
234 3888 274 3931 eo
293 3887 355 3930 non
370 3869 530 3950 dispeusat
544 3875 681 3952 Dataria,
697 3875 752 3936 sed
768 3877 825 3937 Se·

12 3973 14 4028 3
50 3955 170 4030 111111,
196 3955 345 4036 adeoque
361 3975 486 4036 semper
507 3965 579 4021 sunt
600 3962 785 4040 exponenda
805 3965 824 4024 9

51 4037 136 4101 sina
150 4043 261 4104 Nodos
287 4045 414 4122 petendi
435 4049 500 4107 tam
522 4049 681 4110 altataria
696 4067 824 4129 quama

12 4155 14 4214 g
51 4127 202 4194 Secretaria
214 4139 264 4194 est
275 4133 335 4194 iste
349 4153 355 4193 :
374 4133 492 4196 Petitur
506 4141 594 4198 extra
603 4141 756 4217 tempora,
769 4157 824 4199 seu

12 4219 14 4262 l
50 4213 216 4295 dispensatio
232 4221 265 4282 in
281 4221 455 4285 interstitiis
470 4243 527 4304 pro
542 4227 606 4286 NN.
622 4227 752 4304 Clerioo,
769 4247 824 4288 seu

50 4302 169 4367 Scholari
191 4308 342 4371 dioeeesis
367 4313 404 4372 N.
430 4330 449 4372 a
472 4317 561 4392 parte
584 4315 720 4394 Imperii,
742 4317 826 4378 vela

50 4397 120 4468 parte
141 4397 335 4478 lleipuhlicae
357 4401 394 4460 N.
421 4401 453 4460 in
468 4402 613 4464 solatium
628 4405 725 4482 patris
738 4404 825 4466 senio

12 4509 14 4572 5
50 4481 171 4563 contecti,
196 4487 247 4548 vel
272 4489 350 4567 quia
368 4489 435 4569 jam
455 4495 502 4552 est
517 4491 745 4570 Subdiaoonus,
764 4497 823 4555 elo.

50 4575 73 4628 el
83 4570 104 4628 si
117 4572 153 4633 sit
165 4575 345 4651 perloulum
360 4577 391 4636 in
401 4595 501 4655 mora,
515 4578 649 4640 addatur
659 4583 692 4642 ut
702 4584 827 4660 petatur

50 4659 236 4723 aSecretaris
251 4663 413 4725 Brevium.

118 4797 159 4862 De
170 4800 384 4883 dispensatione
397 4804 427 4864 in
441 4813 528 4867 aetate
542 4808 577 4867 13
593 4808 743 4868 mensium.

80 4925 142 4986 Nae
156 4926 350 5006 dispensatio
365 4929 458 4990 datur
472 4929 511 4991 oh
527 4949 624 4990 uuum
640 4949 678 4990 ex
692 4949 826 5012 sequen-

51 5007 116 5072 tibus
128 5013 250 5077 mebris
269 5036 275 5076 :
300 5017 347 5078 Ob
365 5017 530 5094 penuriam
546 5019 762 5081 sacerdotum.
781 5021 828 5082 Ob

12 5091 14 5174 ξ
52 5098 193 5164 utilitatem
208 5104 373 5184 egregiam
388 5105 544 5184 Ecclesiae,
565 5125 633 5186 queo
649 5113 793 5186 speratur
809 5127 829 5171 a

12 5179 16 5278 ¹,
52 5183 254 5266 dispensando.
283 5191 330 5254 Ob
354 5192 500 5253 solatium
514 5199 691 5272 parentum,
717 5197 828 5258 saltem

12 5281 14 5372 j
52 5271 207 5340 alterutrius
230 5278 379 5341 viventis.
397 5279 444 5340 Ob
463 5281 668 5342 sectationem
682 5281 828 5344 Beneficii

12 5377 14 5440 l
53 5365 172 5429 niualis.
188 5368 235 5432 Ob
251 5368 471 5446 Diaconatum,
486 5370 536 5431 vel
547 5369 826 5434 subdiaconatum.

12 5441 15 5580 ἰ
54 5450 286 5520 Obboctoratum
310 5457 502 5537 Theologise,
525 5460 574 5520 vel
598 5459 808 5540 philosophiae

1602 529 1662 593 239

876 731 913 774 11
928 713 1023 776 etiam
1038 713 1079 775 ob
1094 713 1231 776 studium
1246 715 1482 795 Theologicum.
1502 717 1529 778 A
1545 715 1670 796 quibus-

875 800 949 860 dam
965 800 1164 863 Pontificibus
1180 803 1272 864 datur
1286 803 1380 864 etiam
1396 821 1433 863 ex
1444 821 1480 864 eo
1491 803 1594 864 solum
1602 821 1671 864 mo-

874 889 950 964 tivo,
968 889 1050 968 quod
1067 895 1173 950 orator
1187 890 1308 951 fervore
1326 891 1501 952 devotionis
1520 909 1671 953 aecensus

876 976 993 1054 aspiret
1007 975 1047 1034 ad
1063 977 1291 1038 Sacerdotium.
1319 980 1387 1038 Non
1402 978 1601 1056 dispensatur
1615 997 1672 1040 au·

876 1069 950 1140 tem,
977 1063 1035 1124 nisi
1059 1081 1116 1142 pro
1142 1067 1178 1125 13
1202 1066 1362 1125 mensibus
1383 1065 1422 1125 ad
1448 1083 1616 1142 summum,
1641 1069 1672 1128 et

875 1157 948 1213 taxa
962 1169 1033 1212 cum
1049 1152 1184 1230 Agentis
1204 1158 1277 1215 sunt·
1292 1156 1326 1214 11
1349 1155 1464 1227 Scuta;
1481 1172 1563 1216 anuo
1580 1158 1669 1232 1698,

877 1238 985 1299 debuit
1010 1257 1088 1299 unus
1112 1239 1188 1300 dare
1208 1243 1246 1300 11
1262 1242 1372 1314 Scuta;
1390 1245 1575 1319 11111700,
1592 1243 1672 1303 alius

875 1327 915 1386 l8
939 1324 1050 1402 imper.
1068 1330 1099 1385 et
1121 1329 1160 1388 00
1182 1326 1281 1403 albos,
1301 1327 1420 1388 incluso
1436 1328 1586 1405 portorio.
1604 1331 1671 1392 hlo-

876 1412 935 1474 dus
959 1413 1085 1490 petendi
1112 1419 1159 1474 est
1181 1415 1259 1475 iste:
1284 1415 1404 1476 Petitur
1425 1415 1615 1494 dispensatio
1639 1417 1671 1477 in

877 1505 967 1562 11111
995 1503 1031 1562 13
1060 1501 1215 1562 meusium
1240 1521 1296 1581 pro
1317 1505 1381 1563 NN.
1408 1502 1557 1564 Dimcesis
1576 1505 1613 1562 N.
1639 1502 1671 1562 in

877 1590 1022 1650 solatium
1037 1591 1133 1668 patris
1149 1591 1235 1651 senio
1249 1591 1392 1669 conlecti,
1405 1593 1455 1652 vel
1470 1591 1544 1672 quia
1558 1590 1672 1670 Magis-

877 1683 924 1738 ter
938 1683 984 1740 est
1000 1679 1221 1758 Philosophiae,
1240 1686 1299 1742 etc.

938 1817 979 1880 Ile
992 1818 1202 1902 dispensanter
1214 1841 1299 1902 super
1308 1821 1544 1902 Irnepuloritcte,
1556 1823 1615 1884 sice

1060 1925 1097 1968 ee
1113 1907 1226 1986 delicto,
1243 1909 1301 1970 sice
1314 1929 1351 1970 ee
1367 1909 1490 1990 desecta.

919 2031 950 2092 Si
966 2031 1126 2108 doliolum,
1139 2052 1168 2093 v.
1182 2052 1214 2110 g.
1227 2032 1431 2094 homicidium
1447 2034 1487 2095 sit
1502 2035 1671 2111 oecultum,

877 2125 907 2182 ct
921 2121 961 2180 ad
976 2121 1079 2182 forum
1094 2121 1324 2182 contentiosum
1335 2140 1397 2182 non
1412 2121 1595 2198 deductum,
1612 2120 1674 2181 dis·

876 2214 987 2286 pensat
1010 2209 1256 2284 Poenitentiaria,
1283 2211 1363 2271 siout
1384 2210 1478 2270 etiam
1493 2211 1525 2270 in
1541 2209 1674 2288 impedi-

877 2297 990 2356 mentis
1004 2295 1222 2358 dirimentibus
1238 2301 1378 2376 oceultis,
1404 2303 1459 2360 aut
1473 2298 1672 2361 Matrimonio

877 2389 1038 2446 contracto
1063 2385 1367 2462 supervenientibus
1393 2405 1430 2448 ac
1454 2387 1486 2447 in
1507 2386 1587 2448 votis
1601 2387 1673 2446 sim·

877 2473 1010 2552 plicibus
1038 2473 1187 2534 castitatis
1214 2479 1245 2536 el
1274 2475 1453 2554 Religionis.
1485 2474 1595 2536 Modus
1619 2493 1674 2554 po-

880 2562 966 2622 tundi
982 2567 1029 2624 est
1043 2563 1100 2622 iste
1118 2583 1124 2622 :
1147 2563 1265 2624 Petitur
1282 2563 1473 2642 dispensatio
1487 2581 1583 2643 super
1597 2562 1674 2623 irre-

879 2651 1045 2731 gularitate
1061 2655 1222 2712 contracta
1245 2650 1377 2730 alicujus
1401 2651 1475 2731 (nou
1491 2648 1675 2729 exprimitur

879 2757 994 2800 nomen
1014 2742 1070 2800 aut
1097 2757 1271 2818 cognomen
1296 2739 1509 2818 dispensandi,
1531 2737 1557 2798 si
1580 2737 1673 2798 delic-

879 2833 946 2890 tum
968 2827 1008 2888 sit
1031 2827 1199 2906 occultum)
1224 2828 1374 2889 Dioecesis
1397 2830 1434 2888 N.
1461 2830 1622 2890 contracta
1636 2843 1673 2885 ex

878 2914 1055 2976 voluntario
1076 2913 1126 2974 vel
1148 2913 1356 2976 involuntario
1381 2913 1561 2990 homicidio,
1588 2911 1671 2992 quod

878 3005 923 3066 sio
938 3003 1062 3064 accidit.
1079 3004 1118 3064 Et
1132 3007 1278 3064 narratur
1295 3002 1414 3080 species
1424 3001 1518 3074 sacti;
1535 3001 1673 3064 additor·

879 3109 951 3171 que,
969 3091 1052 3170 quod
1068 3109 1158 3152 casus
1172 3090 1213 3151 sit
1227 3091 1377 3152 occultus.
1393 3093 1479 3152 Tana
1493 3109 1549 3168 pro
1565 3088 1674 3169 hujus-

878 3178 964 3241 modi
992 3178 1275 3257 dispensationibus
1313 3177 1554 3239 Posnitentiariae
1589 3177 1674 3237 nulla

879 3267 1005 3348 quidem
1033 3271 1089 3342 est,
1116 3265 1250 3344 Agentis
1274 3270 1380 3326 tamen
1403 3264 1481 3326 solvi
1507 3265 1611 3338 debet,
1643 3267 1674 3325 et

881 3353 1007 3434 quidem
1018 3352 1107 3433 juxta
1121 3371 1299 3414 mensuram
1314 3351 1432 3413 laboris
1453 3356 1485 3413 11
1507 3351 1675 3413 difficulta-

880 3443 929 3503 tis
946 3443 1100 3503 Gestarum
1114 3460 1170 3519 pro
1181 3441 1317 3520 Agentis
1331 3441 1510 3521 hujusmodi
1526 3440 1675 3502 Brevium

879 3529 1121 3592 Poenitentiariee
1145 3531 1308 3591 solvuntur
1329 3530 1486 3591 ordinarie
1505 3532 1546 3591 50
1567 3529 1674 3610 Bajoci

879 3619 1003 3698 rigenti.
1021 3619 1052 3680 Si
1068 3637 1142 3679 vero
1158 3619 1308 3680 delictum
1324 3618 1364 3679 sit
1379 3619 1551 3697 publicum,
1568 3623 1623 3680 aut
1635 3617 1674 3678 ir·

879 3708 1065 3788 regularitas
1088 3708 1253 3786 proveniat
1276 3727 1315 3768 ex
1339 3708 1474 3782 defectu,
1500 3728 1530 3769 r.
1552 3727 1584 3786 g.
1602 3707 1676 3788 quia

879 3793 1107 3872 dispensandus
1131 3795 1310 3856 destituitur
1324 3795 1428 3875 aliquo
1447 3795 1590 3856 membro
1606 3813 1674 3856 cor-

879 3883 974 3960 poris,
1000 3888 1073 3945 tune
1096 3884 1258 3963 dispensat
1280 3885 1418 3960 Dataria,
1444 3889 1475 3947 et
1496 3891 1568 3946 laxa
1582 3885 1675 3946 simul

879 3986 950 4031 cum
965 3972 1099 4050 rigentia
1113 3975 1185 4034 sunt
1205 3975 1241 4032 12
1257 3973 1362 4034 Scuta.
1381 3971 1413 4033 Si
1425 3972 1533 4048 laicus,
1551 3971 1603 4052 qui
1618 3972 1675 4033 ha-

879 4059 947 4120 buit
974 4077 1103 4121 uxorem
1130 4059 1276 4136 viduam,
1315 4064 1402 4138 petat
1429 4061 1572 4136 Ordines,
1602 4063 1675 4122 taxa

880 4147 1067 4230 quandoque
1084 4149 1224 4210 ascendit
1238 4149 1278 4210 ad
1294 4153 1349 4212 185
1365 4151 1471 4210 Scuta.

999 4288 1042 4350 De
1055 4287 1266 4370 dispensatione
1278 4309 1364 4372 super
1377 4289 1550 4353 Natalidns.

920 4413 992 4472 Haec
1008 4414 1054 4473 est
1068 4429 1124 4489 pro
1140 4409 1220 4472 natis
1235 4430 1272 4472 ex
1286 4417 1354 4473 toro
1370 4410 1550 4491 illegitimo,
1573 4417 1604 4474 et
1618 4414 1675 4476 da-

879 4503 942 4574 tur,
958 4498 1008 4558 vel
1032 4497 1072 4558 ad
1096 4496 1310 4576 suscipiendos
1334 4498 1467 4560 Ordines
1490 4503 1623 4578 tautum,
1644 4507 1675 4564 et

880 4592 954 4647 taxa
978 4591 1052 4646 sunt
1076 4590 1093 4645 ’1
1121 4585 1217 4646 Scuta
1246 4589 1286 4647 50
1313 4586 1439 4667 Bajcci;
1468 4587 1518 4649 vel
1544 4588 1675 4650 Ordines

882 4679 913 4736 et
930 4673 1097 4749 beneficia,
1114 4677 1145 4734 et
1165 4677 1238 4734 taxa
1259 4677 1331 4735 sunt
1362 4678 1399 4735 lt
1426 4676 1535 4748 Scuta;
1561 4675 1611 4736 vel
1633 4675 1674 4735 ad

882 4759 1033 4836 Ordines,
1063 4760 1221 4822 Beneficia
1249 4766 1281 4822 et
1309 4762 1476 4840 dignitates
1506 4762 1676 4823 Ecclesias-

883 4847 978 4924 ticas,
1009 4853 1139 4926 excepta
1166 4851 1357 4924 Praelatura3
1385 4855 1415 4910 11
1437 4854 1510 4912 taxa
1537 4854 1610 4912 sunt
1635 4853 1675 4913 50

882 4938 988 4998 Scuta.
1007 4935 1038 4998 Si
1053 4955 1128 4996 uero
1149 4935 1347 5014 dispensatus
1371 4944 1418 5000 est
1440 4939 1521 4998 filius
1541 4938 1675 5016 Presby-

882 5023 958 5099 teri,
975 5022 1070 5082 dehet
1089 5022 1169 5084 mitti
1192 5024 1350 5084 attestatio
1373 5023 1530 5086 Ordinarii
1543 5023 1592 5083 vel
1607 5023 1675 5104 ejus

882 5110 996 5172 Vicarii
1021 5109 1060 5170 de
1082 5110 1146 5172 vita
1171 5116 1203 5172 et
1223 5112 1363 5172 moribus
1381 5110 1595 5190 dispensandi,
1612 5129 1676 5190 qua

883 5199 1005 5260 dicatur
1026 5198 1111 5278 quad
1131 5198 1212 5259 tilius
1232 5198 1350 5260 nonsit
1370 5199 1548 5260 imitaturus
1569 5199 1675 5260 incon·

882 5285 1046 5347 tinentiam
1067 5283 1183 5362 patris3
1208 5289 1387 5346 11111120
1406 5287 1502 5348 Scuta
1522 5284 1563 5346 ad
1585 5285 1676 5348 Ordi-

883 5390 938 5434 nes
959 5376 1091 5433 tantum.
1116 5371 1226 5432 Modus
1245 5370 1371 5449 petendi
1391 5377 1438 5432 est
1458 5371 1515 5432 iste
1532 5391 1539 5432 :
1557 5372 1675 5434 Petitur

884 5458 1074 5538 dispensatio
1098 5477 1193 5537 super
1216 5458 1372 5520 natalibus
1393 5458 1433 5519 ad
1455 5457 1587 5520 Ordines
1607 5465 1674 5522 tan-
