4090 6336
296 520 336 579 72
947 509 1022 572 LIB.
1046 509 1097 572 vl.
1121 507 1222 572 PARS
1244 511 1295 572 111.

299 699 505 784 inquisiverit,
522 699 554 761 id
573 697 697 759 rescire.
721 695 883 773 Ouoeritur,
900 696 977 776 quid
999 695 1093 756 liceat
1146 713 1238 774 posse
1253 694 1359 757 vivere
1374 700 1409 759 ut
1423 697 1594 780 conjuges:
1611 702 1640 761 l.
1658 701 1737 774 Ouia
1750 701 1868 764 nullum
1882 702 1933 764 ha-

296 792 345 854 his
363 788 566 870 conjugibus,
582 785 670 847 Titiae
690 789 720 846 et
743 783 951 863 Sempronio?
967 785 1004 844 a.
1028 784 1089 862 §L
1146 783 1238 846 betur
1264 785 1426 864 probabile
1450 795 1671 867 argumentum
1695 791 1734 851 dc
1757 792 1862 852 valore
1883 811 1928 852 so-

299 879 427 942 Poutius
442 877 465 938 Ι.
480 879 511 953 6,
528 895 552 936 c.
569 877 619 950 53,
636 894 666 934 a.
682 876 713 951 5,
731 873 907 935 Marchant.
923 875 954 933 et
970 872 1024 932 alii
1038 891 1094 951 pu·
1147 872 1241 934 eundi
1263 873 1451 935 Matrimonii
1476 895 1482 936 :
1509 895 1581 938 cum
1605 878 1689 940 enim
1713 878 1805 940 Caius
1827 879 1932 942 abierit

298 974 375 1044 tant,
393 965 535 1047 quamvis
554 968 696 1025 mortuus
712 965 794 1024 esset
812 961 920 1038 Caius,
936 962 1093 1023 Matrimo-
1147 960 1239 1036 clam,
1251 959 1376 1040 signum
1387 963 1590 1026 esthabuisse
1601 965 1797 1028 aversionem
1812 985 1831 1028 a
1844 967 1929 1042 Titia,

297 1056 384 1117 nium
408 1071 480 1114 cum
495 1049 679 1129 Sempronio
702 1067 769 1110 esse
800 1049 934 1125 nullum,
952 1048 1093 1128 adeoque
1149 1052 1179 1110 et
1193 1047 1328 1108 noluisse
1343 1049 1414 1110 sciri
1430 1050 1482 1112 ubi
1497 1055 1588 1130 esset,
1606 1071 1645 1114 ue
1659 1053 1741 1115 'litia
1753 1060 1931 1134 sequeretur

300 1143 359 1205 illis
374 1141 450 1203 nihil
465 1141 570 1216 licere,
587 1137 662 1218 quia
675 1137 818 1199 Clemens
833 1136 859 1197 ΙΙ
872 1138 897 1211 Ι,
913 1135 1094 1196 referendus
1147 1134 1197 1194 vel
1226 1133 1292 1212 ipse
1324 1140 1488 1216 cogeretur
1519 1139 1559 1198 ad
1600 1157 1671 1200 eam
1700 1140 1827 1200 redire:
1860 1158 1930 1221 ergo

299 1251 330 1294 n.
346 1233 420 1306 672,
437 1228 517 1308 dicit
529 1245 592 1288 non
612 1243 705 1305 posse
719 1223 917 1286 contrahere
933 1224 1018 1286 aliud
1031 1226 1094 1286 Ma·
1149 1222 1371 1302 quamvisjam
1395 1230 1554 1287 emaneret
1572 1227 1613 1287 ad
1627 1229 1667 1288 30
1689 1245 1798 1306 annos,
1821 1228 1883 1290 imo
1906 1231 1935 1288 et

298 1317 491 1395 aimonium,
512 1317 613 1378 donec
627 1318 730 1376 certus
745 1313 879 1376 nuntius
893 1316 1042 1376 afferatur
1055 1313 1094 1373 de
1151 1310 1191 1372 ad
1207 1313 1275 1389 100,
1292 1309 1394 1391 inquit
1407 1312 1529 1393 Pignat.
1545 1334 1577 1375 a.
1595 1318 1624 1392 Ι,
1639 1333 1702 1376 uou
1717 1315 1787 1378 ideo
1802 1316 1937 1396 pruden-

299 1410 399 1469 morte
424 1405 537 1486 prioris
560 1404 676 1481 mariti,
701 1403 842 1483 adeoque
863 1404 988 1465 videtur
1007 1403 1092 1464 illam
1148 1403 1197 1460 ter
1215 1399 1362 1477 praesumi
1377 1401 1491 1479 poterit
1505 1402 1629 1480 obiisse,
1646 1409 1712 1464 tam
1726 1403 1811 1466 enim
1831 1421 1938 1484 parum

300 1493 432 1556 reddere
456 1492 628 1553 inhabilem
660 1491 701 1552 ad
728 1489 813 1552 aliud
847 1489 1091 1552 Matrimonium.
1149 1486 1320 1566 prudenter
1344 1493 1447 1566 potest
1468 1489 1549 1551 Titia
1563 1489 1683 1553 ratione
1698 1491 1779 1552 illius
1794 1491 1937 1553 absemm

303 1581 490 1660 Oppositum
512 1580 604 1659 longe
628 1579 821 1659 probabilius
845 1579 960 1640 docent
982 1582 1091 1640 Avers.
1148 1592 1339 1655 praesumere
1363 1577 1473 1638 Gaium
1498 1597 1565 1638 esse
1589 1581 1761 1656 mortuum,
1778 1597 1872 1660 quam
1886 1597 1938 1659 pa-

303 1671 395 1748 Spor.
412 1687 445 1730 n.
467 1670 517 1744 bl,
534 1669 644 1729 Mastr.
662 1687 692 1727 a.
715 1670 787 1743 tlt),
804 1670 835 1727 et
849 1666 901 1728 alii
923 1665 1094 1728 communi·
1148 1680 1219 1722 rum
1242 1661 1345 1739 Calua,
1362 1663 1387 1723 si
1412 1665 1528 1726 alicubi
1550 1670 1641 1744 esset,
1663 1667 1715 1728 ubi
1741 1667 1779 1728 de
1804 1665 1938 1730 Titiauil

303 1762 366 1830 ter;
383 1761 415 1818 et
430 1757 514 1818 clare
528 1755 684 1834 colligitur
701 1773 739 1815 ex
753 1757 828 1834 Gap.
847 1756 997 1824 Dominus,
1010 1754 1095 1835 quod
1148 1749 1263 1811 rescire
1286 1756 1392 1830 posset
1405 1771 1595 1831 praesumere
1620 1762 1726 1834 posset
1739 1755 1852 1817 Titiam
1874 1773 1938 1816 esse

306 1847 452 1922 referam,
476 1864 507 1906 n.
530 1847 599 1905 alt.
624 1844 728 1906 Verba
749 1848 855 1904 autem
870 1844 933 1921 illa,
951 1863 1009 1904 reon
1027 1862 1096 1924 pos·
1150 1843 1317 1901 mortuam.
1340 1844 1371 1902 2.
1388 1843 1466 1902 Cum
1489 1842 1570 1903 'litia
1593 1847 1625 1904 et
1648 1842 1852 1923 Sempronius
1866 1861 1937 1904 con·

302 1943 381 2002 suat,
398 1952 460 1995 non
483 1932 664 2012 significant
677 1930 912 1992 Matrimonium
934 1931 1005 1992 ideo
1029 1931 1095 1990 lore
1150 1925 1301 1989 traxerint
1323 1945 1385 1988 uno
1407 1927 1531 1990 circiter
1553 1931 1600 1991 vel
1621 1929 1719 1992 altero
1742 1948 1837 2006 anno,
1862 1933 1940 2010 post-

305 2023 439 2097 irritum,
458 2021 483 2082 si
498 2025 642 2082 mortuus
656 2019 696 2080 sit
716 2018 801 2097 prior
815 2019 940 2101 conjux,
957 2018 1013 2080 sed
1027 2021 1097 2079 tan-
1151 2030 1245 2092 quam
1269 2013 1445 2076 nuntiatum
1474 2020 1541 2078 erat
1562 2015 1673 2080 Caium
1695 2017 1799 2078 adhuc
1820 2017 1934 2092 vivere,

305 2112 372 2170 tum
388 2107 539 2185 illicitum,
557 2126 630 2169 nam
650 2111 682 2168 et
695 2124 767 2167 uere
783 2105 852 2168 dico
873 2125 956 2184 eum,
973 2106 1026 2186 qui
1042 2123 1097 2166 vo·
1151 2099 1295 2178 praesumi
1316 2100 1410 2162 dehet
1433 2102 1544 2164 Caium
1558 2108 1625 2164 tum
1646 2103 1770 2182 vixisse,
1788 2123 1864 2185 ergo
1878 2105 1941 2166 Ma-

305 2195 350 2257 vit
380 2195 625 2272 continentiam,
652 2213 715 2256 non
745 2212 836 2274 posse
864 2193 1097 2258 Matrimonium
1150 2186 1331 2248 trimonium
1345 2190 1492 2267 praesumi
1516 2191 1611 2254 debet
1623 2192 1664 2253 ab
1682 2191 1770 2254 initio
1785 2192 1882 2254 luisse
1896 2192 1942 2252 iu-

302 2282 498 2361 contrahere,
515 2284 589 2364 quia
607 2284 691 2364 quod
714 2283 928 2362 estillicitum,
949 2275 1097 2345 censetur
1151 2275 1309 2352 ualidum,
1334 2280 1477 2356 tempore
1500 2284 1606 2340 autem
1629 2279 1848 2341 convalescere
1882 2296 1941 2340 nou

304 2369 513 2450 impossibile;
540 2374 679 2435 attamen
703 2371 728 2431 si
754 2373 972 2448 contrahatur,
1000 2370 1093 2432 valet.
1150 2365 1262 2442 polest,
1279 2380 1380 2443 neque
1395 2382 1479 2425 nunc
1502 2365 1622 2428 licitum
1636 2371 1683 2428 est
1704 2367 1743 2429 de
1768 2385 1852 2429 novo
1868 2385 1941 2428 con·

304 2459 366 2520 Sed
384 2459 622 2538 proscindendo
644 2460 684 2521 ab
700 2459 771 2536 hoa,
788 2477 828 2520 an
852 2459 948 2537 vivat,
967 2459 1018 2521 vel
1032 2475 1097 2518 non
1151 2449 1287 2519 trahere,
1300 2468 1372 2511 cum
1382 2469 1444 2512 non
1460 2452 1614 2516 habeatur
1624 2454 1777 2517 certitudo
1789 2455 1828 2516 de
1843 2457 1940 2516 morte

304 2546 402 2608 vivat.
1151 2538 1226 2599 Caii.
1252 2542 1281 2600 3.
1312 2539 1452 2601 Primum
1475 2541 1710 2605 Matrimonium
1732 2547 1779 2606 est
1800 2543 1833 2605 in
1856 2547 1940 2607 certa

236 2659 279 2704 ,ω
343 2636 411 2716 §q
437 2634 469 2697 gi
490 2639 621 2716 uterque
636 2637 721 2697 mapa
738 2637 800 2698 fige
825 2638 1012 2716 processerit
1032 2655 1098 2699 cer.
1152 2625 1347 2703 possessione
1371 2627 1502 2705 valoris,
1527 2647 1585 2690 nec
1608 2630 1770 2710 probabile
1794 2634 1842 2692 est
1866 2630 1939 2692 illud

304 2723 459 2786 tissimum
473 2729 531 2801 est,
549 2723 650 2804 inquit
672 2727 786 2789 ganoh,
808 2726 831 2788 ι,
848 2731 877 2796 2,
901 2725 932 2788 d,
951 2731 1001 2796 42,
1018 2747 1048 2787 a.
1065 2729 1095 2794 3,
1152 2713 1289 2791 primum
1323 2713 1557 2777 Matrimonium
1594 2717 1733 2796 desiisse,
1765 2738 1838 2780 cum
1866 2717 1943 2780 desit

306 2816 451 2874 neutrum
469 2831 560 2892 posse
579 2818 685 2894 petere
710 2819 764 2876 aut
786 2815 919 2876 reddere
942 2815 1095 2891 debitum,
1152 2819 1245 2861 omne
1260 2802 1398 2881 prudeus
1421 2809 1643 2884 argumentum
1662 2823 1718 2886 pro
1742 2811 1843 2870 morte
1868 2807 1942 2874 Gaii,

306 2901 380 2981 quia
403 2919 465 2962 110„
490 2905 537 2964 est
559 2903 714 2982 possessio
735 2921 792 2982 pro
815 2903 1025 2980 Matrimonm,
1042 2902 1098 2964 sed
1152 2889 1215 2950 imo
1231 2907 1287 2969 pro
1304 2889 1371 2970 ejus
1384 2892 1772 2956 vitalucrittestimonium
1787 2911 1942 2958 unoanuo

305 3006 363 3068 pro
377 2993 464 3051 sexto
478 2997 636 3071 praecepto
661 2993 807 3072 copulam
824 2991 905 3052 inter
919 3010 972 3053 eos
993 2989 1098 3069 probi·
1152 2983 1224 3040 anie
1256 2978 1369 3041 initum
1392 2981 1565 3044 secundum
1589 2983 1844 3058 Matrifflffliumi
1871 3000 1943 3063 θΙΙΙΟ

305 3077 413 3155 beuta,
430 3097 488 3140 nec
503 3080 652 3142 alterutro
667 3082 751 3144 lavet
769 3080 923 3160 possessio
942 3079 1026 3142 Juris
1040 3097 1097 3158 pro
1153 3085 1215 3126 ¹¹0ss
1234 3071 1281 3128 esi
1301 3068 1474 3147 Pfflhflhilfls
1491 3071 1578 3150 (Ιῦοᾱ
1595 3072 1769 3134 secuudum
1783 3073 1945 3135 Μᾶῑῐῑῐΰθ·

306 3165 442 3245 petendo
457 3165 574 3243 debito,
597 3185 669 3229 cum
684 3167 838 3247 possessio
861 3165 945 3230 luris
957 3164 1097 3227 inchoari
1153 3155 1240 3216 nium
1264 3155 1303 3218 Sil
1323 3157 1473 3234 validum,
1490 3159 1574 3220 b01¹³
1593 3165 1698 3222 flflissffl
1722 3161 1800 3222 fides
1822 3168 1946 3240 mulla·

306 3271 369 3316 n011
383 3255 482 3334 possit
494 3273 566 3317 cum
580 3256 664 3317 mala
676 3256 749 3320 fide,
763 3258 852 3329 Quod
867 3255 893 3316 si
908 3271 1017 3316 eorum
1031 3256 1098 3314 tan.
1153 3241 1293 3305 heutium
1308 3262 1370 3304 non
1381 3243 1473 3325 juvat
1486 3247 1526 3307 ad
1540 3247 1754 3310 inchoandum
1775 3251 1826 3311 val
1842 3249 1941 3314 couti-

306 3345 374 3404 qum
396 3362 475 3405 unus
496 3344 580 3404 mala
593 3344 655 3406 fig„
671 3345 872 3423 contraxerit,
889 3343 940 3404 hp,
965 3360 1028 3403 „011
1043 3358 1097 3420 1³0·
1153 3330 1314 3392 nuendum
1328 3333 1439 3394 saltem
1459 3353 1551 3396 usum
1565 3336 1765 3414 Matrimonii,
1782 3337 1843 3400 nisi
1865 3342 1944 3416 tum,

306 3435 368 3493 test
385 3437 493 3511 petere
515 3431 656 3492 debitum
670 3431 710 3494 ob
729 3432 885 3494 rationem
896 3431 964 3512 jam
979 3429 1095 3492 datam,
1153 3419 1278 3497 quando
1303 3419 1434 3484 dubium
1450 3423 1560 3502 oritur,
1576 3425 1659 3488 adsit
1672 3427 1783 3488 saltem
1797 3427 1946 3506 probabi·

238 3547 279 3594 „0
345 3521 403 3598 ῃ,
425 3519 547 3599 pignus,
569 3527 639 3581 tom,
654 3523 685 3586 4,
702 3537 778 3582 cons,
796 3523 866 3587 189,
883 3538 946 3580 an,
962 3520 992 3595 3,
1009 3519 1099 3595 putat
1152 3507 1223 3568 litas
1244 3507 1283 3568 dc
1298 3509 1415 3588 valore,
1437 3510 1461 3572 si
1487 3513 1571 3573 enim
1593 3511 1798 3593 improbabile
1814 3517 1856 3579 sit
1879 3533 1946 3578 esse

305 3606 422 3668 honam
440 3605 535 3666 fidem
558 3605 609 3668 hio
630 3624 697 3668 esse
717 3607 851 3686 amplius
870 3624 933 3668 non
952 3623 1055 3685 posse,
1072 3603 1097 3664 si
1153 3595 1302 3675 validum,
1315 3617 1390 3678 ergo
1401 3619 1462 3662 ΙΙΟΙΙ
1474 3602 1533 3663 elli
1543 3602 1705 3681 probabile
1716 3604 1769 3684 jus
1784 3605 1825 3667 ad
1841 3624 1944 3682 usum,

307 3693 511 3756 contrahatur
538 3695 656 3776 absque
693 3694 879 3757 certitudine
915 3693 1025 3756 mortis
1053 3692 1099 3752 al·
1153 3683 1287 3763 cumjus
1302 3687 1343 3747 ad
1358 3707 1448 3750 usum
1462 3689 1609 3753 fundetur
1628 3691 1660 3752 in
1675 3693 1792 3755 valore.

309 3781 407 3846 terius
430 3781 583 3862 conjugis,
609 3781 766 3863 quiajura
783 3782 1002 3862 proohibentia
1025 3785 1098 3842 suut
1192 3773 1252 3851 §5-
1270 3775 1303 3838 Si
1325 3777 1434 3840 saltem
1462 3799 1543 3840 unus
1566 3781 1773 3844 eorumbona
1794 3784 1858 3847 llda
1874 3804 1948 3848 con·
1972 3777 2007 3824 ³¹³

310 3871 406 3948 clara,
423 3875 454 3932 et
467 3870 742 3951 ignorantiaiuris
757 3888 819 3932 non
838 3877 976 3932 excusat.
995 3871 1098 3949 Oppo-
1153 3863 1294 3942 traxerit,
1313 3871 1344 3928 et
1366 3867 1508 3930 adhibita
1530 3869 1670 3950 diligenti
1689 3871 1890 3953 inquisitione
1905 3873 1948 3935 uil

306 3960 401 4023 situm
412 3963 498 4021 tenet
511 3957 643 4022 Simone.
662 3958 747 4024 Gutt.
765 3960 875 4037 etalii,
901 3977 975 4022 nam
991 3958 1099 4037 impri-
1153 3951 1261 4011 resciri
1284 3954 1382 4034 possit
1396 3956 1434 4018 de
1457 3957 1521 4018 vita
1542 3958 1593 4020 rel
1606 3965 1707 4022 morte
1723 3961 1799 4039 Gaii,
1815 3967 1949 4041 possunt

305 4047 366 4109 mis
388 4051 491 4127 potest
513 4047 629 4109 bonam
651 4046 747 4108 fidem
770 4047 898 4125 habere,
924 4046 976 4127 qui
1001 4044 1099 4106 nescit
1153 4057 1338 4117 permanere
1362 4043 1453 4104 simul
1476 4049 1507 4107 et
1530 4046 1574 4108 uti
1599 4047 1761 4129 conjugio,
1788 4068 1864 4112 uam
1887 4053 1948 4113 Lu·

306 4135 440 4198 alterum
474 4134 569 4196 luisse
599 4135 821 4216 conjugatum
853 4135 966 4196 deiude
997 4136 1099 4214 potest
1153 4127 1219 4190 cius
1242 4131 1293 4193 ΙΙΙ.
1320 4133 1392 4214 Cap.
1419 4131 1572 4205 Dominus,
1598 4135 1634 4197 de
1654 4137 1785 4200 secundis
1816 4140 1944 4222 nuptiis,

305 4223 385 4300 lieri,
402 4227 437 4284 ut
450 4223 545 4284 etiam
559 4224 638 4284 alter
652 4243 690 4284 ex
704 4223 918 4302 probabilibus
932 4239 1098 4304 argumen-
1153 4215 1197 4274 uit
1212 4234 1221 4275 ··
1237 4237 1325 4299 super
1347 4219 1558 4290 Mmrimoniir,
1575 4241 1643 4303 quoe
1663 4223 1783 4306 quidam
1806 4244 1845 4287 er
1868 4225 1947 4289 vota

307 4310 347 4372 tis
360 4312 446 4373 bona
458 4311 521 4373 lide
532 4310 654 4392 judicet
673 4311 811 4390 priorem
825 4330 916 4372 suam
931 4309 1098 4390 conjugem
1153 4305 1283 4381 aonidum
1298 4307 1402 4368 dubito
1412 4308 1542 4370 oberratis
1555 4312 1687 4394 conjugis
1695 4311 1870 4377 certitudine
1883 4335 1950 4378 coa-

307 4397 433 4476 obiisse,
459 4417 517 4458 nec
540 4398 618 4459 sciat
640 4398 758 4480 requiri
781 4399 820 4459 de
844 4398 903 4460 hoc
926 4398 1098 4478 pleniorem
1154 4403 1335 4463 tracaunt,
1372 4395 1406 4456 id
1430 4396 1509 4457 vodis
1536 4399 1759 4480 respondemus,
1788 4412 1821 4464 ut
1849 4404 1950 4466 nullm

307 4485 548 4559 certitudinem,
588 4487 670 4549 uude
701 4486 796 4548 etiam
827 4487 877 4548 ille
907 4487 1020 4549 dicitur
1048 4486 1099 4546 hic
1152 4481 1256 4542 amodo
1275 4481 1465 4544 odsecandas
1487 4485 1606 4566 nuptias
1626 4487 1947 4571 mr‘qrareproerumat,

308 4574 393 4636 hona
414 4573 475 4636 tide
499 4574 732 4636 Matrimonium
756 4575 958 4653 contraxisse,
984 4575 1037 4654 qui
1051 4576 1099 4636 in.
1152 4567 1243 4630 donec
1256 4570 1285 4630 ei
1291 4580 1396 4632 constet
1409 4571 1488 4653 quod
1501 4571 1538 4632 ab
1552 4572 1606 4633 dac
1620 4575 1683 4635 aito
1697 4579 1870 4658 migraverit
1884 4597 1951 4639 con-

308 4662 504 4742 culpabiliter
520 4662 674 4743 judicavit
695 4663 752 4723 sibi
774 4663 869 4724 licere
887 4663 981 4724 etiam
995 4667 1097 4726 stante
1145 4658 1209 4740 jur
1226 4678 1232 4719 :
1248 4659 1276 4720 si
1287 4679 1354 4721 vero
1368 4660 1487 4742 clr'qur's,
1504 4661 1551 4722 vel
1570 4661 1726 4746 aliquant
1736 4664 1876 4728 hactenus
1890 4686 1951 4730 noa

307 4750 362 4812 tali
384 4749 490 4827 dubio,
508 4755 539 4812 et
561 4749 593 4810 io
617 4751 857 4812 circumstantiis
871 4769 962 4812 casus
985 4769 1100 4830 propo·
1153 4749 1323 4816 servaverit,
1349 4757 1378 4810 ct
1399 4749 1435 4810 de
1456 4759 1548 4812 morte
1565 4751 1676 4833 prioris
1697 4755 1830 4838 conjugis
1851 4757 1952 4818 adhuc

310 4837 359 4900 siti
375 4838 608 4900 matrimonium
623 4838 818 4916 contrahere,
835 4837 959 4900 tametsi
974 4839 1100 4900 univer·
1153 4834 1209 4895 sibi
1216 4836 1367 4898 existimor
1380 4837 1627 4911 dubitandarum
1634 4843 1766 4924 quaesiti
1774 4845 1886 4926 nupsit,
1903 4845 1951 4907 dc·
2036 4871 2037 4876 ¹

308 4925 415 4988 saliter
429 4923 572 5002 sciverit,
589 4926 754 5005 superstite
769 4926 866 4987 altero
884 4925 1017 5007 conjuge
1037 4944 1099 4988 uon
1155 4920 1245 4983 bitum
1260 4942 1318 4984 aon
1341 4924 1461 5006 deneget
1474 4926 1649 5008 postulanti,
1664 4929 1775 5010 quoda
1796 4949 1825 4992 sc
1848 4941 1950 4996 tamen

309 5013 404 5075 licere
418 5012 458 5074 ad
473 5011 627 5074 secundas
641 5011 765 5091 nuptias
779 5013 911 5074 transire
929 5033 935 5074 :
953 5032 970 5073 e
990 5016 1100 5076 contra
1154 5016 1267 5072 navaie
1280 5013 1445 5074 arillutenas
1458 5014 1634 5097 erigendum
1650 5035 1660 5077 .·
1675 5017 1754 5099 qaod
1775 5019 1803 5082 si
1813 5029 1883 5102 post
1896 5021 1951 5084 doe

307 5101 333 5163 ai
353 5100 540 5181 processerit
562 5119 632 5162 eum
655 5099 762 5177 dubio,
779 5100 957 5178 formidine,
973 5107 1028 5164 aut
1050 5121 1100 5162 re·
1154 5097 1314 5180 deprimis
1334 5101 1469 5184 conjugis
1482 5104 1545 5165 vito
1565 5105 1728 5167 constiterit
1743 5125 1753 5166 .·
1768 5107 1883 5170 relictis
1897 5110 1953 5171 cd·
2035 5173 2036 5180 ,

306 5209 476 5268 morsu,ne
490 5189 695 5269 peecaretsic
709 5189 935 5268 contrahendo,
952 5209 1015 5252 non
1029 5209 1100 5272 pro·
1153 5188 1289 5250 alterim's
1303 5190 1504 5274 complecitur
1526 5191 1566 5254 cd
1582 5194 1716 5275 pn'orcm
1736 5197 1890 5279 conjugem
1905 5219 1954 5260 re-

307 5276 416 5340 cosssit
428 5277 522 5355 bona,
538 5276 594 5338 sed
607 5277 691 5338 mala
705 5277 777 5339 lide.
1154 5287 1306 5348 certatur,
1328 5281 1411 5342 uode
1434 5281 1513 5342 tales
1526 5281 1630 5344 adbuc
1644 5287 1791 5346 tenentur
1814 5285 1951 5350 ulterius

239 5371 277 5418 ³¹¹
347 5367 408 5446 §h
435 5365 583 5439 Quamvis
603 5365 688 5428 bona
709 5364 771 5426 fide
795 5367 992 5445 processerit,
1009 5372 1101 5448 puta·
1154 5365 1322 5446 inquirere,
1340 5368 1365 5429 si
1380 5369 1421 5431 sit
1434 5370 1546 5432 modus
1564 5371 1718 5433 resciendi
1733 5371 1772 5433 de
1793 5373 1859 5434 vita
1880 5375 1951 5454 pri·
2031 5385 2036 5444 l

307 5457 380 5520 runt
393 5453 488 5538 aliqui
505 5453 619 5520 debere
634 5451 858 5516 nihilhominus
873 5455 1024 5535 separari,
1042 5473 1100 5518 nee
1155 5453 1218 5516 oris
1241 5454 1393 5538 conjugis.
1410 5453 1471 5520 Nec
1491 5457 1595 5536 obstat,
1621 5459 1706 5540 quod
1729 5459 1853 5540 Pignat.
1877 5472 1901 5525 t.
1918 5467 1938 5524 l
2034 5451 2036 5460 ¹

2033 5487 2035 5570 l
