3974 6348
541 568 594 630 DE
622 568 654 630 S.
685 563 893 629 conclama
920 559 1063 628 BULer.

37 781 110 846 opere
128 759 261 842 quolibet
284 758 436 821 obtinere.
462 755 555 819 Gard.
577 753 612 816 de
629 753 738 817 induit.
763 775 794 837 q.

35 857 75 924 tt;
89 853 205 913 Faustus
218 846 366 911 deludit.
384 847 407 907 l.
424 849 454 924 E,
470 865 500 928 q.
521 847 578 919 39;
603 847 690 906 llcst.
708 845 792 906 Grat.

36 941 117 1004 suat.
139 939 229 998 Henr.
265 937 325 1012 Sa,
350 933 493 996 Leander
520 931 556 992 de
583 930 794 1007 Sacramentis,

35 1031 102 1181 logo
114 1029 142 1087 et
153 1023 212 1086 alii.

87 1106 196 1167 ιιιὶιιιν
211 1102 356 1178 seeundo,
381 1121 420 1162 on
442 1101 482 1162 od
502 1099 673 1163 obtinendos
692 1098 798 1160 Indul-

34 1194 124 1276 pontins
147 1192 184 1253 sit
211 1191 404 1252 nasamonium
426 1207 483 1250 asse
505 1189 537 1248 in
558 1187 679 1270 pratia?
702 1189 739 1248 lt.
766 1189 794 1246 l.

35 1280 103 1354 Quod
114 1278 231 1360 quando
246 1279 318 1359 quis
332 1278 390 1340 sibi
412 1277 472 1357 ipsi
494 1277 671 1338 lucraturus
689 1277 737 1335 est
749 1273 798 1333 iu-

35 1368 199 1448 dolgentias,
230 1366 403 1447 requiritur
432 1365 516 1446 quod
547 1365 588 1426 sit
618 1365 650 1424 iu
682 1361 795 1443 gralia,

35 1456 134 1537 quando
160 1473 233 1517 vero
262 1454 429 1516 animabus
457 1451 632 1533 Purgatorii
660 1450 799 1531 applicat

35 1542 223 1623 indulgentias,
239 1559 304 1602 non
323 1539 511 1620 requiratur.

64 1632 197 1693 Probatur
218 1627 323 1709 prima
345 1645 419 1707 pars
444 1647 451 1688 :
482 1645 539 1707 per
566 1627 798 1706 indulgentiam

35 1716 173 1780 remittitur
189 1733 287 1796 poena
303 1733 361 1795 pro
381 1713 480 1794 culpis
502 1714 619 1791 debita,
637 1730 706 1793 quae
728 1714 799 1794 qui-

36 1803 90 1862 dem
104 1820 189 1882 poena
202 1803 246 1865 ita
260 1819 334 1864 cum
348 1802 485 1882 peccatis
499 1799 707 1878 connectitur,
724 1805 759 1863 ut
772 1802 799 1862 si

36 1891 122 1970 culpe,
148 1893 178 1951 et
202 1894 336 1970 peccata
362 1908 425 1951 non
454 1889 665 1966 dimittantur,
696 1905 797 1967 nequa

36 1977 109 2038 etiam
121 1977 219 2040 debita
232 1996 291 2057 pro
306 1977 365 2039 illis
380 1977 557 2041 remittatur
570 1994 675 2056 poena.
687 1978 798 2039 lacen-

36 2066 124 2146 tergo
137 2065 166 2126 ιι
183 2067 291 2129 lethali
310 2067 414 2146 culpa,
432 2085 494 2128 non
515 2069 619 2146 potest
640 2083 735 2144 poena
749 2081 799 2124 re-

36 2154 215 2231 mittidebita,
232 2174 293 2216 nec
314 2154 457 2216 similiter
477 2155 534 2216 ista
558 2152 673 2234 poterit
695 2150 799 2213 indul-

37 2242 147 2322 gentiam
159 2243 312 2322 obtinere,
325 2261 387 2324 qua
397 2263 492 2324 poena
506 2243 559 2304 illa
573 2241 680 2303 debita
693 2239 798 2301 remit·

37 2332 103 2393 ιιι.

66 2417 191 2480 Secunda
202 2436 279 2497 pars
292 2417 445 2497 probatur
461 2437 468 2478 :
485 2419 559 2500 quia
576 2423 675 2482 status
688 2417 799 2498 gratim

37 2506 115 2567 solnm
132 2506 299 2586 requiritur
319 2505 351 2566 in
374 2505 541 2568 obtenturo
557 2505 797 2587 indulgentiam,

38 2591 67 2652 ad
78 2591 234 2654 tollendum
254 2591 390 2654 obicem.
407 2592 588 2672 Requiritur
605 2594 710 2674 itaque
729 2611 799 2673 gra-

37 2677 77 2754 tia,
90 2683 119 2741 ut
136 2678 295 2759 dispositio
310 2680 343 2740 in
358 2678 422 2756 illo,
439 2679 505 2740 siue
528 2699 591 2761 qua
611 2699 673 2742 non
697 2683 801 2760 potest

38 2765 142 2827 ιιιιιιιιι
165 2785 269 2846 poena,
296 2767 373 2828 dum
396 2773 560 2846 peccatum
586 2787 642 2848 per
665 2769 800 2849 gretiam

38 2871 84 2914 ooo
100 2854 220 2916 deletur.
243 2855 305 2928 Qui
328 2855 543 2936 applicaturus
566 2861 614 2918 est
636 2856 801 2937 indulgen·

38 2941 94 3003 liam
105 2961 154 3022 pro
168 2943 328 3021 deluucto,
344 2963 407 3005 non
422 2947 608 3024 accepturus
628 2949 675 3006 est
689 2944 720 3005 in
742 2942 801 3006 sei-

38 3031 232 3107 praedoctum
256 3031 471 3112 indulgentiae,
497 3032 605 3094 sedin
629 3033 798 3108 defuncto,

1589 563 1646 626 373

851 751 984 829 dederit,
998 767 1054 830 pro
1065 747 1197 812 victoria
1206 749 1362 811 etunicne
1372 746 1506 827 repetita
1516 747 1643 811 iaciant.

850 842 976 905 Tertio:
994 839 1078 920 quod
1094 838 1177 900 dicto
1196 842 1337 918 tempore
1351 836 1508 898 interdicti
1528 837 1648 916 possint

851 927 988 991 defuncti
1000 926 1126 1006 sepeliri
1141 927 1173 988 in
1187 927 1258 988 loco
1269 941 1369 1002 sacro,
1381 925 1546 988 moderata
1559 925 1647 986 lune-

852 1018 895 1077 ιιι
910 1034 1039 1096 pompa.

892 1105 949 1166 llic
962 1102 1191 1165 advertendum
1206 1106 1263 1179 est,
1281 1101 1366 1183 quod
1381 1100 1414 1161 in
1427 1098 1518 1162 Bulla
1530 1099 1648 1179 scripta

851 1192 961 1273 linqua
973 1189 1095 1269 vulgari
1112 1207 1174 1252 nou
1188 1189 1224 1252 fn
1245 1189 1361 1251 mentio
1377 1185 1506 1250 alterius
1520 1186 1648 1265 priuile-

852 1280 907 1360 gii,
924 1281 1008 1361 quod
1023 1279 1105 1340 inter
1118 1277 1180 1339 alia
1194 1277 1291 1340 refert
1304 1278 1395 1339 Eulla
1408 1276 1519 1338 Latina
1533 1293 1646 1354 nempe

852 1368 938 1449 quod
953 1367 1074 1447 possint
1097 1371 1128 1429 et
1148 1366 1309 1429 celebrare
1324 1366 1461 1441 Missam,
1478 1369 1510 1427 ιι
1523 1363 1644 1441 audire,

852 1473 916 1516 uua
931 1455 1010 1517 hera
1031 1459 1103 1517 anta
1119 1455 1199 1518 Solis
1214 1460 1329 1531 ortum,
1347 1459 1378 1517 et
1399 1453 1461 1514 alia
1476 1452 1556 1513 hora
1576 1455 1648 1531 post

852 1544 1036 1616 meridiem;
1061 1543 1135 1624 quia
1159 1543 1218 1604 hac
1232 1542 1432 1624 privilegium
1452 1559 1513 1602 non
1535 1557 1647 1602 concc-

853 1631 899 1693 dit
907 1632 1082 1712 ipsaBulla,
1091 1631 1150 1692 nisi
1161 1631 1289 1692 habenti
1301 1629 1459 1692 licentiam
1469 1647 1488 1689 a
1498 1626 1647 1691 Commis-

852 1720 934 1782 sario
950 1719 1104 1796 Generali‚
1120 1722 1155 1782 ut
1167 1718 1198 1778 in
1213 1719 1324 1780 Latine
1338 1718 1429 1780 Bulla
1442 1717 1569 1796 legitur.

1088 2018 1378 2082 ARTICULUS
1408 2022 1432 2082 1.

853 2215 1053 2278 dissolutiones
1089 2217 1168 2278 eirea
1199 2213 1404 2278 celebrandam
1441 2213 1585 2293 Missam,
1622 2227 1649 2280 et

938 2303 1126 2382 audiendam,
1151 2314 1180 2366 et
1201 2303 1279 2365 nica
1302 2303 1414 2388 Officio
1436 2302 1558 2368 Dierna.

895 2524 1113 2604 Respondetor
1128 2527 1156 2586 l.
1174 2525 1324 2588 sulficere
1338 2525 1463 2587 familiae
1484 2525 1647 2587 dominum

854 2613 971 2675 babere
985 2610 1119 2688 Bullam,
1137 2616 1171 2673 ut
1189 2616 1330 2691 tempore
1352 2611 1507 2674 intardicti
1528 2611 1648 2692 possint

855 2717 961 2761 coram
985 2717 1033 2775 ec,
1058 2703 1088 2757 et
1110 2702 1177 2760 tota
1198 2697 1328 2774 familia,
1354 2703 1385 2760 et
1407 2699 1647 2778 consanguineis

855 2787 1019 2863 celebrari,
1036 2791 1068 2848 et
1086 2786 1187 2847 audiri
1210 2787 1322 2864 Missae,
1340 2792 1371 2849 ιι
1392 2787 1504 2849 Divina
1518 2787 1621 2848 officia
1636 2806 1644 2862 3

855 2882 887 2939 ιι
909 2876 970 2937 hoc
989 2877 1020 2936 in
1035 2875 1192 2953 Ecclesia,
1216 2877 1377 2953 Oratoriis,
1401 2881 1432 2939 et
1454 2876 1486 2938 ιι
1508 2877 1648 2957 quolibet

855 2965 917 3026 alio
931 2964 1011 3042 loeo,
1029 2965 1083 3044 qui
1098 2965 1224 3025 nomine
1238 2965 1385 3026 Ecclesiae
1399 2965 1600 3046 intelligatur,
1613 2969 1648 3027 ιιι

856 3052 1044 3132 explicatum
1053 3051 1644 3134 estltesolutionesextaartieuliquinti.

39 3118 79 3197 qui
93 3137 147 3180 oon
166 3119 261 3183 habet
280 3120 424 3194 obicem;
441 3138 514 3182 com
535 3122 648 3184 animae
667 3125 800 3193 concta,

39 3223 92 3285 que
110 3206 138 3268 in
158 3209 343 3289 Purgatorio
371 3207 552 3288 patiuntur,
579 3209 693 3270 sintin
718 3213 801 3272 statu

38 3293 132 3371 gratie.
146 3297 257 3360 Mando
272 3297 303 3360 d.
320 3300 371 3374 36,
388 3315 461 3360 cum
474 3297 630 3377 pluribus.

896 3144 925 3203 i.
943 3140 1032 3213 Ouod
1047 3140 1107 3202 boc
1124 3141 1249 3202 nomine
1263 3141 1451 3219 Familiares,
1467 3142 1648 3222 intelligun-

856 3234 908 3292 tur
921 3229 1164 3306 commensales,
1181 3229 1273 3306 servi,
1286 3229 1379 3310 etqui
1395 3230 1581 3310 regulariter
1595 3247 1648 3290 cc·

856 3318 1007 3379 mitantur
1023 3317 1185 3378 dominum
1199 3318 1335 3394 familiar,
1352 3323 1383 3381 et
1401 3319 1453 3399 qui
1474 3319 1584 3380 ιιιιιιι
1597 3338 1647 3379 ιιι-

857 3405 962 3485 pausis
976 3405 1054 3485 ejus,
1070 3408 1135 3466 tom
1152 3405 1329 3468 habitantes
1344 3406 1473 3468 domum
1487 3406 1647 3486 propriam

857 3492 986 3570 domini,
1004 3511 1099 3574 quam
1109 3498 1207 3570 extra,
1220 3493 1497 3556 Administratores
1511 3498 1648 3556 statuum

857 3583 1038 3658 Pnocerom,
1064 3582 1309 3661 Gubernatores,
1335 3587 1367 3644 et
1389 3582 1516 3646 ludices
1539 3583 1580 3644 ab
1603 3581 1648 3643 eis

857 3669 1007 3748 praelecti.
1028 3669 1090 3730 Sed
1112 3689 1174 3732 non
1196 3670 1411 3751 intelliguntur
1425 3670 1469 3747 bi,
1486 3669 1538 3751 qui
1553 3670 1648 3732 simu·

856 3759 923 3819 lant
942 3776 976 3820 se
1002 3776 1070 3820 esse
1093 3759 1211 3820 domiui
1235 3777 1352 3836 servae,
1378 3758 1494 3836 solum,
1520 3765 1647 3820 etcum

857 3844 966 3906 fraude
981 3844 1022 3906 ad
1031 3845 1234 3924 gaudendum
1247 3845 1410 3926 privilegio
1425 3845 1496 3924 isto,
1509 3847 1584 3926 quia
1595 3846 1647 3907 isti

858 3952 920 3994 non
934 3937 1008 3996 sunt
1025 3951 1098 3994 vere
1112 3934 1205 4011 servi,
1222 3933 1278 3995 sed
1291 3935 1414 4013 lingunt
1432 3953 1465 3995 se
1485 3953 1591 3996 servos
1606 3933 1646 3996 ad

858 4024 1003 4084 ellectum
1016 4021 1122 4084 istum.
1139 4021 1264 4098 Mando,
1280 4021 1311 4082 d.
1327 4025 1377 4098 25,
1393 4041 1423 4082 n.
1442 4025 1491 4083 lo.

69 4115 266 4194 Respondetur
296 4135 303 4178 :
337 4116 428 4189 Quod
454 4118 505 4178 vel
532 4117 735 4181 interdictum
762 4121 804 4183 sit
897 4114 927 4173 3.
944 4111 1203 4172 Perhocuoman
1218 4109 1510 4190 Parentea,inte11igi
1525 4113 1647 4172 tantum

39 4203 231 4279 lpntolieum,
243 4204 295 4264 vel
305 4203 517 4282 Ordinarium,
530 4205 714 4267 conceditur
726 4211 803 4268 tem-
857 4200 1117 4278 consanguineos,
1140 4197 1214 4278 quia
1236 4197 1268 4256 in
1291 4198 1382 4259 Bulla
1401 4197 1512 4260 Latina
1532 4198 1648 4279 legitur

39 4303 97 4365 pore
119 4289 195 4353 illius
223 4291 413 4354 habentibus
436 4292 559 4354 Bullam
588 4294 688 4372 primo
717 4294 803 4375 quod
857 4289 918 4350 hoc
932 4288 1074 4364 verbum,
1091 4292 1123 4349 et
1136 4287 1167 4346 in
1182 4286 1290 4365 lingua
1303 4284 1424 4364 vulgari
1440 4302 1502 4346 ιοι
1517 4290 1565 4348 ιιι
1578 4305 1647 4347 ιιι-

39 4378 135 4452 possint
154 4379 260 4441 audire
274 4379 402 4441 Missam
425 4380 457 4441 in
481 4381 638 4459 Ecclesiis,
660 4387 715 4445 aut
736 4385 804 4446 Mo·
855 4374 932 4436 bum
947 4376 1141 4454 aliudfflassis
1155 4374 1317 4454 proprium
1332 4389 1426 4453 quam
1441 4373 1648 4454 Partentenssi

39 4467 165 4545 ιιιιιιιιι,
180 4473 234 4529 aut
255 4467 288 4528 in
311 4467 454 4530 Oratorio
478 4469 612 4548 privato,
630 4469 800 4551 assignato,
857 4468 1072 4536 construatur;
1090 4467 1122 4525 et
1140 4461 1297 4524 communi
1313 4462 1425 4541 plausu
1441 4463 1501 4524 hcc
1515 4464 1647 4526 verbum

38 4556 226 4633 etapprobato
242 4557 285 4618 ab
299 4557 475 4619 Ordinario.
492 4557 681 4620 Conceditur
695 4560 800 4638 etiam,
858 4553 1018 4622 Panentea,
1034 4554 1100 4614 sine
1122 4552 1337 4615 additamenta
1358 4550 1475 4631 aliquo,
1492 4551 1648 4632 significat

40 4641 104 4718 quod
115 4642 226 4722 possint
239 4643 400 4705 celebrare
415 4643 553 4720 Missam,
570 4649 601 4705 et
616 4645 677 4706 alia
691 4647 802 4708 Divina
857 4642 1117 4721 consanguineos,
1134 4641 1208 4721 quia
1226 4639 1351 4720 quando
1372 4642 1515 4702 volumus
1531 4641 1647 4721 aigulfi-

39 4727 134 4806 Odlcia,
152 4733 198 4792 vel
218 4751 276 4811 per
295 4751 338 4808 se,
356 4733 380 4793 si
400 4733 579 4811 Presbyteri
600 4733 727 4811 suerint,
752 4736 802 4796 vel
857 4747 928 4789 care
957 4729 1065 4790 affines
1092 4729 1223 4790 dicimus
1246 4728 1401 4790 Poro'entea
1417 4747 1475 4810 per
1496 4726 1643 4808 osfinr'tot.

39 4811 98 4876 olias
110 4834 222 4896 aurare,
235 4821 271 4880 ut
285 4819 444 4881 celebrent
457 4827 565 4880 c'oram
574 4837 619 4897 se,
632 4825 664 4882 et
677 4821 709 4881 ιι
724 4839 802 4901 prar-
856 4816 938 4878 Idem
951 4837 981 4878 n.
1000 4820 1048 4880 ll.

38 4903 117 4964 notia
134 4923 256 4966 sermm
274 4905 484 4984 familiarium,
501 4911 533 4968 et
555 4907 802 4987 consanguineo·
895 4911 926 4968 l.
956 4908 1016 4968 Per
1044 4904 1293 4985 consanguineos
1320 4904 1451 4986 intelligi
1479 4925 1577 4988 usquc
1606 4905 1646 4966 ad

39 5003 102 5052 rum.
115 4994 252 5056 Secundo
270 5014 277 5054 :
297 4995 384 5067 Quod
398 4995 520 5075 possint
533 4995 676 5075 accipere
691 5001 803 5059 Sacra·
856 4999 1003 5076 quartum
1021 4996 1166 5075 gradum,
1183 4999 1214 5056 et
1228 5013 1290 5056 non
1306 4995 1406 5069 ultra;
1430 4996 1505 5077 quia
1523 4996 1592 5077 jam
1615 4994 1646 5055 in

38 5087 153 5144 menum
165 5083 379 5160 Eucharistiae,
396 5087 426 5145 ct
447 5083 568 5163 reliqua
584 5087 799 5161 Sacramenta,
852 5081 923 5162 jure
944 5085 975 5144 et
988 5082 1146 5162 rescriptis
1161 5101 1223 5144 nen
1238 5083 1417 5144 extanditur
1427 5085 1646 5146 ultraconsan·

39 5173 143 5247 excepto
161 5170 209 5231 die
228 5171 400 5249 Pascbotis,
421 5173 516 5233 modo
539 5172 598 5251 ipsi
622 5190 683 5234 ιοι
708 5173 801 5233 dede·
855 5171 1002 5251 guinitas.
1020 5169 1101 5231 Iden
1116 5190 1146 5231 n.
1164 5173 1212 5248 le,
1229 5189 1301 5232 cum
1316 5172 1396 5233 aliis.

39 5251 87 5316 rint
97 5275 213 5320 causam
226 5259 403 5338 interdicto,
420 5279 478 5322 nec
492 5279 549 5340 per
569 5261 654 5340 ipsos
668 5263 799 5340 steterit,
895 5263 924 5320 5.
938 5261 998 5320 Per
1012 5277 1126 5320 nomeu
1141 5259 1449 5340 consanguineorum
1462 5259 1592 5340 intolligi
1604 5258 1646 5320 vi·

39 5342 104 5416 qood
116 5361 172 5406 aon
192 5347 288 5407 fuerit
308 5348 474 5425 sublatum,
491 5353 523 5410 et
541 5349 800 5429 quotiescumque
855 5366 925 5408 rum
946 5351 978 5409 ιι
991 5367 1120 5409 ιιιιιιιι
1135 5347 1217 5428 ejus,
1234 5348 1309 5428 quia
1329 5353 1403 5410 sunt
1421 5349 1483 5410 duo
1505 5347 1537 5407 in
1551 5365 1646 5408 earne

39 5423 63 5484 io
77 5427 146 5493 dicto
167 5433 310 5496 Oratorio
331 5452 387 5513 pro
411 5435 581 5496 obtinenda
605 5435 801 5515 indulgentia
855 5455 929 5498 una.
942 5439 1050 5516 ltaque
1065 5437 1090 5497 si
1106 5438 1229 5497 illorum
1241 5437 1372 5517 quilibet
1387 5436 1644 5512 babeatBullam,

39 5515 75 5578 usi
89 5517 192 5584 foedet
209 5523 362 5600 oratione,
378 5529 472 5605 prout
494 5527 577 5588 Deus
600 5525 801 5590 devotionem
855 5525 934 5588 alter
947 5524 1042 5589 etiam
1055 5525 1115 5588 isto
1129 5525 1247 5604 gaudet
1260 5522 1435 5605 privilegio.
1452 5523 1533 5586 Idem
1547 5541 1578 5586 o.
1596 5527 1644 5588 lt.

256 3597 456 3662 DUBIUM
487 3601 548 3662 Xl.

40 3785 151 3862 Qooeoon
174 3793 336 3874 prehilepia
368 3791 555 3857 obtineantur
584 3813 644 3876 per
675 3796 803 3859 Bnllnrn

235 3889 366 3962 ternpore
392 3879 572 3944 interdicti?
