3974 6348
300 563 358 624 160

297 746 416 824 dibilia,
433 743 584 806 inducunt
600 765 606 806 :
624 748 655 805 et
667 744 738 805 ideo
754 743 849 804 etiam
863 742 939 804 inita
954 761 990 804 ex
1004 748 1090 805 metu

297 836 370 913 levi,
387 834 461 916 quia
479 834 651 895 seeundum
665 832 748 894 dicta
764 851 849 894 num.
868 835 937 910 105,
953 837 1025 894 0001
1039 851 1092 892 va·

297 924 373 1001 lida,
390 924 462 984 licet
476 923 537 984 sint
551 920 773 998 rescindibilia,
790 920 943 983 inducunt
959 921 1016 981 hoc
1037 921 1091 981 im-

298 1013 525 1092 pedimentum.

232 1115 274 1162 001
338 1103 395 1180 §a
408 1101 569 1162 Publicam
580 1099 776 1164 honestatem
787 1121 848 1164 non
861 1100 934 1162 oriri
948 1119 986 1160 ex
1000 1117 1093 1178 spon-

299 1189 416 1250 salibus
440 1188 661 1250 conditionatis
686 1189 863 1250 conditione
888 1187 1022 1248 necdum
1040 1187 1093 1246 ad·

299 1276 438 1355 impleta,
451 1276 569 1337 decidit
583 1279 658 1354 Cap.
673 1295 726 1339 00.
738 1279 774 1337 ete
787 1297 880 1358 apem.
898 1277 930 1336 ia
944 1281 973 1337 o.
987 1280 1093 1355 Neque

300 1365 400 1426 oritur
414 1383 452 1424 ex
465 1364 672 1444 promissione
688 1372 797 1426 mutua
807 1365 979 1426 volentium
992 1382 1024 1424 se
1040 1364 1094 1423 ob-

299 1453 397 1532 ligare
413 1454 471 1514 sub
481 1453 596 1514 veniali
612 1457 745 1531 tanturn,
763 1455 813 1515 vel
827 1459 950 1516 tentum
964 1453 1022 1513 sub
1033 1469 1095 1531 000-

301 1559 342 1602 00
356 1540 508 1619 perdendi
525 1561 554 1602 v.
572 1560 603 1621 g.
621 1541 759 1619 arrham,
776 1541 950 1601 secundum
965 1540 1039 1602 diet.
1062 1560 1092 1600 n.

300 1631 350 1690 50.
375 1629 482 1708 Neque
506 1647 544 1688 ex
560 1628 753 1708 professione
775 1633 886 1690 mutua
904 1629 1095 1690 matrimonii

300 1715 1093 1797 tactaapuerisanteseptenniumsecundumdict.

302 1807 460 1866 001050.
484 1808 592 1885 Neque
616 1823 653 1865 ex
676 1805 882 1884 promissione
906 1805 1096 1867 matrimonii

303 1909 375 1952 cum
398 1893 504 1974 aliqua
525 1895 767 1957 indeterminate
792 1915 822 1956 v.
846 1913 877 1974 g.
895 1913 966 1955 curn
982 1913 1044 1956 una
1059 1914 1096 1955 ex

302 1979 426 2041 tiliabus
449 1981 541 2059 Titii,
566 1982 613 2043 uti
636 1983 793 2063 colligitur
816 2003 854 2044 err
882 2001 951 2064 000.
975 2002 1029 2044 00.
1055 1983 1098 2044 00

303 2069 426 2147 sponsat.
444 2068 476 2128 in
497 2073 526 2146 0,
544 2087 618 2130 nam
642 2071 746 2150 reipsa
766 2077 919 2134 0000001
941 2073 1098 2150 sponsalia

304 2159 478 2218 secundum
496 2157 580 2220 dicta
603 2177 689 2220 num.
715 2163 764 2221 07.
790 2161 822 2222 Si
847 2161 1044 2240 dispensetur
1066 2159 1098 2220 in

303 2247 528 2326 impedimento
551 2246 711 2308 affinitatis
733 2267 771 2308 ex
792 2249 905 2327 copula
926 2247 1021 2325 licita,
1038 2247 1098 2308 hoc

305 2338 372 2416 ipso
397 2335 596 2414 dispensatur
619 2337 713 2396 etiam
737 2336 768 2396 in
797 2337 922 2416 publiea
948 2338 1095 2412 honeste,

306 2422 449 2505 quamvis
464 2423 503 2483 de
517 2423 571 2483 illa
586 2440 648 2482 non
663 2423 703 2484 sit
717 2424 799 2486 tacta
813 2425 940 2502 mentio,
959 2425 1002 2486 uti
1017 2424 1098 2485 dice·

305 2519 459 2574 turnum.
476 2513 546 2573 013.

237 2600 280 2648 ⁰⁸⁸
349 2599 457 2675 001001.
474 2603 524 2661 95.
540 2603 637 2662 -Aa
649 2601 768 2682 publico
783 2599 922 2679 10000100,
939 2600 1100 2682 00101001-

307 2698 352 2751 tas
361 2695 510 2749 eontracta
518 2687 593 2748 inter
602 2687 867 2770 infidelesdirimat
876 2690 1100 2752 Matrimonium

306 2785 434 2858 suscepto
456 2776 608 2856 Baptistae
623 2778 710 2858 prim
728 2777 984 2840 contrahendam?
1006 2781 1096 2856 ltesp.

308 2865 428 2941 Negant
440 2863 593 2941 absolute,
611 2870 642 2927 01
656 2866 861 2944 probabiliter
871 2868 999 2948 Henriq.
1013 2865 1098 2946 quia,

308 2968 380 3010 curu
394 2949 469 3011 talia
483 2951 709 3031 impedimenta
722 2955 785 3016 sint
799 2975 836 3016 ex
846 2957 911 3017 solo
918 2956 990 3035 jure
1002 2955 1100 3016 eccle-

307 3037 444 3115 siastico,
461 3039 512 3099 cui
526 3045 637 3102 neuter
660 3042 794 3103 infidelis
817 3044 1020 3120 subdebatur,
1038 3061 1101 3104 000

307 3127 531 3208 ligabuntillos
555 3133 625 3207 post
639 3130 845 3209 baptismum,
868 3133 926 3192 nisi
951 3131 1010 3193 hoe
1034 3132 1100 3211 ipso

308 3223 449 3295 temporo
475 3217 575 3277 abiis
598 3218 812 3281 contrahatur.
840 3220 955 3281 Sanch.
974 3221 1052 3281 llcn.
1071 3223 1102 3281 et

309 3305 360 3366 alii
384 3305 470 3366 varie
493 3304 699 3384 distinguunt,
724 3306 780 3367 sed
801 3311 910 3370 Avers.
931 3311 1099 3389 pacratii,

308 3403 375 3456 0001.
392 3397 422 3470 6,
437 3398 467 3453 01
476 3392 568 3472 Kugl.
582 3411 690 3454 auum.
704 3397 792 3471 1000,
805 3396 957 3473 absolute,
968 3401 998 3458 et
1008 3396 1103 3458 etiam

309 3481 401 3543 valde
429 3480 636 3559 probabiliter
658 3483 833 3561 affirmant,
859 3485 933 3564 quia
960 3485 1103 3565 quamvis

309 3569 449 3632 Ecclesia
470 3585 531 3628 non
551 3568 648 3648 possit
672 3574 808 3632 statuere
828 3572 956 3652 aliquid,
981 3592 1042 3652 quo
1066 3573 1103 3632 li-

309 3661 423 3738 gentur
446 3655 595 3734 quamdiu
615 3661 688 3719 sunt
708 3657 860 3736 10000100,
881 3666 985 3721 tamen
1001 3667 1103 3741 potest

309 3749 446 3806 statuere
470 3743 668 3824 aliquidque
689 3745 836 3824 ligentur,
860 3750 986 3828 quando
1011 3755 1104 3813 erunt

309 3834 428 3894 tideles
445 3835 484 3894 at
503 3833 546 3894 ita
562 3837 720 3912 cumpost
739 3835 934 3914 Baptismum
949 3857 1011 3899 non
1031 3858 1103 3918 pos-

309 3922 371 3983 sint
393 3920 590 3999 contrahere,
614 3941 644 3983 v.
670 3941 795 4002 geum
819 3927 1053 4006 consanguinea
1072 3927 1102 3987 in

309 4015 420 4091 quarto
435 4010 547 4090 gradu,
561 4011 703 4090 quamvis
714 4011 745 4072 id
756 4013 928 4091 potuissent
943 4020 1013 4077 ante
1024 4018 1103 4095 Bap-

308 4100 446 4175 tismum,
458 4098 543 4158 idem
558 4098 617 4160 erit
631 4098 670 4160 de
685 4100 813 4180 reliquis
824 4101 890 4162 istis
900 4101 1103 4182 impedimen·

308 4187 347 4248 tis
368 4207 375 4248 :
401 4190 433 4248 et
446 4186 524 4248 ratio
540 4186 723 4249 universalis
741 4195 788 4250 est
802 4189 877 4269 quia
891 4191 1032 4253 Ganones
1047 4193 1102 4253 ab·

307 4275 408 4336 solute
421 4272 531 4335 dicunt
551 4273 635 4352 quod
657 4275 763 4336 lldeles
779 4274 909 4338 hebetes
923 4279 985 4339 tale
1003 4279 1102 4358 impe-

308 4363 492 4437 dimentum,
508 4359 573 4421 sive
588 4362 681 4422 talem
696 4362 881 4424 relationem
896 4365 936 4424 ad
951 4365 1097 4443 invicem,

308 4465 370 4507 000
384 4453 516 4526 0000001
528 4447 630 4508 valide
646 4450 842 4526 contrahere,
855 4457 887 4511 et
901 4453 1042 4514 Canones
1057 4455 1101 4515 illi

308 4552 370 4594 000
394 4532 589 4613 distinguunt
609 4552 648 4594 00
672 4535 703 4594 in
724 4536 801 4596 illud
825 4536 993 4601 inciderint
1014 4547 1098 4620 ante,

339 4643 347 4660 ¹
372 4625 442 4700 post
464 4621 659 4700 Baptismum
677 4642 683 4682 :
701 4641 776 4702 ergo
800 4643 871 4685 cum
893 4629 1102 4707 0001000110-

271 4753 313 4800 ar,
413 4709 475 4769 sint
488 4709 606 4786 fideles,
624 4712 729 4770 011010
745 4712 1020 4792 impedimentum,
1037 4717 1101 4777 sive

273 4833 361 4884 ,num
379 4861 388 4875 ,
453 4795 601 4857 'ctionem
615 4795 799 4859 adinvicem
811 4799 958 4877 babeant,
972 4821 1034 4864 non
1045 4824 1101 4884 00-

273 4909 450 4982 10100000.
535 4903 552 4938 a
566 4884 756 4963 dispensata,
773 4889 970 4951 contrahere.

275 4986 394 5068 terunt,
409 4979 468 5048 nisi
483 4997 520 5040 0..
597 4989 606 5010 ¹
619 4972 658 5034 sit
671 4973 756 5034 circa
770 4973 1028 5052 impedimentum
1044 4979 1100 5038 cri-

276 5077 281 5106 ²
309 5063 581 5156 ‘Quiddiuenduru
648 5061 754 5137 ’10100
772 5062 834 5122 dixi
850 5082 932 5125 eum.
950 5069 1018 5128 618.

280 5141 469 5237 ministrator
483 5153 562 5231 tales
576 5147 653 5207 iniit·
727 5148 847 5211 ‘andum
864 5152 903 5212 sit
917 5153 996 5214 eirea
1014 5155 1101 5236 empe-

214 5251 282 5324 aaa¹
325 5229 720 5336 Qaoest.96.-Qut'dtt⁰v=
777 5242 783 5252 '
822 5241 898 5300 Cum
918 5241 1101 5321 impotentia

284 5353 444 5416 (lituratum
460 5323 585 5401 'oeiaa'st
604 5325 696 5396 uesp,
713 5311 778 5466 3¹·
848 5328 868 5364 't
886 5331 1009 5392 tantum
1023 5335 1100 5392 tem-

285 5435 486 5519 imi)uberum
509 5418 548 5482 fid
573 5414 790 5508 generenam
809 5411 848 5460 ⁵¹⁹
916 5419 1100 5512 'matrimo-

310 5537 426 5588 orauea
463 5529 524 5573 000
547 5499 665 5566 dirimit
687 5494 764 5580 lure
783 5482 903 5572 05110119
972 5502 1099 5562 *asssuhs

289 5608 391 5679 nium,
416 5563 472 5659 000
493 5589 616 5652 100100
639 5567 864 5663 ecclesiastico,
888 5571 920 5646 31}
934 5566 979 5640 00

944 558 1021 621 LlB.
1044 559 1094 620 Vl.
1119 559 1220 622 PARS
1242 561 1296 623 lll.

1146 749 1217 806 ante
1234 749 1282 822 ll,
1299 745 1330 805 in
1352 745 1484 806 femellis
1506 750 1579 808 aute
1596 751 1644 824 12,
1661 767 1736 810 000.
1755 752 1791 810 01
1812 749 1937 812 hebetur

1145 837 1210 895 toto
1232 836 1280 895 tit.
1305 834 1347 895 00
1366 854 1460 916 spons.
1484 833 1599 916 impad.
1625 839 1806 917 Putantque
1829 839 1934 899 Sanch.

1148 920 1284 998 11101.
1299 926 1368 1000 101,
1380 943 1462 984 aum.
1479 929 1497 985 ⁶2
1512 933 1538 985 et
1553 927 1589 997 33
1607 928 1638 986 et
1652 929 1765 988 Avers.
1778 936 1881 1008 quaest.
1893 931 1934 1004 13,

1146 1018 1213 1070 0001.
1233 1014 1279 1086 m,
1301 1011 1341 1070 ad
1362 1011 1465 1071 valide
1490 1011 1742 1074 contrahendum
1767 1015 1844 1076 satis
1866 1033 1934 1091 esse,

1147 1098 1175 1158 si
1188 1097 1298 1158 ultima
1312 1097 1378 1158 dies
1393 1101 1554 1180 complens
1569 1119 1623 1161 eos
1637 1119 1738 1163 annos
1753 1103 1795 1162 sit
1809 1104 1936 1183 incepta,

1148 1185 1308 1246 Hostcnsis
1323 1187 1407 1264 apud
1422 1187 1512 1248 Dian.
1523 1208 1557 1269 p.
1576 1191 1605 1266 5,
1620 1196 1708 1250 tract.
1726 1193 1758 1266 5,
1771 1189 1811 1251 It.
1829 1195 1877 1268 10,
1893 1193 1939 1254 dat

1148 1275 1211 1333 tres
1234 1271 1301 1332 dies
1325 1277 1397 1334 ante
1423 1295 1430 1335 :
1457 1277 1497 1336 ru.
1524 1276 1635 1337 Ledes.
1666 1277 1800 1355 decem,
1827 1280 1936 1342 Rebelt.

1148 1377 1247 1420 unum
1258 1359 1306 1418 vel
1322 1361 1455 1422 alterum
1470 1379 1622 1440 mensem,
1640 1364 1683 1425 uti
1699 1365 1800 1426 refert
1814 1367 1936 1430 Carden.

1149 1448 1179 1508 in
1200 1450 1234 1524 1,
1253 1447 1327 1507 crisi
1348 1447 1377 1508 d.
1401 1453 1451 1526 27,
1476 1470 1506 1510 0.
1532 1453 1600 1528 110,
1625 1452 1681 1514 000
1706 1453 1878 1514 dicendum
1900 1461 1940 1516 ce

1149 1553 1220 1596 euru
1230 1535 1312 1597 Abb.
1327 1537 1449 1615 Pontio,
1462 1539 1551 1616 Pign.
1568 1548 1590 1600 t.
1609 1543 1657 1617 10,
1669 1559 1736 1622 cap.
1750 1545 1801 1618 ll,
1818 1560 1880 1603 00.
1895 1546 1937 1618 30,

1149 1627 1273 1702 tempus
1297 1624 1359 1685 hoe
1380 1627 1571 1706 completum
1592 1646 1661 1689 esse
1683 1629 1802 1690 debere
1823 1630 1863 1691 ad
1884 1648 1939 1690 mo

1149 1715 1310 1790 mentum,
1336 1713 1381 1776 ita
1404 1719 1519 1776 01000
1544 1717 1622 1778 hora
1646 1717 1747 1792 desit3
1775 1719 1939 1780 secundum

1150 1799 1224 1861 dict.
1242 1799 1292 1863 tib.
1311 1804 1338 1879 1,
1356 1807 1535 1866 0000182.
1560 1805 1591 1866 Si
1611 1810 1719 1868 tamen
1739 1807 1863 1868 malitia
1876 1826 1940 1886 000

1150 1889 1235 1967 01001
1256 1894 1399 1967 aetatem,
1420 1891 1464 1954 ita
1482 1896 1516 1953 ut
1533 1899 1648 1971 praeter
1661 1894 1885 1957 discretionem
1897 1913 1940 1956 re·

1150 1976 1243 2037 tionis
1259 1977 1355 2039 etiarn
1369 1979 1452 2040 adsit
1466 1981 1606 2058 potentia
1619 1983 1808 2061 generandi,
1820 1987 1894 2063 Cap.
1906 1983 1940 2044 oe

1151 2062 1214 2124 illis
1236 2068 1266 2141 2,
1292 2067 1367 2143 000.
1393 2065 1528 2134 Puberes,
1554 2069 1629 2147 Gap.
1656 2069 1712 2131 ult.
1739 2073 1786 2132 De
1810 2071 1936 2151 sponsal.

1152 2151 1271 2231 impub.
1292 2154 1439 2216 statuitur
1457 2162 1529 2217 ante
1550 2175 1603 2218 000
1626 2174 1727 2219 00000
1750 2159 1860 2220 valere
1884 2177 1938 2219 ma-

1150 2239 1351 2318 trimouium,
1377 2242 1450 2304 licet
1472 2261 1534 2304 000
1554 2244 1778 2323 dispensetur:
1802 2247 1938 2308 1000110-

1152 2347 1247 2407 gnan.
1272 2328 1312 2389 ad
1337 2331 1389 2391 eit.
1410 2333 1484 2410 Cap.
1506 2331 1542 2392 de
1560 2331 1637 2400 iltis,
1658 2333 1731 2396 ait:
1756 2333 1939 2416 00001111

1152 2416 1269 2478 cuidam
1282 2420 1395 2498 petenti
1412 2419 1647 2500 1000000000οη
1667 2421 1708 2482 eret
1721 2421 1939 2484 Matrimonium

1154 2504 1313 2586 impuberis
1325 2505 1435 2567 dieitur
1448 2507 1622 2589 respondisse
1639 2507 1732 2569 sedem
1750 2509 1938 2592 apostoticae

1152 2591 1186 2652 ob
1208 2591 1262 2653 tuoe
1283 2612 1341 2653 non
1364 2611 1420 2654 esse
1440 2593 1704 2675 interpellandam,
1725 2615 1809 2664 eum,
1830 2597 1857 2658 si
1876 2595 1939 2656 derit

1152 2679 1303 2749 discretio,
1325 2681 1372 2742 vel
1392 2683 1523 2761 00100110
1536 2684 1768 2745 consummandi
1790 2685 1937 2746 Matr-ime

1153 2768 1245 2838 nium,
1260 2767 1337 2830 sedes
1350 2769 1522 2851 Apostotieo
1534 2771 1616 2832 citit
1628 2772 1721 2853 possit
1731 2792 1741 2833 .·
1751 2772 1834 2854 quod
1844 2773 1870 2832 st
1880 2791 1938 2832 000·

1154 2864 1233 2916 trum
1256 2855 1347 2916 deesse
1368 2857 1537 2937 0000000011
1561 2857 1753 2927 ordinarius,
1777 2859 1939 2940 00100110

1154 2961 1265 3012 cause,
1288 2961 1354 3024 qma
1366 2953 1538 3012 00000100,
1554 2955 1623 3007 sunt
1636 2963 1724 3014 verre,
1739 2945 1938 3028 0001010110-

1154 3039 1214 3091 tam
1229 3031 1382 3094 licentiam
1396 3033 1555 3095 concedere.
1571 3033 1649 3095 Vide
1664 3035 1763 3097 Krim.
1780 3055 1861 3097 num.
1876 3039 1935 3098 623.

1155 3120 1306 3199 Exempla
1319 3138 1447 3198 eorum,
1465 3122 1519 3202 qui
1533 3126 1604 3183 0010
1620 3123 1820 3201 pubertatem
1833 3141 1937 3204 genae

1156 3212 1247 3284 runt,
1273 3209 1371 3271 multa
1393 3210 1532 3273 breviter
1550 3212 1689 3274 referunt
1708 3215 1819 3275 Avers.
1840 3230 1934 3292 supra,

1156 3298 1187 3355 01
1201 3294 1299 3357 lirim.
1315 3316 1396 3358 aum.
1412 3300 1482 3360 597.
1499 3298 1690 3378 Episcopum
1704 3304 1813 3363 aute-m
1827 3301 1936 3378 dispen-

1156 3400 1226 3443 sare
1240 3403 1331 3462 posse
1345 3386 1377 3446 in
1398 3386 1493 3448 dubio
1513 3404 1553 3447 an
1574 3386 1695 3450 malitia
1709 3390 1855 3469 suppleat
1872 3393 1936 3450 eta-

1156 3476 1219 3533 tem
1234 3474 1356 3535 dicetur
1369 3495 1448 3537 num.
1464 3479 1533 3538 810.

1195 3561 1256 3638 §2
1275 3562 1508 3624 Matrimonium
1526 3568 1599 3625 ante
1617 3569 1744 3629 etatem
1763 3565 1933 3646 legitimam,
1954 3581 1977 3636 g

1157 3655 1294 3712 attamen
1314 3657 1384 3729 0001
1402 3652 1600 3731 septennium
1619 3653 1732 3716 initum
1753 3654 1869 3715 habere
1882 3652 1935 3712 vim

1157 3738 1348 3816 sponsalium
1363 3739 1426 3799 dixi
1440 3759 1521 3801 nam.
1536 3743 1587 3802 11.
1604 3744 1698 3804 Νο101
1712 3747 1818 3804 autem
1832 3739 1933 3803 zacch.

1158 3825 1210 3886 tio.
1225 3829 1252 3903 l,
1270 3836 1292 3888 t.
1311 3830 1339 3904 1,
1355 3837 1458 3910 quaest.
1475 3832 1506 3905 0,
1523 3845 1635 3891 aream.
1652 3832 1813 3908 3001111.
1830 3835 1858 3906 1,
1875 3831 1933 3900 11,

1156 3925 1258 3996 quest.
1274 3921 1305 3995 t,
1321 3921 1446 3980 aetatem
1461 3918 1659 3982 matrimonio
1676 3920 1813 3981 ineundo
1828 3915 1934 3999 aptissi-

1158 4021 1241 4064 mam
1256 4023 1334 4079 csse,
1351 4007 1382 4066 in
1393 4007 1540 4068 masculis
1559 4025 1678 4069 annum
1693 4009 1817 4072 circiter
1833 4011 1880 4084 30,
1898 4006 1934 4066 ie

1156 4093 1256 4154 mellis
1281 4097 1328 4157 18.
1354 4097 1398 4156 00
1421 4096 1605 4176 impotentia
1628 4103 1733 4161 autem
1758 4119 1796 4160 eir
1823 4099 1932 4160 deiectu

1157 4181 1256 4242 fetatis
1271 4183 1337 4243 tuse
1353 4183 1418 4264 agit
1431 4185 1480 4246 lib.
1498 4187 1527 4262 3,
1544 4186 1591 4247 tit.
1610 4189 1640 4261 t,
1656 4199 1760 4268 quaest.
1777 4193 1805 4249 2.

1196 4271 1213 4348 §
1231 4272 1261 4330 3.
1283 4272 1398 4334 Sanch.
1419 4293 1515 4353 supra
1537 4279 1628 4353 putat
1651 4293 1715 4338 non
1739 4293 1866 4355 peecare
1887 4289 1932 4334 eos
1950 4291 1977 4340 01

1157 4357 1296 4436 quiante
1311 4363 1435 4422 aetatem
1452 4365 1575 4424 1001001
1588 4364 1774 4425 contrahere
1789 4363 1932 4426 metrimo

1156 4447 1254 4524 nium,
1269 4448 1324 4509 sed
1339 4450 1531 4529 probabilius
1545 4455 1593 4515 est
1607 4453 1787 4531 oppositum
1800 4453 1931 4515 000110-

1155 4537 1349 4616 gleronum.
1365 4541 1454 4600 ulli.
1472 4544 1500 4602 l.
1518 4541 1598 4614 Quia
1611 4543 1684 4621 Cap.
1703 4545 1733 4619 2,
1750 4543 1789 4602 de
1808 4539 1929 4622 sponsal.

1156 4623 1276 4703 impub.
1288 4624 1378 4687 dicit:
1390 4625 1560 4688 districtius
1569 4628 1774 4705 prohibemus
1785 4647 1822 4689 ne
1836 4623 1928 4705 aliqui,

1157 4716 1439 4802 quorumuterque
1459 4716 1508 4776 vel
1527 4716 1607 4778 alter
1625 4717 1665 4777 ad
1683 4721 1808 4779 aetatem
1825 4715 1930 4795 legibus

1156 4800 1397 4862 determinatam
1417 4821 1479 4864 non
1498 4805 1687 4882 pervenerit,
1705 4803 1928 4884 conjungentur,

1155 4888 1213 4948 nisi
1242 4890 1461 4967 urgentissima
1485 4891 1668 4953 necessitate
1692 4891 1928 4954 interveniente:

1156 4996 1193 5037 ex
1216 4995 1277 5056 quo
1298 4978 1453 5057 colligitur
1480 4999 1542 5040 000
1571 4980 1730 5059 prohiberi
1758 4974 1929 5062 conjunctio-

1156 5081 1227 5122 nem
1243 5082 1300 5142 per
1313 5066 1476 5143 copulam,
1497 5065 1565 5127 haec
1584 5066 1668 5127 enirn
1689 5073 1772 5129 00001
1785 5071 1864 5128 certa
1877 5063 1929 5122 lor·
1975 5077 1977 5082 ’

1157 5152 1285 5228 niceria,
1309 5158 1340 5213 et
1363 5172 1400 5213 ex
1422 5155 1508 5215 nulla
1529 5173 1624 5216 causa
1644 5152 1929 5231 11011000100100·

1155 5259 1342 5302 consensum
1357 5243 1571 5321 voluntatum,
1588 5243 1696 5322 idest,
1714 5240 1927 5306 matrimonium

1156 5329 1194 5389 de
1210 5329 1365 5408 praesenti.
1383 5335 1411 5392 2.
1435 5332 1514 5404 Ouia
1532 5331 1657 5393 videtur
1671 5352 1738 5394 0000
1754 5331 1852 5412 gravis
1864 5328 1928 5387 irre

1155 5415 1296 5476 verentia
1322 5418 1354 5478 in
1382 5423 1552 5481 Auctorem
1581 5421 1796 5496 Sacramenti,
1824 5411 1927 5494 siquis

1155 5503 1256 5566 sciens
1284 5524 1316 5566 00
1341 5506 1547 5592 impeditum,
1578 5513 1610 5570 et
1637 5526 1700 5572 000
1729 5527 1817 5592 posse
1843 5499 1927 5566 vaide
