4176 6350
440 557 470 618 44
790 557 909 618 INDEX
931 556 1102 618 clsuuu.
1429 547 1460 610 Μ

126 749 168 799 441
191 744 307 805 reniale,
328 757 403 794 num.
423 744 475 792 429.
496 743 551 793 Sub
584 743 664 806 longo
683 745 764 793 cantu
782 741 817 792 ud
837 740 925 792 444444

126 819 154 866 44
169 814 262 872 Credo,
283 817 344 874 444,
358 811 462 876 aliquid
479 811 608 864 vocaliter
619 825 705 869 44444.
719 815 767 862 444
786 811 925 862 intermis-

125 899 187 938 cere
202 885 417 946 meditationem,
437 897 542 944 eorum,
561 897 622 946 qua
644 888 776 947 geruntur
791 883 819 932 44
834 883 923 945 Missa,

125 971 181 1009 non
206 961 246 1007 cst
270 959 421 1020 peccatum,
443 967 458 1004 a
479 967 554 1005 num.
576 957 629 1006 436.
657 955 685 1004 14
709 955 818 1004 canone
833 953 924 1018 aliqua

125 1028 208 1079 rerba
222 1027 358 1088 omittere,
372 1026 486 1086 uariare,
506 1026 549 1075 rel
565 1039 750 1088 corrumpere,
763 1026 799 1075 ita
816 1028 845 1074 ut
862 1038 923 1074 mu·

124 1101 199 1150 tetur
223 1109 328 1158 sensus,
355 1100 397 1146 est
421 1095 542 1155 mortale,
562 1109 636 1146 num.
660 1097 713 1145 443.
738 1096 803 1145 ltem
820 1099 923 1144 mutare

124 1181 228 1233 preces,
240 1169 268 1217 44
284 1167 337 1218 4144
351 1178 408 1216 444
420 1166 592 1229 approbatas,
612 1166 635 1216 si
654 1165 701 1215 644
719 1166 746 1215 44
759 1169 833 1228 parte
850 1169 924 1214 nota·

124 1239 186 1301 biti,
196 1243 238 1291 eet
248 1237 375 1297 mortale3
390 1237 412 1286 si
430 1235 478 1286 ilat
492 1236 768 1300 inaliesepprobatas
792 1235 921 1286 44144444-

124 1309 154 1370 li,
170 1308 307 1360 ordinarie
322 1311 363 1358 est
374 1306 488 1367 4444444,
504 1319 579 1357 num.
594 1309 648 1356 432.
675 1306 741 1356 item
764 1311 870 1357 mutare
895 1305 922 1356 iu

122 1378 179 1430 alio
191 1378 273 1428 rerba
284 1390 446 1442 synonyma,
459 1380 562 1428 mutare
576 1378 707 1438 actiones,
722 1378 853 1427 inuertere
863 1390 922 1440 par-

124 1453 166 1502 ten
181 1449 303 1514 ejusdem
322 1449 446 1509 rationis,
460 1451 523 1502 etc..
538 1449 676 1498 ordinarie
702 1452 743 1500 est
767 1449 883 1509 veniale,
906 1461 922 1496 a

122 1533 200 1572 uum.
218 1521 271 1570 133.
296 1519 449 1570 Notabilem
464 1519 609 1569 uerborum
621 1523 727 1582 partem
741 1520 779 1569 ita
795 1520 920 1580 tormnus,

122 1595 155 1643 ut
170 1591 275 1642 secluso
301 1591 376 1641 omni
400 1589 595 1653 impedimento
614 1590 734 1654 seipsum
755 1590 850 1640 audire
865 1602 920 1638 nou

122 1662 218 1725 possit,
234 1661 372 1712 ordinarie
388 1664 481 1724 peccat
492 1661 651 1721 mortaliter,
670 1674 746 1711 num.
768 1663 823 1710 433.
840 1661 868 1712 Si
884 1662 921 1710 444

122 1733 256 1784 submisse
275 1732 355 1795 leget,
376 1736 407 1781 ut
431 1731 549 1794 seipsum
566 1731 664 1780 audire
681 1731 772 1794 possit,
794 1729 921 1793 probabi·

121 1801 176 1852 lius
187 1802 333 1866 nequidem
349 1803 440 1865 peccat
455 1800 605 1860 venialiter,
622 1813 696 1850 num.
712 1802 766 1850 436.
780 1800 831 1859 Qui
843 1803 920 1850 uola-

122 1871 208 1922 bilcm
222 1883 315 1921 eorum
331 1874 445 1934 partem,
461 1883 521 1933 quta
536 1870 668 1920 submisse
687 1871 741 1920 dici
752 1871 862 1929 debent,
877 1884 921 1920 44-

121 1946 190 1997 44444
211 1945 282 2006 4144,
307 1944 340 1994 44
365 1943 508 1993 minimum
533 1946 626 2006 peccat
654 1942 815 2001 venialiter;
844 1945 870 1992 et
897 1941 920 1990 si

121 2015 205 2066 rerba
217 2013 434 2065 consecrationis
449 2013 486 2062 ita
496 2013 550 2063 alte
562 2013 687 2076 proterat,
704 2016 734 2062 ut
747 2013 780 2062 ad
802 2012 919 2075 quadru-

120 2085 208 2149 ginta,
222 2088 269 2135 444
288 2085 370 2134 etiam
387 2082 528 2146 pauciores
551 2095 645 2146 passus
665 2083 821 2144 audientur,
844 2081 919 2133 ordi-

122 2156 200 2206 narie
211 2158 303 2219 peccat
317 2153 478 2214 mortaliter,
493 2166 521 2202 4.
536 2155 591 2203 llo.

154 2227 183 2275 14
194 2226 274 2275 414444
290 2225 430 2276 Orationes
449 2224 628 2284 4464414444,
648 2225 704 2275 4444
715 2224 917 2276 Comuremora-

120 2295 220 2356 tiones,
232 2295 379 2357 aliquando
394 2293 652 2358 plures,aliquundo
667 2297 808 2358 pauciores
822 2297 918 2346 dicuu-

120 2367 176 2426 tur,
190 2379 216 2415 4.
230 2378 255 2428 g.
272 2365 301 2414 44
320 2363 485 2429 duplicibus,
503 2367 530 2414 et
544 2365 577 2414 de
592 2365 689 2415 Octava
704 2367 839 2418 ordinarie
856 2370 917 2416 tau·

120 2439 181 2486 tum
196 2440 237 2486 est
247 2449 300 2486 444
315 2435 416 2496 044444,
427 2435 480 2486 nisi
495 2435 571 2484 Festa
586 2440 742 2495 occurraut;
758 2437 786 2486 44
800 2437 917 2486 4444444-

121 2506 239 2570 plicibue
253 2506 390 2558 ordinarie
405 2509 469 2556 eunt
483 2509 537 2558 tres
561 2509 676 2564 tautum,
696 2507 749 2556 nisi
764 2506 918 2570 specialiter

120 2577 247 2628 Colleutm
256 2575 395 2633 4444444444
411 2577 441 2627 44
455 2575 573 2639 simplici
583 2581 610 2626 44
625 2575 700 2625 444414
711 2577 850 2626 4441444444
864 2581 916 2627 4444

119 2647 164 2696 rei
178 2647 310 2710 quinque,
326 2647 368 2696 441
380 2649 492 2710 septem,
508 2647 550 2696 441
565 2647 646 2696 etiam
662 2647 763 2710 plures,
778 2652 840 2709 444,
855 2648 873 2698 l.
889 2651 914 2710 6,

119 2731 146 2782 p.
162 2719 186 2778 2,
201 2730 254 2767 44.
271 2719 326 2767 441.
342 2716 455 2775 Quando
473 2717 501 2765 in
513 2729 545 2765 eo
560 2717 668 2767 dicatur
683 2718 770 2768 Gloria
783 2723 833 2769 aut
857 2721 915 2769 Cre·

118 2788 163 2850 do,
173 2789 203 2838 V.
221 2789 317 2838 Glorr'u.
339 2787 367 2839 Si
386 2787 493 2838 dicatur
519 2786 616 2846 Gloria,
641 2787 723 2837 etiam
747 2789 856 2850 dicitur,
878 2791 915 2839 lte

118 2861 198 2910 144444
215 2861 266 2922 444,
287 2859 355 2908 44444
375 2857 475 2908 dicitur
491 2857 670 2907 Berredr'camru
689 2859 795 2908 Domino
811 2879 817 2909 ι
836 2864 863 2910 44
885 2861 912 2911 44

117 2929 208 2982 Missis
222 2930 255 2980 de
270 2929 409 2991 uenalem,
423 2929 619 2993 lthuiescantin
629 2944 701 2993 praece,
714 2945 739 2980 4.
755 2933 808 2981 469.
826 2933 912 2982 Evan-

116 2999 220 3064 gelium
231 3001 257 3052 S.
275 2999 388 3050 4444444
403 2999 538 3064 legiturin
553 3000 628 3049 omni
642 3001 742 3056 votiva,
760 3004 787 3050 et
808 3000 842 3051 de
863 3004 911 3052 lte-

117 3071 212 3138 qur'em,
223 3070 279 3121 etsi
294 3083 365 3120 nona
383 3069 474 3120 Lectio
488 3081 544 3118 nou
562 3069 644 3118 luerit
659 3069 836 3132 Evangelium
848 3083 911 3120 cum

117 3141 247 3202 llomilia,
262 3154 289 3190 4.
305 3143 358 3191 416.

151 3213 180 3262 44
195 3213 284 3262 Missis
297 3210 458 3274 Vigiliarum
475 3213 502 3259 et
515 3210 670 3274 aliquarum
685 3211 823 3261 Feriarum
833 3210 910 3273 plura

117 3281 256 3331 obseruari
271 3279 382 3340 debent,
396 3294 420 3328 4.·
435 3292 474 3342 gr.
491 3279 519 3328 in
543 3280 631 3329 1144444
651 3280 813 3343 Vigiliarum
838 3280 906 3330 sim·

117 3351 231 3416 plicium
245 3363 300 3400 444
315 3349 415 3399 dicitur
430 3349 527 3409 Gloria,
543 3363 591 3399 uec
608 3351 698 3410 Credo,
712 3351 777 3401 licet
789 3351 818 3400 Te
829 3351 909 3400 Deum

117 3421 254 3472 4444444444
271 3421 374 3470 4444444
389 3421 425 3470 444
440 3421 468 3470 44
484 3419 585 3482 044444,
602 3425 663 3482 444,
677 3436 692 3471 4
708 3435 734 3470 4.
750 3424 803 3472 414.
816 3423 843 3474 Si
859 3421 909 3472 sub

116 3503 149 3542 ea
173 3489 305 3540 habeatur
337 3491 446 3551 Cuncio,
471 3504 531 3553 qum
558 3491 694 3542 observari
727 3492 852 3553 44144444,
877 3491 908 3543 V.

117 3563 218 3612 Corneio.
234 3563 299 3620 0444
318 3561 509 3613 inclinationes
533 3563 562 3612 in
586 3576 617 3613 44
643 3563 702 3613 lieri
725 3563 851 3624 debeant,
876 3564 908 3614 l'.

116 3633 294 3684 inclinationes
307 3632 332 3680 ιἰι
347 3633 433 3682 Missa.
450 3634 479 3683 ln
494 3646 524 3682 ea
539 3633 587 3682 ubi
607 3635 772 3685 collocandae
792 3638 819 3684 41
839 3648 907 3698 quo-

117 3703 200 3754 modo
214 3703 409 3766 componendae
424 3717 528 3753 444444.
542 3704 573 3754 V.
588 3707 709 3755 Mannum
723 3707 867 3770 compositio
881 3709 908 3757 ia

115 3774 204 3824 444444.
216 3773 356 3832 Quomodo
371 3774 468 3822 Cruces
484 3777 511 3822 et
526 3774 733 3825 benedictiones
749 3777 778 3825 iu
799 3789 830 3826 ea
851 3777 906 3826 444-

116 3844 234 3896 4444444.
248 3843 279 3894 V.
295 3843 447 3905 Benedictio,
458 3845 537 3894 Crun.
553 3845 625 3894 1444
644 3846 782 3908 quomodo
795 3860 907 3910 compo·

115 3913 201 3965 nendi
218 3913 301 3974 ocull,
315 3911 347 3962 V.
368 3913 458 3962 Oculus
473 3913 498 3962 ia
515 3915 600 3964 Massa.
626 3916 714 3965 llissre
738 3917 907 3968 Sacrificium

115 3984 240 4049 incapaci
254 3983 298 4034 rel
317 3985 378 4047 poet
401 3985 637 4035 consecrationem
660 3986 785 4036 4444444
806 3989 905 4050 speciei

115 4055 187 4107 nulli
204 4055 239 4105 ed
260 4054 313 4104 bna
327 4053 501 4117 applicatum,
516 4055 657 4118 adaequate
677 4059 759 4106 etiam
775 4057 905 4120 applicari

115 4125 187 4177 nulli
210 4127 308 4189 potest,
334 4123 350 4172 Ι.
370 4126 393 4186 6,
419 4139 443 4188 p.
468 4128 492 4186 2,
519 4139 545 4174 4.
570 4128 623 4176 261.
649 4127 677 4178 Si
691 4127 843 4190 applicetur
856 4128 905 4178 sub

114 4194 273 4244 conditione
285 4195 342 4258 4444
358 4195 477 4259 impleta,
498 4195 586 4245 valida
606 4199 646 4246 est
668 4196 828 4260 applicatio;
850 4213 905 4250 non

114 4267 210 4316 autem
224 4265 274 4315 snb
289 4266 446 4316 conditione
462 4267 550 4316 lutura
565 4268 750 4330 contingente,
766 4267 802 4318 ib.

148 4335 228 4385 444444
241 4335 375 4399 applicari
391 4341 479 4400 potest
494 4350 542 4399 pro
557 4337 610 4385 illis
627 4338 753 4386 omuibus
772 4353 820 4402 pro
843 4340 904 4404 qui·

114 4407 169 4458 bus
183 4409 272 4470 potest
285 4405 385 4468 offerri,
405 4407 517 4467 seilicet,
533 4420 579 4470 pro
600 4407 656 4471 ipso
676 4409 830 4470 Sacerdote,
855 4425 904 4474 pro

114 4477 319 4538 desistentibus,
337 4489 385 4541 pro
401 4478 515 4528 Ecclesia
534 4482 599 4540 4444,
615 4483 676 4540 444,
692 4491 717 4528 u.
738 4481 791 4528 263.
808 4481 837 4530 V.
856 4483 906 4546 Ap-

112 4547 218 4613 plicatio
232 4549 323 4598 4443444.

146 4617 185 4668 dd
202 4619 307 4668 llissam
327 4617 515 4668 celebrandam
532 4619 679 4682 requiritur
701 4620 836 4670 ordinario
860 4622 904 4671 dl-

112 4693 172 4740 aare
186 4693 383 4750 consecratum,
398 4702 424 4737 4.
440 4691 493 4738 363.
511 4689 574 4738 144444
591 4690 691 4753 duplex
708 4704 803 4753 mappa
823 4690 903 4754 14444,

111 4773 140 4809 4.
165 4760 221 4820 343,
243 4773 259 4808 4
283 4773 310 4808 4.
335 4761 390 4808 322.
418 4762 484 4808 ltem
508 4759 710 4824 antipendium,
734 4775 761 4809 4.
781 4763 836 4820 363,
850 4763 904 4812 326.

112 4833 182 4882 ltem
202 4831 290 4880 vestes
304 4843 395 4889 444444,
411 4841 470 4892 quus
488 4830 521 4879 ad
546 4843 611 4880 4444
634 4829 759 4893 prutenos
782 4831 904 4880 adbiberi

110 4915 169 4952 non
184 4899 293 4962 debent,
309 4914 336 4951 4.
352 4902 406 4962 363,
422 4915 437 4950 4
453 4915 478 4950 4.
495 4903 551 4961 321,
564 4914 591 4950 n.
603 4903 656 4950 331.
673 4901 704 4950 V.
724 4902 805 4950 Vestes
815 4915 903 4953 sacra.

111 4975 177 5024 Sine
200 4971 268 5022 Veia
291 4971 397 5032 Calicis,
421 4972 599 5035 ulunutergm,
628 4973 777 5031 l‘ulriunri,
812 4973 905 5035 bursa,

110 5041 252 5092 celebrare
266 5041 339 5101 licet,
355 5040 378 5090 si
394 5041 487 5090 haberi
504 5055 557 5091 uon
573 5043 686 5106 possint,
707 5057 733 5091 u.
757 5045 811 5092 336.
839 5043 904 5093 14444

111 5112 264 5176 requiritur
286 5111 504 5162 purificatorium
530 5127 577 5177 pro
602 5126 665 5176 quo,
690 5113 711 5162 si
735 5112 828 5162 haberi
851 5127 905 5162 uon

111 5185 210 5248 possit,
246 5182 375 5233 substitui
414 5187 502 5246 potest
538 5185 718 5246 stroplriolum
761 5184 905 5243 muudum,

111 5267 140 5304 4.
156 5253 211 5314 363,
225 5253 279 5302 331.
297 5253 361 5301 14444
377 5251 448 5316 palla
463 5253 534 5304 linea
551 5254 701 5315 irenedictu,
726 5268 774 5317 pro
795 5267 858 5317 444,
883 5253 905 5302 44

111 5322 208 5374 baberi
225 5335 281 5371 444
297 5321 390 5384 possit,
406 5325 493 5385 potest
507 5322 636 5372 substitui
656 5323 812 5386 Corporale.
827 5323 906 5373 3444-

111 5393 266 5445 lleetorium
281 5393 325 5444 rel
343 5393 439 5455 bursa,
464 5407 490 5443 4.
515 5396 568 5452 363,
593 5395 647 5444 332.
674 5395 739 5445 ltem
764 5393 905 5458 Corporale

110 5463 300 5524 benedictum,
315 5476 341 5514 u.
357 5465 412 5526 393,
428 5465 482 5514 333.
498 5465 564 5514 lleru
578 5463 655 5514 Calin
674 5467 700 5515 et
724 5466 822 5517 Psteuu
840 5478 905 5515 con-

1713 541 1769 602 155

980 743 1091 792 secrato.
1116 753 1142 790 4.
1158 741 1245 800 393,4
1264 751 1291 788 4.
1311 739 1365 786 345.
1389 739 1455 786 ltcm
1478 731 1634 784 1444444414.
1660 730 1768 782 1444444.

979 811 1104 862 lliuister
1118 815 1145 861 44
1164 810 1272 874 quaudo
1297 809 1356 857 siue
1378 821 1411 857 44
1434 803 1563 855 celebrari
1589 801 1683 867 possit.
1706 801 1768 852 vid.

980 883 1101 932 ltr'atrter.
1131 881 1197 931 ltem
1230 879 1341 930 candela
1364 889 1476 927 accensa
1511 873 1611 938 duplex
1635 885 1668 923 ex
1697 885 1769 932 4444,

979 953 1005 1002 4.
1023 954 1078 1012 393,
1094 954 1148 1011 394,
1176 952 1230 1000 393.
1257 949 1342 1000 liliam
1367 949 1393 996 iu
1419 945 1576 996 necessitate
1601 941 1770 1007 probabilius

978 1037 1033 1072 444
1049 1023 1113 1073 14444
1128 1021 1264 1072 celebrare
1280 1021 1338 1070 4444
1350 1018 1405 1068 4144
1422 1017 1534 1076 lumine,
1550 1028 1578 1064 n.
1595 1015 1650 1064 332.
1665 1011 1692 1064 34
1709 1014 1769 1075 poet

979 1093 1151 1144 offertorium
1164 1095 1309 1154 utrumque
1326 1090 1419 1140 lumen
1434 1087 1629 1149 exstinguntur,
1648 1085 1675 1133 et
1693 1095 1769 1132 reac-

978 1164 1056 1214 ccudi
1072 1178 1127 1213 444
1144 1161 1237 1226 possit,
1253 1160 1421 1225 probabilius
1443 1158 1521 1208 Missa
1541 1154 1694 1206 continuari
1718 1153 1768 1202 de·

977 1236 1031 1295 bet,
1044 1249 1070 1286 4.
1085 1236 1139 1285 393.
1153 1235 1179 1286 Si
1196 1235 1287 1284 statim
1303 1230 1443 1282 reaccendi
1458 1229 1551 1293 possit,
1575 1228 1655 1277 Missa
1679 1225 1768 1275 conti-

977 1307 1054 1355 44444
1071 1309 1168 1369 potest,
1184 1319 1210 1355 4.
1226 1306 1278 1354 394.
1296 1305 1363 1354 Cum
1378 1299 1497 1351 candelis
1512 1313 1545 1348 ex
1559 1298 1623 1349 sebo
1638 1297 1711 1346 licite
1721 1309 1767 1346 ce-

978 1377 1106 1434 lebratur,
1122 1378 1143 1425 si
1158 1377 1219 1425 alim
1231 1375 1323 1424 haberi
1339 1387 1394 1423 444
1411 1372 1526 1436 possint,
1546 1383 1573 1420 4.
1594 1371 1648 1420 335.
1665 1367 1767 1418 Saltem

976 1461 1061 1496 44444
1077 1447 1168 1495 lumen
1184 1447 1340 1509 requiritur,
1355 1443 1421 1492 dum
1436 1442 1534 1504 legitur
1548 1436 1724 1502 Evangelium
1738 1438 1765 1488 S.

975 1518 1097 1578 loannis,
1113 1519 1205 1566 4391.
1224 1517 1255 1566 V.
1272 1514 1390 1566 Condate.
1411 1516 1477 1563 item
1492 1509 1663 1568 candelabre,
1684 1509 1766 1558 etiam

977 1587 1087 1650 protunc
1110 1587 1234 1636 adbiberi
1263 1588 1384 1650 possunt,
1414 1585 1473 1633 4444
1505 1579 1604 1644 quibus
1635 1577 1765 1628 celebrari

976 1660 1057 1708 etiam
1074 1662 1170 1722 potest,
1187 1673 1212 1708 u.
1228 1659 1283 1719 393,
1298 1657 1351 1706 336.

1007 1729 1044 1778 Ad
1061 1730 1166 1779 illesam
1185 1729 1385 1784 celebrandam,
1402 1737 1437 1774 44
1452 1735 1558 1786 semper
1577 1724 1604 1770 et
1617 1719 1707 1784 qualis
1719 1732 1764 1770 re-

976 1801 1099 1862 quiratur
1114 1801 1193 1849 Crux.
1209 1801 1240 1850 V.
1257 1801 1334 1850 Crux.

1006 1871 1044 1920 ld
1061 1871 1166 1921 blissam
1182 1869 1332 1933 legendam,
1349 1880 1408 1930 quus
1430 1864 1583 1926 requimtur
1603 1860 1720 1910 attentio
1737 1864 1766 1910 et

975 1941 1063 2002 qualis
1077 1941 1109 1990 ad
1126 1954 1185 1989 4444
1199 1940 1371 1990 audiendam.
1398 1939 1430 1988 l'.
1450 1935 1568 1987 44444444.
1586 1933 1672 1982 Missae
1693 1945 1763 1996 praa·

975 2011 1045 2060 uaitti
1061 2011 1141 2060 debut
1158 2011 1224 2060 lotio
1240 2023 1368 2060 manuum
1384 2009 1434 2058 sub
1450 2005 1561 2066 4444414,
1576 2005 1598 2054 44
1614 2003 1763 2054 immundae

974 2081 1028 2130 siut
1044 2101 1050 2130 :
1067 2096 1097 2131 ea
1118 2083 1200 2132 etiem
1225 2081 1283 2132 lieri
1305 2079 1442 2132 ordinarie
1466 2078 1546 2128 debet
1569 2078 1630 2139 post
1643 2076 1762 2136 Missam,

973 2159 1027 2198 444
1044 2155 1134 2200 444444
1149 2153 1199 2203 sub
1215 2157 1324 2217 peccato
1340 2151 1488 2214 nequidem
1500 2147 1610 2206 veniali,
1622 2147 1639 2196 l.
1653 2147 1678 2207 6,
1694 2160 1719 2209 p.
1737 2149 1763 2208 2,

972 2233 987 2268 4
1005 2235 1031 2268 4.
1048 2225 1100 2271 412.
1116 2225 1183 2273 4444
1199 2239 1258 2273 eam
1274 2224 1346 2274 iuter
1360 2221 1529 2272 induendum
1551 2217 1676 2268 omittere
1700 2230 1763 2266 ora·

974 2291 1070 2353 tiones,
1086 2299 1126 2344 est
1140 2295 1255 2356 4444444,
1271 2309 1297 2344 4.
1314 2295 1367 2344 415.

1004 2363 1090 2412 1144444
1105 2363 1272 2427 probabilius
1287 2363 1415 2428 praemitti
1430 2361 1511 2412 debet
1527 2359 1650 2409 recitatio
1672 2357 1763 2407 blatu-

972 2433 1021 2481 tiui
1038 2436 1064 2482 et
1079 2434 1200 2484 bandum
1216 2435 1266 2484 sub
1286 2434 1396 2494 4444414,
1413 2433 1466 2482 4444
1483 2431 1555 2481 adsit
1577 2443 1657 2482 causa
1681 2429 1761 2480 dilie-

972 2503 1059 2565 reudi,
1074 2517 1099 2554 4.
1116 2520 1141 2568 g.
1158 2508 1244 2569 major
1256 2505 1435 2556 commoditas
1457 2501 1550 2562 studii,
1575 2504 1636 2563 etc,
1658 2514 1685 2550 4.
1705 2502 1759 2550 239.

971 2573 1022 2632 Oui
1039 2580 1126 2638 potest
1142 2577 1291 2627 notabilem
1308 2579 1412 2640 purtem
1427 2575 1513 2624 blisum
1530 2571 1634 2632 audire,
1653 2574 1762 2621 tenetur

969 2644 1003 2692 ad
1020 2659 1090 2707 earu,
1108 2647 1130 2694 si
1147 2650 1231 2696 totam
1251 2660 1307 2696 444
1324 2645 1416 2708 possit,
1435 2643 1451 2692 Ι.
1472 2647 1494 2704 1,
1510 2643 1606 2692 4113.
1628 2641 1657 2690 14
1680 2641 1760 2690 illisae

970 2717 1105 2766 4444444444
1121 2717 1241 2766 ‹lolectus
1256 2718 1301 2779 qui
1318 2719 1345 2766 ct
1363 2715 1473 2778 quando
1497 2713 1607 2776 corrigi,
1631 2712 1673 2762 444
1694 2725 1761 2776 sup·

970 2785 1038 2847 pleri
1053 2785 1178 2836 (iubeant.
1189 2786 1220 2836 1’.
1237 2786 1367 2850 Supptetr'o
1382 2783 1533 2848 defectuum.

999 2857 1022 2905 ll
1027 2857 1085 2906 issa.
1101 2857 1132 2908 V.
1150 2859 1277 2908 Fastorum
1293 2857 1439 2906 obseruatio.
1457 2851 1586 2908 Sacerdos.

998 2928 1076 2978 blissa
1092 2929 1121 2978 iu
1131 2929 1196 2978 testo
1207 2927 1369 2979 Natiuitatis.
1385 2927 1416 2978 V.
1433 2927 1563 2976 Fastorum
1573 2922 1719 2973 obseruatio.

1284 3083 1433 3136 Missutn.

996 3206 1100 3256 llissale
1115 3206 1251 3256 44444444
1267 3207 1361 3256 saltem
1380 3206 1524 3256 4444444444
1546 3203 1698 3267 requiritur
1721 3204 1764 3254 ed·

965 3279 1072 3328 44444444
1088 3276 1286 3338 celebrandam,
1303 3277 1319 3327 l.
1335 3281 1359 3340 6,
1376 3293 1401 3342 p.
1419 3279 1443 3338 2,
1458 3290 1485 3326 4.
1501 3277 1556 3325 363.
1581 3275 1658 3334 Quod
1682 3274 1704 3324 44
1728 3276 1756 3325 44

965 3349 1123 3398 necessitate
1151 3348 1303 3398 celebrandi
1334 3349 1414 3409 desit,
1438 3346 1537 3398 4444444
1564 3346 1587 3394 44
1618 3345 1757 3396 celebrans

963 3419 1071 3470 Missam
1086 3418 1114 3468 iu
1129 3417 1221 3468 charta
1236 3418 1398 3483 descriptam
1413 3423 1476 3468 anto
1491 3430 1519 3468 se
1537 3415 1636 3467 babeat
1653 3419 1702 3466 aut
1721 3429 1755 3467 ex

965 3491 1093 3540 memoria
1111 3490 1197 3549 dicat;
1216 3490 1353 3540 ordinarie
1376 3494 1469 3540 nutem
1487 3489 1527 3539 uti
1550 3486 1631 3536 debet
1654 3487 1755 3538 44444414

965 3561 1085 3624 proprio,
1104 3561 1155 3610 nisi
1172 3561 1208 3610 sit
1223 3561 1388 3624 peregrinus,
1404 3565 1466 3620 etc,
1480 3573 1496 3609 4
1511 3572 1537 3608 n.
1553 3559 1607 3608 363.

994 3639 1100 3688 llissale
1117 3640 1213 3701 gallico
1228 3639 1357 3690 idiomate
1374 3640 1544 3703 impressum,
1569 3641 1610 3688 est
1625 3637 1748 3701 probibi-

964 3712 1030 3759 tum.
1047 3726 1072 3760 u.
1088 3711 1141 3760 416.

993 3780 1109 3829 444444144
1125 3794 1179 3830 4444
1193 3779 1378 3830 debentiacile
1394 3779 1521 3830 adbiberi
1537 3779 1564 3830 iu
1582 3793 1648 3833 4444
1661 3779 1752 3844 prota-

962 3863 1020 3911 nos,
1035 3855 1083 3901 aut
1097 3852 1229 3914 sordidos,
1244 3853 1262 3901 l.
1276 3853 1301 3914 6,
1316 3865 1342 3916 p.
1361 3855 1382 3913 l,
1397 3867 1424 3901 u.
1435 3853 1489 3902 223.

1232 4001 1472 4053 ausuluululUS.

992 4123 1177 4174 llissionarius
1190 4122 1337 4172 Castrensis
1351 4123 1385 4172 ab
1401 4121 1532 4185 Episcopo
1547 4121 1689 4186 prateolus
1701 4123 1751 4173 ali·

961 4196 1004 4245 cui
1020 4194 1118 4258 legioni
1137 4206 1184 4257 pro
1198 4192 1422 4244 administrandis
1442 4193 1633 4254 sacramentis,
1649 4195 1689 4243 est
1703 4208 1752 4243 re·

960 4265 1011 4316 luti
1025 4263 1159 4315 Porcellus
1169 4264 1247 4314 istius
1261 4265 1390 4327 legionis3
1406 4267 1434 4314 44
1445 4265 1571 4326 quamvis
1586 4266 1622 4314 sit
1634 4263 1753 4328 Regula·

961 4339 1007 4396 ris,
1024 4335 1123 4398 poterit
1137 4335 1305 4398 probabilius
1320 4337 1478 4398 ubicunque
1493 4335 1688 4386 looommsuos
1701 4336 1750 4385 ab·

960 4406 1343 4468 441444444444444444444444
1366 4407 1557 4470 Epriscoporum
1580 4406 1751 4468 llioecerium,

961 4492 1008 4542 pur
1022 4491 1087 4540 quas
1102 4478 1207 4537 transit,
1223 4478 1314 4526 44444
1334 4478 1432 4540 quilius
1455 4476 1526 4540 legio
1549 4477 1750 4538 444444ιι4ς1444

961 4549 1137 4614 probabiliter
1153 4548 1214 4598 talis
1234 4549 1419 4598 blisslouarius
1433 4547 1515 4597 babet
1528 4547 1751 4598 iurisdictionem

960 4635 1007 4685 pro
1019 4625 1075 4671 toto
1085 4621 1216 4676 exercitu,
1235 4619 1252 4669 l.
1268 4621 1291 4679 6,
1307 4634 1332 4683 p.
1343 4621 1368 4678 2,
1378 4631 1406 4670 4.
1422 4621 1490 4670 1543.

991 4691 1176 4741 1144444444444
1193 4691 1339 4741 Castrensis
1351 4690 1526 4753 probabiliter
1541 4689 1658 4740 44441444
1672 4691 1751 4740 assis-

960 4763 993 4812 tit
1008 4759 1288 4810 ,11444444444444414444
1303 4758 1459 4810 Catlrolicie
1476 4760 1582 4824 legione
1596 4760 1749 4810 bcatholicu

960 4832 1098 4882 Cutbolico
1116 4831 1232 4880 Parocbo
1243 4831 1382 4884 destituti.
1394 4832 1445 4880 uisi
1461 4833 1544 4881 etiam
1555 4833 1629 4898 illius
1639 4825 1762 4881 beatbo-'

961 4903 1018 4952 14444
1035 4901 1148 4964 legionis
1162 4904 1303 4950 4444444444
1316 4903 1471 4963 castrensia,
1488 4902 1543 4964 46,
1560 4916 1585 4965 p.
1605 4907 1627 4965 l,
1651 4916 1679 4954 n.
1696 4905 1749 4952 142.

960 4972 1145 5022 Missiouarius
1162 4971 1296 5022 celebrare
1307 4976 1395 5034 potest
1411 4973 1437 5022 iu
1456 4975 1574 5036 portatili
1590 4974 1684 5036 tracto,
1702 4979 1751 5024 sut

959 5043 1033 5104 laeso,
1045 5043 1126 5090 444444
1142 5046 1250 5091 carente
1265 5041 1406 5105 italiquiis,
1423 5043 1503 5092 ruodo
1518 5043 1634 5094 Calicem
1650 5043 1750 5094 444444-

960 5114 1026 5162 tiam
1037 5127 1130 5176 capere
1146 5112 1238 5176 possit,
1254 5112 1270 5162 l.
1286 5115 1310 5166 6.
1321 5127 1345 5176 p.
1362 5117 1385 5174 2,
1401 5128 1427 5162 4.
1443 5117 1497 5164 362.
1514 5115 1679 5182 3144444444444
1697 5116 1749 5165 lio·

959 5183 1063 5245 garterus
1089 5183 1190 5232 babent
1213 5182 1398 5246 indulgentias
1422 5185 1529 5234 44441444
1559 5186 1587 5234 44
1608 5185 1751 5244 missione,

960 5266 1027 5315 qum
1050 5253 1162 5304 04414444
1180 5267 1274 5303 corum
1300 5254 1401 5304 babent
1420 5255 1448 5304 iu
1464 5255 1586 5319 partibus
1600 5255 1750 5306 Catholica-

959 5335 1028 5383 rum,
1047 5339 1074 5373 n.
1093 5325 1160 5372 1339.
1286 5327 1289 5336 ’

990 5393 1153 5443 ltlissionarii
1170 5395 1322 5444 Castreuscs
1337 5397 1457 5458 possunt,
1483 5395 1562 5446 sicuti
1583 5397 1692 5460 milites,
1708 5407 1750 5449 44·

959 5462 1058 5528 cipere,
1075 5469 1101 5515 et
1115 5464 1233 5516 retinere
1247 5465 1331 5530 spolia
1348 5466 1474 5532 hostium,
1491 5467 1507 5516 l.
1524 5467 1547 5530 3,
1563 5481 1588 5532 p.
1606 5471 1630 5528 1,
1652 5481 1678 5519 4.
1694 5469 1747 5522 834.
