3974 6348
284 542 323 602 88
951 534 1025 594 LlB.
1050 534 1101 595 vl.
1124 531 1225 594 PARS
1248 529 1300 594 lll.

285 725 390 808 lepras.
407 726 562 806 intelligit,
585 725 610 786 si
625 724 691 784 9991
706 721 804 802 possit
816 721 936 800 absque
951 719 1080 782 notabili

284 815 423 895 periculo
451 813 636 877 infectionis,
666 814 710 872 De
739 809 937 872 excusatione
966 826 984 869 a
1013 808 1082 868 red-

286 902 390 964 dendo
406 903 510 964 debito
526 903 566 964 ob
576 901 751 982 periculum
765 897 1021 984 morborum,vel
1036 897 1083 957 in-

286 991 440 1068 fectionis,
466 992 555 1070 plura
579 990 680 1051 videri
701 990 832 1069 possunt
858 986 943 1066 apud
967 986 1080 1047 Zacoh.

288 1077 342 1139 lib.
359 1082 389 1155 3,
407 1086 428 1139 t.
446 1081 475 1155 3,
491 1087 593 1160 qnoest.
610 1081 641 1139 6.

218 1180 259 1225 soa
325 1167 393 1245 §a
418 1168 450 1230 Si
475 1167 568 1228 nimis
591 1166 771 1246 frequenter
792 1166 917 1243 petatur
931 1163 1083 1239 debitum,

287 1255 397 1334 negari
413 1259 526 1334 potest,
543 1274 574 1317 v.
591 1273 623 1334 g.
640 1254 665 1314 si
685 1257 733 1315 ter
753 1272 815 1313 uua
836 1257 927 1314 nocta
942 1250 1085 1312 reddide-

287 1343 338 1418 rit,
355 1346 459 1420 potest
472 1347 584 1422 quarta
599 1343 666 1403 vice
682 1359 811 1420 negare,
828 1339 956 1419 liodriq.
973 1341 1083 1415 Laym.

288 1429 419 1507 Sperell.
436 1448 516 1490 num.
533 1431 604 1506 ala,
620 1428 708 1489 addit
719 1426 796 1488 Gob.
809 1445 890 1488 nem.
903 1429 972 1503 629,
985 1424 1085 1486 videri

287 1516 383 1577 etiam
406 1517 498 1578 nimis
519 1517 699 1596 frequenter
721 1514 796 1594 peti,
822 1514 846 1574 si
868 1513 999 1574 maritus
1024 1532 1086 1574 999

288 1609 454 1667 contentus
470 1608 623 1667 nocturna
632 1603 807 1665 redditione
822 1601 917 1663 etiam
930 1620 988 1680 per
1002 1601 1087 1662 diem

286 1693 418 1774 petendi
440 1693 699 1755 consuetudinem
722 1691 853 1764 habeat;
879 1691 965 1752 aliud
987 1696 1044 1767 est,
1061 1690 1087 1751 si

290 1783 479 1863 quandoque
493 1785 616 1844 tantum
631 1785 678 1843 ter
691 1785 822 1862 peteret.

219 1896 258 1941 999
330 1873 349 1950 ἓ
368 1874 398 1932 3.
423 1873 507 1933 Uxor
521 1871 622 1932 sciens
637 1889 674 1931 ex
692 1869 811 1949 judicio
826 1868 1018 1930 Medicorum
1041 1887 1085 1948 se,

289 1961 315 2022 si
331 1959 486 2038 concipiat
507 1966 538 2020 et
554 1959 666 2038 pariat,
679 1958 744 2020 lore
759 1958 885 2037 perhoc
900 1958 931 2018 in
946 1957 1087 2036 proximo

290 2046 429 2126 periculo
451 2046 534 2123 9199,
557 2046 661 2107 illicite
686 2045 770 2126 ejicit
786 2062 904 2122 semen,
931 2045 974 2106 uti
994 2045 1089 2106 babet

291 2134 479 2213 communis,
501 2139 627 2196 atcerte
637 2133 779 2214 Faguud.
796 2132 900 2214 itaque
915 2134 1088 2213 991919999-

291 2226 390 2301 cetur,
403 2224 453 2284 vel
464 2227 557 2303 neget
566 2223 718 2300 debitum,
731 2240 804 2283 nam
818 2223 991 2284 seeundum
1006 2223 1090 2285 diota

292 2331 373 2374 nam.
390 2315 458 2390 395,
475 2331 538 2374 non
552 2314 698 2374 tenentur
712 2310 844 2371 reddere
860 2329 931 2371 cum
945 2310 998 2372 tali
1010 2310 1089 2390 peri-

293 2400 375 2462 culo.

227 2513 267 2559 sss
334 2490 353 2568 ἓ
372 2493 402 2552 8.
426 2490 512 2550 Uxor
526 2506 588 2550 999
598 2491 709 2568 peceat
718 2488 979 2550 communicando
989 2487 1020 2549 in
1031 2507 1089 2549 usu

293 2575 485 2640 matrimonii
499 2576 629 2656 aliisque
649 2576 743 2638 rebus
764 2577 908 2638 omnibus
930 2595 999 2638 oum
1022 2577 1089 2638 viro

181 2699 191 2720 ·
294 2685 350 2729 suo
379 2665 671 2743 excommunicato,
701 2666 871 2728 dummodo
899 2665 932 2725 in
960 2664 1089 2726 crimine

294 2755 362 2833 ipso
377 2771 439 2815 non
461 2753 682 2831 communicet,
705 2755 780 2832 Gap.
808 2752 952 2828 Quoniam
972 2752 1087 2828 multos,

296 2846 346 2920 ll,
363 2848 466 2923 qnoest.
482 2841 519 2914 3;
546 2840 687 2902 similiter
705 2842 754 2903 vir
767 2858 839 2902 cum
858 2860 954 2902 uxore
969 2857 1091 2902 exeom-

296 2930 467 2992 municata.
493 2929 584 3002 Quod
598 2930 691 3006 valet,
715 2929 837 2991 etiamsi
851 2933 973 2991 tantum
987 2932 1091 2990 ratum

296 3020 338 3082 sit
360 3018 605 3094 Matrimonium,
632 3022 664 3080 91
684 3018 828 3098 quamvis
851 3023 982 3098 uterque
1010 3019 1092 3077 esset

298 3106 596 3170 excommunicatae.
615 3109 808 3187 Possuntque
823 3106 877 3167 illa
889 3106 1031 3185 pluribus
1045 3105 1091 3166 vi-

297 3194 367 3256 deri
391 3193 526 3255 deducta
547 3195 631 3273 apud
656 3194 770 3256 Sanob.
798 3193 848 3256 lit.
865 3198 895 3270 9,
919 3193 950 3256 d.
973 3197 1020 3271 ll,
1037 3193 1091 3254 ubi

298 3286 390 3365 plura
403 3283 500 3344 babet
522 3282 607 3344 cirea
628 3283 779 3364 conjuges
793 3283 1087 3345 excommunicatos.

338 3373 357 3452 5
377 3375 407 3434 9.
437 3370 650 3432 Confessarius
672 3371 765 3433 debet
787 3389 915 3432 monere
938 3371 1092 3450 preniten-

298 3466 374 3536 tem,
399 3458 425 3520 si
448 3457 592 3521 advertat
615 3477 687 3519 eum
711 3477 827 3538 negare
842 3459 1001 3531 debitum3
1024 3462 1091 3519 tum

299 3551 406 3610 autom
429 3549 476 3606 est
498 3563 594 3607 causa
616 3545 648 3606 id
671 3547 861 3626 suspicandi,
877 3547 902 3608 si
917 3548 980 3608 sint
993 3547 1092 3607 eonti-

300 3654 370 3698 nuae
394 3635 468 3696 91119
492 3635 574 3697 19999
597 3634 700 3714 ipsas;
730 3637 804 3699 binc
827 3637 964 3700 suaviter
987 3636 1091 3715 rogari

299 3729 403 3806 potest
422 3741 463 3784 99
485 3724 580 3784 etiam
603 3726 710 3786 omnia
722 3730 849 3804 praestet
869 3726 910 3787 ad
931 3743 1000 3806 quae
1016 3725 1091 3786 obli-

298 3817 393 3894 gatur
422 3811 548 3892 conjugi
572 3830 628 3874 suo
656 3814 705 3875 vel
729 3832 804 3875 suae.
834 3817 878 3876 De
903 3813 1091 3894 obligatione

299 3899 452 3962 reddendi
474 3899 505 3960 in
527 3898 628 3977 primo
656 3899 796 3962 bimestri
827 3900 948 3962 dicetur
967 3920 987 3962 a
1008 3919 1089 3963 narn.

299 3993 369 4052 119.
396 3987 445 4049 lld
469 3986 544 4067 quid
568 3992 713 4049 teneatur
735 4006 824 4057 uxor,
849 3987 875 4049 si
898 3989 947 4050 vir
964 3992 1092 4068 propter

299 4073 521 4140 arctitudinem
544 4077 707 4138 99919999
730 4081 836 4157 posset
858 4077 974 4139 habere
998 4096 1091 4158 oopu-

298 4167 374 4243 lam,
391 4165 514 4227 dicetur
525 4183 607 4226 num.
624 4167 693 4227 798.

233 4267 274 4314 999
342 4253 450 4329 Qnoest.
466 4257 515 4316 60.
532 4287 573 4299 -
587 4253 718 4329 Qnidod
735 4255 813 4317 bone
830 4275 927 4318 99999
941 4255 1092 4318 99911999-

299 4343 394 4406 dnm?
407 4342 498 4405 Caius
512 4341 781 4421 viduusprooatur
795 4344 966 4422 Claudiam,
980 4365 1049 4426 quaa
1060 4347 1092 4406 in

299 4431 533 4496 Matrimonium
543 4432 718 4493 consentire
729 4434 837 4512 noluit,
850 4434 907 4496 nisi
920 4435 1009 4497 Gaius
1019 4455 1092 4516 pro-

300 4519 496 4602 promitteret
505 4518 533 4579 91
544 4519 628 4580 mille
638 4519 816 4599 imperiales
826 4523 867 4584 ad
878 4523 1092 4605 liberam'ejus

300 4607 535 4687 dispositionem
545 4605 576 4666 iu
586 4612 773 4686 perpetuum
787 4610 918 4672 dandos.
936 4612 1023 4673 Facit
1032 4611 1092 4674 hoc

300 4696 403 4773 Gaius,
428 4695 536 4756 sedin
559 4695 758 4758 Matrimonia
783 4698 902 4760 1999919
930 4697 1092 4760 Claudiam

300 4785 404 4846 minus
418 4783 555 4845 habilem
569 4783 609 4844 ad
624 4785 779 4863 copulam,
803 4787 846 4848 ita
862 4791 895 4850 99
908 4792 1013 4848 actum
1027 4805 1092 4848 ma·

300 4873 498 4937 trimonalem
521 4872 634 4951 sapius
658 4893 875 4937 consummare
896 4895 958 4937 non
974 4877 1090 4956 possit:

301 4966 419 5024 etcum
440 4965 657 5022 asseveranter
671 4963 801 5025 dicatae
817 4983 853 5024 99
872 4964 973 5026 solum
988 4964 1091 5025 animo

301 5050 446 5112 eamdem
469 5048 594 5110 duxisse
617 5049 676 5111 sub
699 5054 785 5112 tanto
800 5053 899 5132 pretio
919 5057 952 5114 ut
965 5052 1092 5133 reliquis

300 5137 372 5200 vitae
387 5135 498 5198 diebus
508 5139 648 5198 uteretur
656 5136 748 5198 licitis
758 5138 1015 5202 delectationibus
1030 5142 1092 5202 Ma-

300 5224 450 5302 trimonii,
464 5224 589 5299 (luerit.
602 5243 643 5286 an
653 5228 797 5288 teneatur
805 5231 903 5290 totam
914 5228 999 5289 illam
1008 5245 1094 5289 sum-

301 5332 387 5374 mam
410 5314 486 5375 dare
509 5314 668 5376 Claudiae?
689 5315 775 5396 llesp.
802 5316 834 5379 si
854 5317 983 5379 Claudia
996 5317 1095 5396 possit

302 5401 419 5462 servire
429 5401 597 5464 moderatis
608 5403 715 5465 usibus
733 5403 881 5484 conjugii,
897 5406 940 5467 ita
955 5409 989 5467 ut
1002 5404 1094 5467 Gaius

303 5507 365 5552 999
380 5490 450 5553 ideo
474 5492 584 5554 subeat
597 5492 771 5574 periculum
785 5493 1028 5573 incontinentiae,
1044 5495 1093 5558 vel

1136 717 1274 797 patiatur
1306 735 1419 796 graves
1451 717 1659 794 tentationes,
1691 714 1787 780 Gaius
1814 721 1919 779 9999199

1136 810 1287 885 praestare
1318 805 1402 886 quod
1432 806 1586 885 promisit,
1616 806 1692 887 quia
1715 805 1846 868 Claudia
1869 824 1920 867 non

1136 899 1282 957 censetur
1305 913 1337 955 se
1362 895 1517 975 obligasse
1539 895 1598 956 nisi
1622 895 1663 956 od
1688 894 1778 974 quod
1792 898 1920 957 tenentm

1137 983 1300 1064 conjuges,
1326 983 1441 1064 conjux
1455 987 1560 1044 autem
1577 1001 1639 1044 non
1663 987 1793 1045 tenetur
1806 983 1921 1046 reddere

1139 1071 1279 1133 debitum
1294 1070 1419 1152 conjugi
1431 1070 1637 1132 immoderate
1649 1071 1784 1150 petenti,
1801 1071 1844 1132 uti
1853 1091 1919 1131 nnn.

1138 1164 1208 1238 396,
1225 1161 1342 1222 dictum
1357 1166 1415 1222 est.
1431 1161 1587 1237 Econtra,
1604 1160 1629 1220 si
1641 1160 1775 1222 Claudia
1790 1177 1849 1221 non
1862 1178 1922 1238 pos·

1139 1247 1179 1308 sit
1201 1247 1229 1308 ei
1252 1250 1402 1325 praestare
1429 1247 1498 1309 illas
1521 1246 1747 1309 delectationes
1779 1247 1875 1308 licitas
1897 1251 1923 1306 et

1140 1335 1335 1412 moderatas,
1373 1335 1498 1396 videtur
1529 1335 1691 1413 probabile
1725 1333 1813 1415 quod
1845 1333 1922 1396 99199

1140 1425 1238 1504 possit
1251 1424 1397 1499 9999999,
1415 1427 1446 1486 99
1459 1424 1590 1486 Claudia
1602 1427 1767 1486 teneretur
1781 1423 1922 1484 remittere

1141 1516 1263 1592 partem
1287 1512 1447 1592 promissae
1476 1531 1618 1574 summa.
1648 1513 1742 1574 Ratio
1766 1515 1781 1574 l
1804 1531 1922 1591 999999-

1142 1605 1201 1662 9999
1224 1601 1298 1681 quia
1320 1620 1434 1682 corpus
1457 1601 1594 1664 Claudiae
1612 1602 1664 1664 bio
1686 1602 1786 1664 habet
1806 1619 1838 1662 se
1852 1600 1923 1660 velut

1141 1708 1229 1750 mern
1243 1690 1362 1752 babens
1372 1691 1482 1753 vitium
1493 1692 1661 1768 occultum,
1674 1709 1752 1771 ergo
1763 1690 1922 1752 91999999-

1142 1777 1218 1838 dous
1233 1778 1328 1840 talem
1342 1797 1479 1840 mercem
1497 1784 1607 1858 postea
1619 1783 1747 1842 tenetur
1761 1778 1920 1850 restituere,

1142 1867 1250 1945 quanti
1264 1867 1447 1928 aestimabile
1458 1870 1527 1928 orat
1536 1867 1596 1929 hoc
1610 1867 1733 1945 vitium,
1751 1868 1797 1930 ita
1811 1865 1923 1929 Claudia

1142 1953 1299 2016 tenebitur
1307 1954 1477 2031 remittere,
1490 1955 1599 2035 quanti
1610 1955 1732 2037 judicio
1748 1953 1923 2033 prudentum

1142 2041 1332 2102 aestimabilis
1354 2048 1401 2103 est
1423 2042 1475 2103 illa
1496 2042 1697 2122 inadaequata
1717 2041 1858 2103 carentia
1875 2039 1923 2100 illi·

1143 2130 1211 2190 citae
1226 2129 1449 2192 delectationis.
1476 2133 1505 2191 9.
1527 2129 1619 2192 Galla
1639 2129 1715 2192 dicit
1735 2149 1771 2190 99
1786 2147 1823 2190 99
1837 2128 1922 2189 99199

1143 2217 1247 2279 animo
1269 2218 1393 2279 duxisse
1414 2218 1575 2279 Claudiam
1598 2219 1657 2280 sub
1671 2223 1761 2281 tanto
1777 2217 1883 2297 pretio,
1896 2218 1924 2276 ut

1143 2306 1233 2368 licitis
1265 2307 1524 2370 delectationibus
1556 2307 1748 2371 Matrimonii
1787 2310 1920 2378 99999999,

1144 2396 1269 2475 quando
1291 2399 1396 2457 autem
1417 2395 1550 2476 qualitas
1573 2395 1718 2476 ignorata
1743 2391 1922 2475 (119999991-

1144 2482 1277 2544 dentalis
1291 2483 1340 2562 sit)
1362 2483 1421 2544 fuit
1440 2487 1507 2546 tota
1520 2482 1599 2545 ratio
1622 2490 1653 2545 et
1665 2483 1749 2560 finis,
1767 2489 1799 2544 et
1813 2482 1923 2543 unicum

1144 2572 1296 2632 motivum
1324 2571 1504 2632 celebrandi
1531 2575 1748 2648 contractum,
1785 2571 1838 2632 illa
1862 2569 1923 2630 dali-
1969 2649 1970 2652 Ἴ

1144 2660 1245 2721 919999
1269 2677 1437 2721 consensus
1470 2665 1516 2722 est
1545 2660 1672 2722 omnino
1696 2659 1921 2736 involuntarius,

1144 2748 1277 2828 ideoque
1292 2748 1405 2825 nullus,
1422 2748 1466 2809 uti
1489 2767 1633 2827 expresse
1660 2748 1775 2810 Onnntr
1795 2748 1921 2809 decontr.

1145 2834 1174 2899 d.
1191 2838 1221 2914 3,
1238 2855 1318 2896 9999.
1336 2838 1412 2910 131;
1438 2836 1528 2898 sicuti
1547 2836 1573 2896 si
1588 2854 1646 2917 ego
1662 2837 1817 2899 Sacerdos
1831 2835 1922 2898 volens

1144 2944 1195 2986 me
1209 2926 1334 2994 vestire,
1347 2926 1460 2986 absens
1471 2925 1600 2987 emerim
1617 2944 1759 3006 pannum
1776 2944 1866 3008 quem
1878 2943 1921 3003 pu·

1145 3015 1251 3076 tubam
1265 3014 1401 3094 nigrum,
1418 3019 1599 3076 eratautem
1610 3015 1711 3092 albus,
1731 3014 1870 3096 quamvis
1884 3011 1921 3072 ni·

1145 3104 1242 3184 gredo
1263 3105 1304 3164 sit
1326 3103 1459 3184 qualitas
1481 3103 1572 3165 valde
1596 3104 1801 3166 accidentalis
1822 3119 1919 3183 pauno,

1146 3197 1250 3254 tamen
1265 3192 1380 3272 emptio
1395 3193 1547 3270 estnulla,
1567 3193 1642 3272 quia
1658 3193 1853 3256 daficittotus
1864 3189 1921 3252 linis

1146 3285 1177 3342 et
1190 3281 1316 3342 unicum
1326 3281 1478 3344 motivum
1487 3300 1566 3343 mea
1580 3281 1758 3361 emptionis.
1775 3284 1864 3361 Ergo.
1873 3282 1920 3340 Pro

1146 3369 1288 3448 opposita
1308 3373 1398 3448 parte
1419 3376 1467 3432 est
1487 3371 1572 3451 quod
1586 3370 1690 3451 major
1703 3371 1753 3432 vel
1767 3371 1865 3432 minor
1876 3368 1921 3430 ba·

1145 3458 1249 3519 bilitas
1263 3457 1401 3536 corporis
1415 3457 1448 3518 19
1462 3457 1591 3520 Claudia
1604 3476 1667 3520 uon
1681 3458 1805 3519 venerit
1817 3457 1848 3518 in
1860 3473 1920 3517 con·

1145 3551 1290 3624 tractum,
1307 3565 1408 3627 neque
1423 3547 1463 3608 ad
1477 3547 1564 3607 illam
1577 3546 1731 3627 majorem
1746 3545 1919 3609 habilitatem

1146 3654 1332 3697 consensum
1356 3654 1447 3696 suum
1471 3634 1666 3697 restrinxerit
1678 3636 1770 3698 Gaius
1790 3631 1920 3715 (alioquin

1146 3723 1248 3802 ipsum
1269 3723 1501 3786 Matrimonium
1517 3726 1599 3784 esset
1611 3723 1798 3803 invalidum]
1812 3739 1879 3802 ergo
1890 3719 1920 3780 si·

1145 3812 1209 3873 outi
1230 3813 1371 3875 absoluto
1393 3812 1552 3875 consensit
1572 3813 1605 3872 in
1628 3813 1866 3887 Matrimonium,
1886 3809 1920 3870 ita

1146 3903 1240 3964 etiam
1254 3902 1286 3963 in
1302 3902 1502 3964 donationem
1512 3901 1594 3964 illius
1608 3920 1739 3965 summae
1753 3923 1759 3964 :
1775 3901 1833 3965 Nee
1844 3898 1920 3960 obstat

1146 3992 1231 4071 quod
1256 4009 1319 4053 999
1342 3991 1549 4053 consensisset
1571 3992 1598 4052 si
1620 3992 1763 4054 scivisset
1783 3992 1919 4053 delectam

1146 4080 1285 4158 corporis
1299 4080 1330 4140 in
1346 4080 1517 4157 Claudiam,
1540 4099 1609 4141 nom
1629 4080 1691 4141 boc
1711 4099 1774 4142 non
1797 4077 1918 4140 obsone

1146 4168 1302 4230 consensit
1315 4167 1563 4241 nuncabsolute;
1581 4173 1669 4230 aetus
1679 4173 1786 4230 autem
1795 4159 1918 4242 aliusqui

1145 4259 1267 4320 iuturus
1297 4257 1406 4318 luisset
1438 4257 1463 4317 si
1487 4257 1644 4319 delectum
1674 4257 1762 4318 illum
1786 4253 1916 4324 scivisset,

1146 4366 1208 4409 nou
1233 4347 1335 4408 obstat
1364 4345 1461 4406 valeri
1486 4349 1665 4407 contractus
1692 4363 1777 4407 nunc
1799 4342 1917 4406 obsolute

1146 4435 1224 4498 initi.
1242 4435 1331 4496 Unde
1349 4433 1387 4495 ad
1406 4437 1420 4495 l
1437 4434 1591 4496 rationem
1609 4434 1641 4495 in
1659 4435 1834 4513 oppositum
1847 4431 1916 4509 nep.

1145 4523 1296 4605 Majorem
1311 4522 1504 4584 habilitatem
1519 4523 1659 4603 corporis
1673 4541 1736 4584 non
1751 4523 1840 4584 luisse
1852 4534 1918 4580 mer·

1146 4631 1226 4689 cem,
1249 4629 1319 4671 cum
1335 4611 1366 4670 in
1381 4615 1576 4672 contractum
1592 4629 1654 4672 non
1669 4612 1801 4688 venerit,
1823 4624 1874 4669 nec
1886 4603 1917 4664 da

1146 4700 1199 4761 illa
1212 4699 1328 4760 mentio
1343 4698 1383 4760 sit
1396 4699 1489 4777 facta,
1506 4699 1559 4760 sed
1575 4717 1664 4760 merx
1679 4703 1749 4762 erat
1762 4715 1866 4778 corpus
1877 4710 1916 4754 se-

1147 4787 1285 4849 cundum
1294 4805 1327 4848 se
1342 4786 1480 4849 habilem
1490 4788 1530 4849 ad
1539 4787 1680 4849 validum
1694 4784 1915 4850 Matrimonium.

1146 4877 1204 4940 Ad.
1227 4882 1245 4938 9
1269 4893 1355 4936 num.
1379 4878 1480 4937 totum
1501 4877 1596 4937 tinem
1617 4876 1667 4938 val
1691 4875 1837 4938 motivum
1856 4865 1917 4930 dei·

1147 4981 1229 5041 cere,
1246 4963 1320 5044 quia
1333 4963 1515 5042 simpliciter
1528 4969 1631 5042 potest
1645 4977 1854 5025 consummare
1865 4955 1917 5018 aa·

1146 5051 1338 5128 trimonium,
1365 5056 1396 5111 et
1410 5051 1476 5112 haec
1491 5053 1559 5111 erat
1572 5051 1748 5113 substantia
1759 5049 1835 5125 finis,
1849 5037 1916 5125 quod

1147 5147 1251 5202 autem
1266 5158 1328 5200 non
1344 5139 1443 5219 possit
1455 5143 1520 5201 tam
1535 5156 1629 5218 sape,
1652 5157 1710 5219 per
1723 5137 1857 5202 accidens
1869 5131 1914 5202 est,

1148 5229 1222 5310 quia
1236 5228 1428 5308 frequentior
1438 5247 1513 5290 usus
1523 5246 1586 5289 non
1595 5227 1723 5289 venitin
1734 5225 1912 5288 contractum·

1147 5321 1221 5379 Haec
1244 5318 1275 5377 in
1300 5321 1464 5396 utramque
1486 5320 1608 5395 partem
1625 5317 1832 5377 occurrerunt.
1846 5309 1914 5370 199·

1148 5423 1220 5465 men
1235 5408 1310 5483 puto
1335 5403 1386 5464 hic
1408 5403 1523 5464 debere
1545 5402 1694 5481 distingui
1710 5399 1912 5463 (1999999999Ι

1148 5497 1198 5558 999
1215 5513 1222 5554 :
1249 5493 1368 5573 primus
1391 5498 1439 5556 est
1456 5491 1657 5561 Matrimonii,
1679 5491 1718 5552 de
1733 5489 1817 5572 cujus
1829 5482 1913 5548 valore
