3974 6348
298 541 356 603 106
953 543 1028 608 ont.
1051 544 1103 606 Vl.
1126 542 1240 608 PARS.
1259 544 1312 608 111.

298 725 394 790 babet
415 727 671 792 communissima
694 747 767 792 666
788 731 899 794 Avens.
920 751 945 793 a.
969 735 1000 809 6,
1016 730 1092 813 quie
1145 749 1208 794 non
1223 731 1389 811 cogitando
1404 750 1445 794 an
1459 731 1617 794 condonet
1630 731 1680 796 vel
1694 732 1929 814 6666611666-

297 816 455 879 sententia
475 817 540 880 lata
562 823 611 882 est
633 818 663 880 in
687 819 828 880 favorem
850 818 1043 898 innocentis,
1064 827 1092 882 et
1145 819 1262 896 rande,
1285 820 1370 901 quod
1392 821 1467 882 talia
1485 818 1576 900 signa
1596 819 1756 884 sufficiant
1769 820 1813 882 ad
1826 821 1930 884 condo-

298 902 379 988 qaod
399 903 435 966 66
452 907 582 989 qratiam
600 907 729 990 aliurjru
741 906 918 976 conceditur,
934 927 993 969 666
1006 917 1046 971 eat
1059 908 1091 968 in
1144 909 1322 986 nationem,
1360 909 1461 972 Auens.
1499 909 1691 989 probabilius
1728 909 1809 976 dicit
1834 913 1931 972 contra

298 989 362 1071 616
382 992 566 1075 desperatum
586 996 826 1078 retorquendum,
848 999 923 1075 fleg.
946 1000 981 1058 61
1006 996 1090 1060 Juris
1143 995 1251 1058 Senot.
1273 996 1305 1058 in
1324 997 1515 1060 conscientia
1535 1015 1598 1060 non
1619 996 1719 1058 teneri
1741 1001 1930 1078 666166666-

298 1078 331 1140 in
352 1082 382 1142 6.
407 1085 608 1164 'teneturque
631 1102 748 1147 nocens
775 1089 940 1165 separatus
967 1085 1090 1164 privata
1144 1086 1281 1160 donare3
1303 1086 1378 1167 quia
1397 1086 1523 1148 videtur
1535 1086 1654 1166 requiri
1668 1105 1821 1167 expressa
1834 1088 1929 1150 volun·

298 1171 486 1234 auctoritate
500 1172 685 1252 innocentis,
702 1174 815 1252 redire,
831 1174 857 1236 si
871 1179 1036 1236 revocetur
1049 1175 1089 1236 ab
1143 1175 1190 1234 166
1204 1171 1336 1234 6666661
1356 1172 1415 1234 boc
1434 1191 1491 1235 sno
1507 1172 1640 1234 multum
1660 1172 1840 1234 aestimabili
1855 1173 1928 1254 jure.

297 1255 485 1338 innocente,
506 1263 594 1326 etde
613 1262 739 1325 11666116
760 1263 827 1343 ejus
841 1281 903 1324 non
918 1263 1090 1326 immutarit
1182 1259 1262 1337 §aa
1285 1259 1432 1332 Quamvis
1452 1259 1583 1322 crimina
1602 1259 1778 1340 conjugum
1793 1261 1929 1341 utrinque
1958 1265 1978 1312 u

298 1347 429 1422 statum;
445 1348 509 1411 imo
524 1350 734 1430 quamvisper
747 1351 933 1413 sententiam
948 1350 988 1412 sit
1001 1370 1088 1432 sepa·
1142 1365 1204 1408 non
1220 1347 1282 1410 sint
1295 1348 1421 1411 omnino
1436 1349 1579 1429 aqualia,
1596 1348 1671 1430 quia
1685 1367 1716 1410 v.
1727 1367 1762 1428 g.
1780 1367 1877 1410 6666
1890 1355 1930 1413 eat

298 1439 402 1512 ratus,
424 1453 486 1497 non
507 1442 610 1517 potest
622 1439 789 1500 immutare
803 1444 919 1500 statum
933 1439 1000 1499 sinc
1015 1457 1089 1500 con·
1143 1436 1319 1514 occultum,
1344 1437 1477 1500 alterum
1504 1436 1689 1516 publicum
1720 1455 1824 1500 unum
1850 1438 1930 1498 udul-

298 1539 390 1584 sensu
413 1524 524 1585 saltem
544 1525 639 1588 tacito
661 1526 845 1603 innocentis,
861 1525 936 1606 quia
949 1525 1001 1586 bic
1015 1524 1089 1586 reti-
1142 1523 1271 1600 terium,
1292 1525 1425 1588 alterum
1444 1526 1596 1602 incestus,
1612 1526 1662 1588 vel
1676 1525 1825 1588 sodomia
1840 1545 1848 1588 :
1864 1526 1930 1590 itero

297 1615 352 1672 net
361 1610 415 1691 jus
429 1631 502 1674 eum
516 1615 696 1692 revocandi,
716 1613 742 1675 si
761 1615 858 1676 velit:
883 1632 957 1692 ergo
973 1631 1089 1674 nocens
1143 1613 1286 1691 quamvis
1314 1631 1394 1676 unus
1421 1614 1517 1678 semel
1547 1617 1694 1692 166166,
1724 1615 1809 1678 61166
1836 1615 1929 1678 666166

297 1702 423 1761 tenetur
442 1701 562 1779 redire,
585 1704 618 1764 S.
638 1702 697 1764 nh.
720 1704 753 1764 S.
775 1704 892 1764 Bonan.
917 1703 949 1764 S.
971 1705 1086 1764 Anton.
1142 1700 1334 1764 commiserit
1354 1702 1560 1779 adulterium,
1576 1701 1784 1768 nibilominus
1798 1703 1929 1768 baneri-

298 1786 375 1849 Silv.
401 1790 512 1869 angel.
539 1791 654 1852 Sancb.
680 1792 769 1852 Pout.
795 1792 904 1853 Avens.
926 1809 950 1851 6.
971 1793 990 1852 6
1010 1798 1038 1851 et
1056 1793 1086 1866 8,
1142 1787 1228 1850 mina
1242 1795 1499 1869 compensantse,
1512 1809 1570 1854 666
1583 1791 1776 1855 daturlocue
1791 1791 1927 1868 divortio,

297 1873 406 1937 Mastr.
423 1895 454 1938 6.
472 1879 545 1955 135,
565 1878 664 1940 11616.
681 1898 710 1940 6.
728 1881 815 1941 1580.
833 1877 865 1940 Si
880 1882 984 1940 tamen
999 1878 1089 1939 inno-
1143 1875 1187 1936 611
1202 1875 1358 1956 colligitur
1371 1896 1409 1940 ex
1423 1881 1497 1959 Cap.
1510 1878 1576 1940 Tua
1588 1879 1766 1958 fraternitas
1775 1881 1821 1942 De
1834 1879 1926 1941 adult.

297 1979 372 2024 6666
395 1982 453 2042 666
473 1966 659 2029 sententiam
678 1972 840 2046 separatus
860 1971 909 2028 ter
928 1984 1089 2028 666666-
1143 1962 1268 2044 conjug.
1294 1965 1469 2047 docentque
1492 1967 1526 2032 S.
1550 1967 1577 2030 T
1576 1966 1605 2028 t.
1627 1965 1660 2029 S.
1681 1965 1801 2030 Bonae.
1823 1965 1925 2030 naua

297 2069 377 2130 gruo
393 2051 557 2116 intervallo
573 2056 731 2134 temporis,
744 2061 799 2118 661
811 2057 922 2118 661166
935 2056 1089 2137 perbien-
1144 2051 1236 2116 Gadr.
1257 2054 1366 2118 66666.
1390 2060 1422 2119 61
1441 2056 1493 2118 6111
1512 2074 1584 2118 curn
1605 2059 1716 2119 Avens.
1731 2077 1756 2120 6.
1773 2060 1813 2133 1,
1829 2061 1929 2119 666166

298 2137 386 2202 nium
419 2147 571 2222 rogatus,
602 2150 714 2207 renuat
748 2144 888 2225 recipere
924 2147 1088 2206 nocentem
1141 2141 1285 2206 Hostium.
1301 2143 1444 2208 Joannern
1457 2144 1552 2208 Andr.
1570 2145 1761 2210 6161166111
1775 2144 1926 2208 universa·

297 2230 519 2309 emendatum,
550 2232 601 2294 hic
627 2233 743 2311 poterit
769 2233 886 2314 absque
909 2233 991 2295 illius
1014 2251 1088 2294 eon·
1142 2231 1231 2308 11166,
1257 2237 1292 2296 61
1315 2234 1447 2296 crimina
1467 2254 1500 2298 se
1528 2237 1734 2314 compensent
1763 2232 1925 2314 requiritur

298 2333 391 2379 66666
414 2318 446 2380 16
468 2321 628 2400 Religione
649 2321 803 2401 profiteri,
826 2323 901 2402 Cap.
924 2321 1089 2386 Gaudemra
1142 2319 1311 2397 6166111611,
1336 2323 1421 2402 quod
1441 2325 1609 2402 utrumque
1630 2321 1670 2384 de
1689 2339 1723 2384 se
1743 2320 1800 2384 det
1817 2321 1926 2401 justam

298 2423 404 2486 supra,
420 2409 570 2472 Authent.
586 2408 645 2472 Sed
658 2409 752 2472 16616.
770 2411 844 2474 Cod.
861 2411 900 2472 de
915 2411 1012 2472 adult.
1142 2425 1269 2469 causam
1288 2409 1424 2488 divortii,
1446 2415 1521 2474 tuno
1540 2411 1625 2474 6616
1646 2415 1818 2472 censentur
1834 2409 1925 2489 paria,

232 2513 272 2560 res
337 2496 418 2576 613.
445 2497 559 2558 Sencb.
586 2498 607 2559 t.
632 2501 680 2574 10,
701 2497 731 2560 d.
755 2501 805 2575 11,
826 2519 856 2560 6.
879 2505 909 2575 1,
933 2497 1087 2576 6666161
1141 2494 1174 2556 16
1197 2501 1260 2571 661,
1284 2498 1402 2577 pariter
1423 2518 1480 2579 666
1502 2517 1536 2562 se
1558 2496 1746 2562 sufficientia
1767 2497 1811 2562 ad
1833 2497 1926 2561 divor·

296 2582 447 2646 innocens
470 2585 593 2646 interne
614 2589 737 2648 tantum
758 2586 1085 2664 condonetdeliotum,
1140 2584 1485 2660 1166,166616.6.131.

297 2689 465 2751 66666666
483 2673 638 2752 66616616
657 2674 848 2738 conscientie
867 2676 1021 2737 intentare
1039 2674 1087 2735 di·
1182 2673 1274 2755 otjte.
1295 2677 1340 2736 llx
1354 2675 1459 2752 616116,
1476 2675 1666 2738 adulterium
1680 2678 1713 2738 et
1725 2674 1925 2738 6666616661-

296 2762 450 2837 vortium3
479 2762 535 2824 sed
554 2762 664 2824 melius
684 2763 869 2828 contradicit
885 2768 997 2827 Avers.
1013 2783 1037 2826 s.
1053 2769 1084 2840 7,
1139 2762 1249 2825 1161661
1262 2763 1302 2824 66
1317 2763 1541 2840 616661166,61
1554 2767 1659 2826 16666
1674 2763 1701 2826 si
1715 2764 1926 2826 uxorlabatar

297 2849 371 2930 quia
393 2849 425 2910 16
448 2851 636 2912 666666616
664 2850 801 2913 humano
829 2852 952 2916 interne
979 2851 1085 2914 volitio
1140 2852 1173 2913 16
1195 2851 1401 2930 adulterium,
1422 2853 1471 2914 vir
1488 2851 1521 2914 in
1540 2853 1702 2929 haeresim,
1719 2852 1788 2915 baec
1803 2851 1926 2915 mimine

296 2955 360 2999 non
374 2937 510 3018 obligat,
531 2939 557 2999 61
576 2939 660 3001 66116
675 2937 765 3019 signo
778 2940 1005 3018 manifestetur,
1021 2941 1085 3003 imo
1140 2955 1203 3000 non
1218 2943 1422 3017 compensant
1435 2957 1480 3015 se,
1497 2939 1553 3001 sed
1566 2957 1646 3002 uxor
1659 2943 1763 3018 potest
1777 2939 1925 3002 61666166

296 3028 439 3109 quamvis
458 3027 607 3090 innocens
629 3032 756 3090 externe
770 3029 964 3106 manifestet,
985 3029 1010 3091 si
1030 3047 1087 3090 no·
1140 3023 1252 3087 aviro.
1269 3027 1362 3104 Resp.
1384 3025 1489 3107 Aliqui
1503 3043 1576 3088 666
1589 3026 1690 3090 Krim.
1707 3046 1739 3087 6.
1756 3028 1847 3105 1663,
1863 3041 1925 3105 666

296 3132 370 3178 6666
394 3132 456 3176 666
479 3119 637 3195 66666161,
662 3114 718 3176 666
739 3120 876 3193 6666661,
893 3116 1085 3196 probabilius
1139 3113 1285 3176 habiliter
1308 3113 1426 3191 dicunt,
1449 3131 1521 3178 cum
1543 3113 1676 3177 cumina
1695 3114 1752 3178 illa
1765 3115 1828 3178 sint
1841 3115 1924 3194 planu

296 3205 344 3264 661
361 3207 471 3264 666166
492 3204 638 3265 eumdem
657 3202 766 3266 86661.
782 3205 980 3267 1666666166
994 3223 1085 3285 66666
1140 3203 1314 3282 disparata,
1340 3205 1371 3264 et
1391 3201 1519 3264 baresis
1542 3203 1660 3266 6166616
1683 3221 1748 3266 666
1766 3203 1808 3266 611
1825 3205 1924 3265 666166

296 3290 559 3354 6666666116666
586 3309 675 3354 6666
702 3311 875 3366 revocare;
904 3294 974 3355 16116
1002 3294 1085 3354 6616
1139 3291 1235 3352 fidem
1255 3291 1463 3368 Matrimonii,
1485 3291 1570 3373 quod
1592 3291 1676 3353 nullo
1691 3292 1923 3354 modoserens

294 3379 397 3460 gratie
417 3379 499 3441 inter
519 3380 662 3442 homines
677 3386 822 3444 censetur
834 3381 976 3462 indigere
989 3382 1086 3446 tacita
1139 3382 1281 3460 pensent,
1302 3377 1358 3440 sed
1372 3377 1485 3459 singuli
1503 3378 1624 3458 possint
1637 3382 1746 3457 petere
1760 3376 1925 3459 separatio-

295 3468 406 3530 saltem
420 3468 644 3547 acceptatione.
1140 3487 1228 3545 nem,
1250 3469 1364 3530 Sancb.
1386 3470 1475 3529 Pont.
1497 3471 1607 3530 Avens.
1621 3487 1647 3530 s.
1662 3471 1694 3544 9,
1711 3466 1924 3548 6116666666-

228 3577 270 3624 66
336 3559 417 3636 §fb
443 3556 476 3620 Si
499 3574 615 3618 nocens
635 3556 779 3618 conscius
799 3556 920 3636 delicti,
943 3562 1085 3623 6616661
1138 3555 1243 3618 biliter
1256 3555 1364 3618 dicunt
1377 3555 1522 3618 heresim
1537 3573 1575 3618 ex
1585 3555 1789 3635 dispositione
1802 3554 1924 3636 66661611

295 3651 366 3727 post
388 3645 576 3707 sententiam
596 3644 719 3707 divortii
742 3649 842 3725 66161,
859 3651 914 3709 661
927 3648 1015 3710 alteri
1030 3668 1086 3729 pe-
1139 3646 1223 3709 Jun's
1243 3644 1419 3706 necessario
1440 3662 1570 3707 causare
1592 3643 1783 3722 divortium,
1800 3645 1921 3722 611666,

294 3732 372 3796 16611
394 3732 507 3794 666661
528 3733 686 3810 debitum,
710 3733 769 3794 hoc
790 3733 857 3813 ipso
879 3753 936 3815 pro
951 3736 1017 3800 foro
1032 3758 1086 3799 ex·
1140 3734 1193 3796 ubi
1207 3734 1261 3794 1116
1273 3733 1452 3810 intervenit,
1467 3750 1531 3795 non
1546 3732 1614 3794 dari
1629 3734 1921 3813 compensationem,

295 3825 385 3884 terno
409 3820 609 3900 presumitur
631 3820 827 3899 condonare,
848 3839 920 3883 cum
941 3822 974 3885 id
987 3825 1084 3887 libere
1139 3823 1195 3885 sed
1209 3820 1439 3901 separationem
1459 3820 1636 3882 necessario
1656 3820 1832 3884 faciendam
1850 3838 1921 3896 esse,

295 3909 406 3988 166161,
424 3927 482 3971 666
503 3907 659 3988 obligatus
674 3926 683 3981 ;
704 3908 789 3970 aliud
807 3913 913 3971 tamen
927 3916 984 3990 est,
1001 3913 1027 3974 si
1042 3915 1086 3975 fa·
1140 3910 1225 3990 qnod
1243 3927 1354 3970 verum
1372 3912 1433 3986 661,
1450 3916 1482 3970 61
1500 3909 1630 3989 quidem
1647 3929 1686 3971 ex
1704 3913 1860 3990 praecepto
1873 3926 1923 3970 na·

295 4001 380 4060 66661
401 4001 528 4060 6666166
542 4017 600 4077 666
613 4001 742 4074 66166,
758 4002 814 4060 661
826 4002 1023 4079 6661661166,
1035 4003 1085 4064 vel
1140 3996 1244 4074 tereti,
1260 3996 1285 4059 si
1298 3995 1381 4059 adsit
1393 3996 1567 4076 periculum
1582 3998 1811 4076 perversionis;
1827 4017 1844 4058 a
1858 4015 1924 4059 con·

295 4104 464 4164 exerrare,
481 4086 582 4149 art.
598 4085 632 4149 S.
648 4083 762 4148 Bonae.
778 4085 853 4150 Dur.
874 4089 971 4152 Addit
983 4093 1082 4153 66666.
1139 4087 1203 4161 166,
1226 4083 1254 4144 61
1276 4083 1336 4147 hoc
1359 4081 1533 4162 perieulum
1551 4083 1645 4161 absit,
1666 4084 1869 4163 probabiliter
1880 4082 1923 4147 di·

295 4174 391 4237 etiam
404 4179 524 4252 166166,
541 4175 713 4254 amplexus,
729 4175 836 4236 oscula
850 4194 917 4240 esse
931 4177 1086 4239 sufficien-
1140 4176 1215 4235 cunt
1235 4172 1271 4235 S.
1292 4174 1398 4236 Antea.
1420 4170 1501 4234 Silo.
1521 4173 1607 4234 Arna.
1628 4173 1726 4236 etalii
1746 4173 1813 4236 dari
1836 4173 1922 4236 etiam

294 4263 339 4327 tia
352 4264 442 4344 signa
456 4264 693 4327 condonationis
707 4264 847 4342 internae,
859 4283 930 4326 666
942 4265 1085 4328 ordinen-
1140 4261 1221 4324 16166
1243 4261 1296 4323 1116
1318 4261 1450 4323 6616166
1473 4260 1781 4340 compensationem
1803 4267 1835 4322 et
1853 4278 1923 4322 neu-

295 4353 348 4413 166
366 4351 406 4412 66
428 4351 583 4430 6666166.
606 4355 646 4414 ut
666 4351 750 4413 idem
769 4356 831 4428 est,
852 4353 877 4413 si
896 4353 1028 4415 redeant
1045 4354 1086 4415 ad
1140 4355 1224 4413 trum
1237 4369 1329 4430 posse
1344 4350 1384 4412 eb
1398 4350 1496 4418 altero
1507 4349 1664 4412 divertere
1677 4369 1684 4411 :
1697 4350 1807 4412 611666
1821 4351 1923 4429 666166

295 4441 438 4498 mutuam
452 4437 710 4514 familiaritatem,
726 4455 878 4514 mensam,
894 4439 944 4500 vel
958 4439 1087 4502 cohabi-
1140 4441 1255 4502 fatetur
1277 4457 1350 4500 cum
1373 4435 1921 4518 611166666666666666166661166

295 4524 447 4586 tationem
469 4525 624 4587 eamdem.
655 4527 688 4587 Si
710 4531 816 4588 tamen
839 4527 943 4606 reipsa
964 4529 1085 4590 interne
1140 4529 1269 4591 dimisso
1282 4528 1351 4590 fleri
1364 4527 1661 4605 reconciliationem,
1679 4527 1821 4609 quamvis
1834 4525 1922 4586 bare·

297 4613 393 4674 nollet
406 4613 596 4692 condonare,
618 4613 760 4694 quamvis
774 4615 869 4677 61166
883 4616 954 4678 ficte
968 4615 1087 4680 diceret
1140 4618 1201 4680 616
1222 4615 1459 4693 6666161161,
1475 4615 1648 4678 dummodo
1662 4615 1746 4678 absit
1758 4611 1922 4697 perversio-

296 4719 330 4761 66
345 4701 539 4780 condonare,
563 4719 625 4762 non
647 4700 717 4762 ideo
736 4719 793 4780 pro
808 4702 874 4763 foro
889 4703 1086 4766 conscientia
1140 4705 1199 4782 nis,
1216 4709 1271 4767 eut
1284 4704 1412 4766 alterius
1425 4704 1500 4766 6611
1516 4703 1707 4783 666166166,
1725 4702 1920 4786 quodenset

295 4787 407 4867 perdet
417 4788 480 4870 jus,
497 4789 571 4869 quia
584 4789 683 4851 cessio
698 4789 828 4869 requirit
841 4809 1028 4854 consensum
1041 4792 1086 4852 in·
1140 4792 1258 4872 possit:
1272 4791 1398 4872 quando
1413 4797 1519 4854 autem
1534 4811 1572 4854 ex
1586 4792 1815 4871 dispensatione
1824 4787 1921 4853 Eccle-

296 4879 432 4954 ternnm,
448 4876 492 4938 uti
508 4876 691 4939 donationes
705 4878 820 4960 aliique
834 4883 1023 4956 contractus,
1040 4898 1086 4940 se·
1140 4881 1194 4942 sire
1218 4879 1413 4943 contrabitur
1435 4879 1670 4942 Matrimonium
1693 4878 1834 4943 catholici
1856 4891 1920 4938 cum

297 4962 435 5025 cundum
456 4963 541 5025 dicta
562 4963 585 5025 l.
608 4967 637 5041 3,
655 4983 689 5046 6.
713 4969 742 5042 f,
763 4984 794 5027 6.
815 4970 889 5039 606;
905 4965 958 5029 Sa.
975 4967 1084 5030 66661.
1141 4968 1299 5045 heretico,
1320 4985 1429 5030 omnes
1447 4969 1584 5031 fatentur
1602 4966 1671 5030 fieri
1691 4985 1754 5031 non
1774 4983 1859 5048 possa
1879 4960 1921 5023 di-

296 5050 397 5113 Avers.
419 5056 529 5115 contra
546 5051 581 5114 S.
602 5055 716 5115 Bonae.
733 5054 796 5116 Set.
814 5059 845 5116 61
858 5054 945 5118 61166.
962 5053 1023 5117 Ner
1036 5056 1087 5117 61-
1140 5055 1286 5118 sortium.
1313 5055 1463 5118 Similiter
1486 5056 1578 5118 66661
1606 5074 1679 5118 666
1703 5047 1920 5118 6666666111·

296 5148 365 5208 rtat,
389 5140 474 5219 quod
495 5139 540 5201 ita
558 5141 707 5219 fingendo
726 5142 869 5205 uideatur
887 5143 990 5204 faeere
1005 5144 1087 5225 inju-
1140 5148 1227 5224 gnat.
1245 5147 1313 5220 11,
1330 5163 1406 5205 amu.
1422 5146 1478 5220 61,
1495 5143 1636 5224 separari
1651 5161 1715 5206 non
1730 5144 1841 5206 debera
1854 5155 1920 5201 con·

297 5227 394 5303 6166,
414 5246 482 5288 uam
503 5246 575 5288 cum
589 5247 651 5290 non
666 5234 774 5292 causet
787 5229 954 5307 damnum,
970 5231 1087 5312 injuria
1136 5232 1240 5312 juges,
1267 5231 1368 5309 primo
1392 5231 1572 5306 haereticos,
1595 5232 1621 5293 si
1642 5251 1752 5294 eorum
1766 5249 1842 5294 unns
1854 5243 1919 5291 con-

297 5333 360 5375 666
383 5315 512 5376 66116116
534 5320 568 5377 61
587 5316 659 5378 1666
677 5323 822 5378 16666166
840 5323 950 5396 666166
966 5319 1085 5380 6166666
1140 5323 1281 5382 vertatur
1304 5319 1345 5380 ad
1367 5320 1484 5397 fidem,
1510 5321 1656 5401 quemvis
1683 5320 1765 5384 inter
1785 5336 1836 5380 eos
1856 5313 1918 5376 ideo

298 5400 487 5462 condonare.
510 5405 576 5464 166
597 5403 623 5464 61
644 5403 794 5466 innocens
815 5405 891 5467 16116
908 5405 998 5484 signa
1011 5423 1087 5467 con·
1141 5411 1218 5470 orta
1241 5410 1346 5469 essent
1366 5407 1479 5488 aliquae
1499 5409 1730 5482 dissensiones;
1754 5407 1918 5482 hincsuprt

297 5487 473 5554 donationis
495 5493 612 5569 ponat,
636 5489 780 5552 habendo
804 5510 837 5553 66
859 5493 1083 5574 indifferenter,
1140 5497 1257 5570 6110,
1277 5495 1510 5558 tantumlocuti
1524 5511 1633 5558 66666
1647 5494 1688 5557 66
1703 5492 1918 5570 nemeisuper·
