3976 6348
293 507 353 568 252

294 693 345 753 tra
357 690 492 770 gradum
515 687 709 768 prohibitum
731 689 847 750 debere
861 707 917 768 spe
931 687 1092 768 dispensa·

294 778 388 842 ῖὶοηίε
401 796 520 841 carere.
547 777 755 850 Nihilominus
779 796 835 858 pro
851 782 940 857 parte
956 777 1092 840 affirma·

295 869 360 930 titia
369 871 430 928 ast:
444 871 472 928 1.
483 866 775 946 QuiaSempronius
783 871 831 928 sat
838 870 960 928 mature
970 884 1092 928 summo

296 954 531 1018 Poenitentiario
547 956 677 1034 supplex
699 955 810 1032 factuS,
828 955 968 1018 narravit
981 953 1094 1034 sejam

295 1049 363 1106 tum
386 1043 426 1104 da
448 1042 648 1104 Matrimonia
674 1043 812 1105 ineundo
829 1062 900 1106 cum
914 1043 996 1105 'fitia
1010 1048 1094 1104 trac-

296 1134 378 1192 tasse
402 1133 433 1191 et
455 1130 575 1190 resilire
599 1148 661 1191 non
685 1148 787 1208 posse.
814 1135 843 1194 2.
871 1134 938 1192 Non
967 1131 1094 1190 videtur

296 1219 486 1298 dispensatio
509 1237 576 1280 esse
601 1219 673 1280 ideo
697 1219 821 1282 reddita
836 1219 1003 1296 difficilior,
1021 1238 1093 1280 cum

297 1307 500 1385 Sempronius
516 1325 578 1367 non
589 1309 708 1368 temera
722 1305 966 1386 praesumpserit,
983 1305 1039 1367 sed
1054 1306 1094 1368 ob

297 1393 537 1472 urgentissimas
560 1411 672 1455 causas
696 1393 727 1454 id
751 1394 869 1456 fecerit.
886 1394 972 1455 Trid.
989 1399 1095 1455 autam

300 1482 433 1561 requirit
453 1482 630 1559 scientiam,
655 1483 821 1544 audaciam
843 1487 874 1545 et
896 1483 1094 1544 temerariam

295 1569 585 1649 praesumptionem,
607 1570 699 1650 juxta
721 1571 836 1632 Sanch.
864 1570 918 1632 lib.
944 1575 973 1639 8,
990 1571 1019 1632 d.
1043 1575 1093 1650 25,

295 1678 376 1720 rum.
399 1662 449 1719 26.
467 1661 497 1719 3.
514 1659 662 1730 Quamvis
677 1678 758 1720 unus
773 1659 874 1720 sciens
889 1659 1096 1739 impedimen-

295 1751 363 1809 tum
378 1747 584 1822 contraxerit,
602 1747 627 1807 si
642 1748 722 1809 alter
735 1748 897 1827 ignorarit,
915 1766 975 1808 non
991 1749 1097 1810 incur-

297 1835 378 1898 ritur
398 1853 493 1914 poena
515 1834 655 1898 Trident.
683 1853 741 1896 nec
763 1839 872 1914 postea
896 1853 974 1914 opus
996 1837 1042 1894 est
1056 1835 1095 1896 dc

297 1923 358 1984 hoc
380 1922 572 1984 mentionem
595 1923 698 1984 facere
723 1922 919 2001 inpetitione
935 1923 1094 2002 dispensa-

297 2009 401 2088 tionis,
426 2010 471 2071 uti
495 2015 602 2073 tenent
634 2011 764 2092 Henriq.
799 2010 914 2072 Sanch.
939 2031 1019 2073 oum.
1043 2013 1093 2085 30,

299 2101 405 2175 Perez,
429 2097 459 2159 d.
475 2102 526 2175 16,
552 2119 632 2160 num.
658 2101 707 2176 13,
734 2099 809 2180 quia
827 2099 977 2161 innocens
991 2098 1094 2178 puniri

298 2205 362 2248 non
385 2187 480 2250 debet
503 2187 543 2248 ob
569 2188 697 2248 alterius
721 2187 889 2248 delictum:
909 2206 984 2267 ergo
1001 2188 1095 2248 etiam

294 2275 363 2356 jam
387 2275 495 2337 licebit
516 2275 651 2354 gratiam
675 2275 761 2334 illam
776 2275 898 2355 exequi.
916 2279 945 2335 l.
970 2275 1096 2336 Texeda

300 2363 396 2425 etalii
412 2363 497 2443 apud
507 2365 598 2427 Dian.
609 2384 644 2444 p.
660 2366 689 2440 9,
708 2371 796 2425 tract.
808 2368 838 2442 l,
851 2365 888 2426 R.
901 2367 950 2441 36,
968 2365 1092 2430 docent,

299 2451 324 2512 si
339 2452 559 2514 contrahentes
574 2451 709 2514 scienter
723 2451 807 2512 intra
824 2453 941 2530 gradus
956 2451 1095 2531 prohibi-

299 2544 347 2604 tos
362 2541 564 2617 contrahant,
581 2545 612 2602 et
622 2546 840 2603 consumment
850 2541 1092 2616 Matrimonium,

300 2631 468 2708 postquam
491 2628 633 2691 Pontifex
653 2629 806 2690 concessit
819 2629 1093 2707 dispensationem,

300 2724 332 2778 et
355 2718 496 2779 nondum
519 2736 558 2778 ea
571 2737 629 2797 par
642 2716 842 2779 ordinarium
861 2716 911 2777 cui
930 2715 1096 2778 committi·

299 2812 352 2870 tur
366 2809 413 2868 est
427 2806 582 2884 expedita,
599 2806 630 2866 in
651 2807 710 2866 isto
724 2823 797 2866 casu
814 2823 875 2866 non
891 2823 958 2866 esse
974 2803 1096 2883 dispen-

300 2892 454 2954 sationem
468 2891 589 2952 irritam
609 2891 658 2952 vel
678 2891 914 2970 subreptitiam:
932 2891 976 2952 ita
990 2897 1095 2952 autem

301 2980 432 3060 contigit
445 2980 477 3040 in
492 2980 637 3058 praesenti
653 2998 739 3041 casn.

231 3073 273 3119 ⁹⁹⁰
341 3069 427 3149 Hesp.
444 3067 658 3130 confessarius
669 3085 731 3130 non
745 3067 870 3129 videtur
881 3085 972 3147 posse
987 3087 1096 3148 proca-

301 3157 376 3218 dare
385 3156 425 3218 ad
433 3157 663 3217 executionem:
676 3160 703 3216 1.
715 3155 849 3227 Ouiaest
858 3155 1096 3236 exprimendum

301 3246 386 3325 apud
414 3245 657 3324 dispensantem,
687 3246 714 3305 si
741 3245 974 3306 Matrimonium
1001 3245 1098 3307 fuerit

301 3335 496 3394 contractum
510 3333 560 3394 vel
575 3336 838 3408 consummatum,
856 3332 900 3394 uti
916 3337 1037 3394 certum
1052 3333 1096 3393 vi·

302 3421 404 3496 detur,
422 3419 522 3499 inquit
536 3422 630 3480 Peraz
641 3439 720 3480 num.
733 3424 763 3494 6,
776 3423 807 3480 et
817 3424 939 3481 constat
952 3439 991 3480 ex
1005 3420 1091 3481 Trid.

302 3524 409 3585 supra,
435 3506 488 3566 ubi
512 3506 544 3567 in
564 3525 636 3567 eum
656 3507 709 3586 qui
724 3507 858 3568 scienter
881 3512 913 3567 et
926 3525 1096 3587 praesump-

302 3601 391 3657 tuose
407 3594 605 3671 contraxerit,
618 3594 815 3672 fertpoeuam
825 3595 951 3655 carendi
967 3613 1022 3672 apa
1033 3594 1096 3654 dis-

302 3681 518 3762 pensationis;
544 3686 685 3744 econtra
703 3681 746 3742 illi
770 3682 823 3760 qui
847 3682 1096 3744 solemnitatibus

303 3771 451 3832 adhibitis
461 3769 651 3832 contraxerit
661 3769 895 3848 comprobabili
907 3771 1092 3850 ignorantia,

305 3860 382 3921 dicit
395 3859 517 3920 facilius
541 3863 572 3920 et
594 3859 692 3938 gratis
715 3859 955 3937 impertiendam
969 3859 1096 3937 dispen-

302 3947 475 4008 sationem:
494 3964 569 4025 argo
580 3945 743 4006 manifeste
754 3945 969 4024 supponithoc
980 3946 1095 4007 debere

301 4034 423 4096 narrari
436 4054 443 4107 ;
462 4033 545 4094 unde
561 4034 644 4096 enim
655 4033 732 4094 alias
743 4033 890 4095 decernet
904 4053 1030 4112 pernam
1045 4053 1095 4096 oa-

302 4123 391 4186 rendi
415 4123 464 4183 vel
488 4122 586 4201 gratis
602 4121 739 4183 habendi
755 4121 1030 4200 dispensationem,
1046 4124 1095 4183 vel

303 4211 387 4272 unde
410 4210 488 4273 sciet
509 4229 549 4272 an
573 4211 689 4272 factum
714 4210 754 4271 sit
777 4213 1036 4288 praesumptuose,
1055 4228 1095 4272 an

302 4300 471 4379 premissis
493 4298 752 4373 solemnitatibus,
779 4315 818 4358 an
833 4315 905 4358 cum
919 4297 1096 4377 ignorantia

303 4386 468 4466 probabili,
494 4385 520 4446 si
536 4403 607 4446 non
622 4386 662 4446 sit
675 4403 754 4464 opus
768 4385 885 4446 factum
900 4386 1045 4446 narrari?
1063 4391 1092 4447 2.

304 4478 371 4535 Non
385 4474 510 4533 videtur
522 4473 641 4534 licitum
656 4491 722 4533 esse
738 4474 907 4551 procedere
922 4474 1095 4534 secundum

304 4562 435 4624 relatam
449 4561 635 4624 sententiam
650 4561 784 4630 Terede,
801 4562 875 4643 quia
890 4564 1015 4642 quando
1030 4564 1094 4643 agi·

306 4656 356 4712 tur
377 4650 416 4710 de
439 4651 545 4711 aratore
571 4651 785 4728 Sacramenti,
812 4651 906 4712 etiam
928 4653 960 4711 in
984 4651 1043 4713 illis
1063 4653 1093 4712 in

305 4739 418 4818 quibus
432 4739 572 4799 Ecclesia
592 4742 695 4818 potest
718 4740 874 4818 supplere,
892 4757 954 4801 non
968 4747 1016 4802 est
1027 4742 1095 4802 lici-

304 4831 371 4888 tum
385 4825 562 4905 relinquere
577 4826 735 4902 tutiorem,
752 4827 809 4888 nisi
825 4829 978 4891 sententia
999 4847 1094 4910 quam

307 4933 423 4995 sequor
437 4914 645 4976 communiter
664 4915 847 4979 admittatur
856 4919 941 4980 velut
954 4919 1094 4981 absolute

305 5003 486 5082 probabilis,
504 5008 535 5065 et
544 5021 605 5064 non
615 5003 654 5065 sit
663 5010 774 5066 contra
786 5007 907 5084 praxim
921 5007 1021 5069 Curia
1037 5011 1094 5069 llo-

304 5109 423 5166 manee;
451 5095 516 5152 tum
530 5091 612 5152 enim
637 5096 759 5154 tantum
781 5094 847 5154 vult
860 5093 1006 5154 Ecclesiae
1020 5112 1095 5171 snp-

305 5179 403 5257 plere,
419 5179 593 5240 secundum
608 5179 692 5240 dieta
707 5179 758 5240 lib.
778 5183 807 5256 6,
821 5199 854 5260 p.
872 5183 900 5254 l,
917 5200 998 5240 num.
1016 5183 1092 5242 ll8:

943 499 1018 562 LIB.
1044 501 1096 564 Vl.
1119 501 1221 563 PARS
1243 501 1294 562 lll.

1145 689 1208 770 pito
1239 707 1278 750 on
1297 687 1505 771 probabiliter.
1530 693 1568 752 lit
1591 691 1737 772 quamvis
1759 691 1858 756 nara
1882 711 1930 772 pro

1147 777 1259 839 eadem
1273 778 1349 840 citet
1369 778 1477 860 Vepom
1491 798 1555 842 non
1574 781 1708 860 allegato
1724 785 1811 845 textu
1826 782 1930 846 Sanch.

1146 885 1177 928 η.
1189 870 1239 944 et,
1256 867 1331 929 citat
1351 867 1456 950 Vepom
1469 887 1526 948 pro
1538 870 1682 949 opposita
1696 871 1833 950 allegato
1842 875 1930 948 textu,

1148 961 1179 1016 et
1198 957 1352 1018 sententia
1365 957 1418 1018 illa
1432 975 1544 1018 revera
1558 959 1679 1020 nullum
1698 958 1796 1022 babet
1810 959 1933 1022 solidum
1982 981 1983 984 ¹

1147 1044 1400 1108 fundamentum.
1414 1046 1474 1108 Sed
1487 1047 1641 1127 quidquid
1650 1047 1738 1109 sitde
1748 1049 1819 1127 boc,
1835 1049 1934 1110 saltem

1149 1136 1195 1193 est
1206 1137 1315 1194 contra
1324 1134 1446 1212 praxim
1457 1135 1557 1196 Curiae
1568 1137 1729 1212 Romanae,
1741 1154 1812 1215 quas
1823 1153 1936 1214 semper

1149 1222 1318 1298 respondet
1333 1223 1392 1283 hoo
1403 1223 1641 1302 exprimendum
1656 1243 1736 1301 esse,
1754 1224 1799 1286 uti
1815 1228 1936 1286 testatur

1150 1308 1265 1370 Sanch.
1291 1327 1388 1388 supra
1406 1310 1516 1390 juncto
1534 1330 1615 1372 num.
1633 1314 1664 1388 8,
1681 1311 1722 1372 ad
1738 1329 1834 1392 quem
1848 1329 1881 1371 sc
1894 1329 1936 1372 re-

1149 1395 1254 1472 mittit,
1278 1400 1309 1456 et
1332 1398 1371 1456 do
1389 1398 1449 1458 hoc
1463 1398 1598 1460 refertur
1611 1417 1761 1477 expressa
1776 1400 1936 1462 declaratio

1149 1503 1246 1546 sacrae
1260 1487 1519 1566 congregationis
1529 1487 1569 1547 ad
1580 1488 1639 1548 hoc
1649 1491 1746 1566 caput
1759 1487 1847 1549 Trid.
1864 1509 1935 1550 aum.
1981 1499 1983 1518 ³

1149 1577 1179 1634 2.
1196 1575 1226 1634 3.
1251 1574 1362 1652 Opinio
1388 1576 1516 1655 Henriq.
1543 1576 1658 1637 Sanch.
1683 1580 1713 1636 et
1728 1578 1837 1653 Perez,
1854 1595 1939 1656 supra

1150 1661 1259 1737 relata,
1277 1680 1389 1740 nempe
1405 1663 1489 1743 quod
1504 1681 1583 1742 opus
1599 1663 1715 1723 nonsit
1731 1681 1862 1724 narrare
1876 1682 1939 1724 con-

1149 1752 1285 1808 tractum
1300 1752 1331 1809 et
1345 1755 1595 1810 consummatum
1614 1767 1682 1810 esse
1699 1749 1937 1825 Matrimonium,

1150 1833 1175 1895 si
1191 1836 1341 1897 alteruter
1353 1837 1437 1898 bona
1450 1837 1512 1898 ftde
1527 1835 1729 1916 processerit,
1747 1855 1811 1898 non
1826 1837 1940 1897 ridetur
1982 1835 1983 1838 ’

1150 1942 1235 2000 vera,
1253 1942 1326 1985 nam
1340 1925 1480 1987 Trident.
1498 1929 1563 1987 toto
1576 1926 1629 1986 illo
1645 1925 1748 2002 capite
1762 1923 1902 2004 loquitur
1913 1925 1938 1983 in

1151 2031 1281 2074 numero
1305 2013 1466 2092 singulari,
1493 2019 1523 2073 et
1547 2013 1631 2075 nullo
1658 2012 1757 2074 verbo
1781 2012 1939 2073 innuitre·
1982 2039 1983 2044 ¹

1150 2100 1231 2180 quiri
1253 2102 1414 2181 utriusque
1439 2102 1602 2163 scientiam
1630 2101 1678 2162 vel
1708 2101 1937 2180 ignorantiam
1982 2121 1983 2126 ¹

1151 2194 1247 2269 utque
1269 2209 1379 2250 verum
1402 2195 1449 2252 est
1472 2209 1539 2252 esse
1561 2207 1700 2268 poenam,
1725 2189 1812 2269 quod
1837 2190 1939 2250 debeat
1982 2187 1983 2190 ’

1151 2277 1210 2338 hoc
1234 2277 1368 2353 narrari,
1395 2279 1450 2338 scd
1475 2282 1522 2339 est
1542 2281 1664 2339 tantum
1680 2276 1820 2338 conditio
1835 2296 1939 2357 prare-
1982 2279 1983 2284 ’

1150 2365 1263 2446 quisita
1278 2384 1334 2444 pro
1359 2365 1578 2427 informatione
1595 2364 1824 2442 dispensatori,
1841 2369 1875 2426 ut
1888 2365 1938 2424 dis·

1150 2453 1365 2532 pausationem
1405 2453 1615 2513 diversimode
1642 2455 1672 2513 et
1701 2471 1760 2531 pro
1790 2451 1939 2532 exigentia
1981 2505 1983 2522 ,

1151 2559 1253 2603 causae
1276 2542 1397 2602 noverit
1421 2541 1579 2620 expedire,
1596 2540 1641 2601 uti
1656 2545 1729 2602 ante
1744 2541 1865 2602 dictum
1880 2546 1937 2613 est;
1981 2534 1983 2584 ¹

1151 2647 1245 2708 poena
1268 2633 1374 2690 autem
1392 2633 1514 2690 tantum
1538 2632 1595 2704 est,
1622 2628 1733 2708 utqui
1759 2630 1894 2690 scienter
1908 2647 1939 2689 ac
1981 2675 1983 2700 ,

1151 2728 1398 2797 praesumptuose
1423 2713 1578 2778 contraxit
1594 2721 1626 2778 et
1639 2718 1874 2778 consummarit
1886 2720 1939 2779 Ma·

1150 2805 1342 2882 trimonium,
1366 2809 1473 2866 careat
1490 2824 1545 2884 spe
1569 2804 1835 2883 dispensationis:
1861 2823 1937 2885 ergo,

1151 2893 1224 2954 dato
1249 2893 1332 2972 quod
1357 2893 1424 2954 ltaec
1447 2911 1542 2972 perna
1560 2891 1689 2953 carendi
1714 2911 1769 2970 spe
1790 2893 1940 2972 dispensa·

1151 2980 1244 3042 tionis
1266 2998 1327 3042 non
1351 2981 1539 3064 incurratur,
1563 2981 1590 3040 si
1614 2980 1767 3042 alteruter
1788 2981 1939 3042 bonafide

1151 3068 1348 3148 processerit,
1360 3071 1464 3129 tantan
1482 3067 1658 3127 nullatenus
1673 3067 1819 3146 sequitur
1834 3069 1938 3129 factum

1151 3175 1213 3216 non
1229 3156 1386 3232 debuisse,
1413 3160 1468 3217 aut
1484 3155 1588 3216 adhuc
1604 3173 1666 3215 non
1682 3155 1801 3216 debere
1817 3155 1937 3231 narrari,
1968 3200 1973 3223 .

1151 3248 1182 3304 ct
1209 3242 1352 3323 quamvis
1380 3247 1448 3303 tum
1476 3242 1573 3302 nollet
1599 3241 1785 3320 dispensare
1810 3242 1938 3304 Pontifex
1967 3232 1976 3327 Ι

1150 3336 1279 3410 propter
1293 3331 1456 3392 scientiam
1467 3333 1498 3390 et
1509 3329 1791 3408 presumptionem
1807 3333 1938 3409 Sempro

1151 3420 1204 3497 nii,
1222 3438 1283 3479 non
1299 3420 1441 3498 sequitur
1449 3417 1562 3480 Titiam
1578 3417 1693 3496 puniri,
1711 3421 1858 3497 quamvis
1872 3419 1938 3479 indi·

1150 3513 1235 3569 reetc
1259 3512 1290 3570 et
1312 3525 1369 3585 per
1392 3507 1539 3568 accidens
1562 3506 1594 3566 in
1618 3506 1720 3584 ipsam
1735 3507 1938 3568 redundatio·
1980 3523 1982 3584 t

1151 3595 1367 3666 commodum
1381 3595 1470 3656 sicuti
1483 3594 1508 3654 si
1518 3594 1766 3655 'liliabonalide
1781 3595 1938 3657 contrade
1981 3591 1982 3600 ’

1150 3687 1198 3744 set
1218 3682 1454 3744 Matrimonium
1478 3699 1549 3742 cum
1568 3681 1641 3742 Caio
1658 3681 1872 3758 subdiacono,
1894 3680 1937 3760 qui

1150 3770 1251 3831 sciens
1273 3774 1304 3830 et
1326 3772 1575 3848 praesumptuose
1599 3767 1660 3829 hoc
1679 3769 1807 3831 fecisset
1821 3787 1880 3831 non
1894 3787 1938 3828 ex·

1149 3862 1275 3937 poetata
1298 3856 1542 3936 dispensatione,
1565 3855 1656 3936 cujus
1679 3875 1769 3935 spem
1791 3857 1937 3930 habebat3

1150 3947 1175 4006 ai
1191 3946 1331 4006 Pontifex
1346 3951 1456 4024 postea
1479 3945 1511 4005 id
1526 3944 1664 4005 resciens
1678 3945 1711 4004 in
1726 3963 1854 4024 poenam
1869 3963 1937 4026 prae

1150 4035 1335 4113 sumptionis
1350 4035 1414 4096 Caii
1426 4034 1522 4095 nollet
1530 4033 1724 4111 dispensare,
1738 4053 1802 4094 non
1814 4034 1881 4096 ideo
1891 4053 1937 4112 pn·

1150 4123 1270 4184 niretur
1290 4123 1381 4200 Titia,
1408 4123 1552 4203 quamvis
1567 4126 1599 4183 et
1612 4121 1766 4183 indirecte
1783 4128 1816 4185 et
1829 4141 1883 4202 per
1895 4139 1936 4182 ac·

1150 4208 1936 4289 cidensinipsamradundaretincommodum;ita·

1150 4317 1210 4377 que
1233 4301 1369 4378 petenda
1393 4304 1441 4358 est
1461 4295 1652 4374 dispensatio
1672 4315 1767 4374 nova,
1802 4301 1935 4360 enarrate

1149 4386 1251 4447 facto:
1275 4385 1319 4446 ita
1338 4385 1522 4466 judicarunt
1535 4401 1661 4444 mecum
1680 4402 1763 4446 anno
1780 4389 1867 4462 1693,
1882 4389 1936 4447 tres

1149 4476 1311 4535 Doctores.

1188 4564 1268 4641 §lb
1290 4565 1357 4623 Huc
1381 4562 1476 4624 etiam
1495 4563 1631 4623 refertur
1650 4561 1765 4622 solutio
1789 4561 1934 4642 sequentis
1953 4561 1980 4614 1

1149 4669 1239 4712 casus
1255 4671 1262 4710 :
1278 4650 1377 4712 'fitius
1400 4651 1547 4730 cognovit
1561 4650 1668 4712 Gaiam
1683 4653 1715 4711 et
1728 4652 1874 4713 bertham
1895 4667 1934 4710 so

1148 4757 1246 4814 rurae,
1262 4739 1391 4817 vultque
1405 4738 1520 4800 ducere
1532 4739 1638 4800 Gaiam
1653 4738 1773 4816 etpetit
1787 4738 1934 4817 dispensa-

1147 4826 1264 4889 tionem
1279 4827 1310 4886 in
1326 4827 1496 4900 affinitate;
1522 4831 1661 4888 attamen
1681 4827 1864 4905 prinsquam
1881 4823 1933 4886 dia

1148 4915 1288 4994 pensatio
1317 4915 1409 4976 detur
1432 4913 1623 4989 executioni,
1647 4914 1810 4992 cognoscit
1831 4915 1932 4974 iterum

1148 5003 1254 5064 Graiam
1269 5006 1300 5063 et
1314 5003 1473 5063 bertham.

1191 5089 1345 5164 Quaeritur
1365 5109 1404 5150 an
1426 5090 1566 5169 indigeat
1587 5107 1669 5150 nova
1691 5083 1932 5168 dispensatione?

1149 5180 1242 5256 Resp.
1260 5181 1288 5238 1.
1315 5181 1381 5238 Νοη
1405 5177 1476 5238 ideo
1500 5177 1638 5256 indiget,
1666 5178 1740 5257 qnia
1760 5179 1869 5239 iterum
1889 5191 1931 5234 co·
1978 5183 1979 5260 j

307 5267 361 5326 sed
376 5268 530 5328 sententia
554 5267 677 5328 Terede
691 5287 751 5329 non
767 5267 941 5329 admittitur
956 5285 1096 5328 commu·
1147 5265 1257 5345 gnevit
1269 5266 1386 5342 Gaiam,
1404 5267 1478 5346 quia
1499 5270 1545 5326 est
1568 5271 1690 5326 tantum
1709 5265 1861 5335 incestus;
1881 5279 1929 5322 nec

307 5352 397 5429 niter,
424 5355 509 5415 velut
527 5355 666 5416 absolute
691 5356 870 5434 probabilis,
900 5355 974 5416 binc
997 5355 1096 5416 Dicae

309 5438 393 5499 illam
416 5440 553 5502 referens
568 5441 683 5518 subdit,
700 5442 841 5524 hujusque
860 5441 987 5510 Terede,
1003 5450 1035 5502 tu
1049 5460 1096 5504 co

1150 5353 1268 5415 inducit
1291 5353 1550 5432 impedimentum
1565 5359 1708 5432 respectu
1725 5354 1817 5430 Caiae,
1834 5350 1884 5412 etsi
1897 5347 1929 5407 sit

1150 5442 1300 5519 occultus,
1327 5441 1470 5522 quamvis
1490 5440 1676 5502 commissus
1690 5442 1731 5502 sit
1744 5447 1815 5521 post
1836 5439 1929 5500 obten-
