4090 6336
299 565 338 622 56
945 563 1018 625 tte.
1043 565 1094 624 Vl.
1118 563 1219 625 PARS
1241 561 1292 622 lli.

297 765 371 810 casu
389 748 519 828 perinde
534 768 567 810 se
582 749 686 826 habet,
703 767 740 811 ac
754 749 779 812 si
795 749 919 831 adjecta
932 766 995 811 non
1010 749 1085 812 iuis·
1145 749 1326 811 trimonium
1348 748 1443 811 etiam
1463 751 1716 810 consummatum
1731 744 1869 806 fidelium
1883 747 1942 806 Ca-

298 839 364 910 sct;
385 835 429 899 ita
450 855 487 897 ex
506 839 581 918 Cap.
605 837 775 921 Aliquando
788 841 838 915 32,
855 847 957 920 quast.
974 841 1003 906 2,
1020 841 1092 918 post
1143 838 1330 904 tholicorum
1358 856 1425 899 esse
1448 835 1636 900 dissolubile
1656 834 1762 916 quoad
1781 831 1941 894 vinculum

298 919 430 1006 Proepos.
465 925 550 1008 Sylu.
589 925 712 988 Couorr.
743 923 864 989 Barbas.
895 926 1093 988 consentiunt
1145 929 1177 990 in
1192 946 1265 990 casu
1279 927 1504 1004 fornicationis,
1526 921 1943 1006 ideoquecxpressenollent

307 1009 436 1075 Vincerat.
460 1013 607 1077 Hostium.
634 1018 666 1076 et
688 1015 739 1076 alii
761 1015 930 1078 suadentes
953 1015 1094 1080 mulieri·
1146 1016 1390 1092 Matrimonium,
1414 1015 1473 1076 nisi
1500 1015 1544 1076 ita
1562 1012 1718 1074 solubile:
1736 1009 1942 1072 deillosimi-

298 1101 368 1178 bus,
384 1104 420 1163 ut
437 1101 462 1162 si
477 1103 602 1182 quando
617 1103 676 1164 viri
690 1102 731 1165 ad
745 1103 891 1164 mulieres
906 1103 1093 1165 alliciendas
1146 1107 1217 1169 liter
1232 1105 1330 1186 quaeri
1349 1107 1457 1183 posset
1470 1121 1510 1164 an
1532 1103 1592 1164 hoc
1613 1099 1845 1163 Matrimonium
1860 1103 1944 1159 esset

300 1188 468 1250 ostendant
482 1208 515 1250 se
529 1191 609 1251 velle
629 1209 701 1250 cum
720 1190 758 1250 iis
772 1189 1004 1252 Matrimonium
1019 1209 1095 1252 oon·
1148 1193 1311 1257 validum?
1333 1189 1561 1275 Supponendum
1584 1193 1613 1251 2.
1639 1187 1755 1250 'litium
1778 1190 1809 1249 et
1828 1185 1964 1248 Titiurn.

301 1275 437 1353 trahere,
462 1276 493 1339 ct
514 1281 676 1358 apponant
697 1278 877 1358 hujusmodi
901 1277 1095 1340 conditiones

302 1370 412 1425 eontra
425 1365 633 1428 substantiam
650 1365 852 1444 Matrimonii,
868 1366 944 1447 ipsae
958 1371 1093 1444 taceant,

302 1457 410 1516 secuta
432 1454 516 1516 enim
540 1457 663 1535 copula,
689 1457 748 1518 erit
774 1454 1018 1518 Matrimonium.
1045 1458 1092 1518 lo.

303 1541 445 1605 Conditio
469 1545 568 1623 turpis
592 1543 725 1606 habetur
749 1543 780 1604 in
803 1547 966 1605 contractu
989 1541 1097 1604 Matri-

304 1631 399 1692 monii
423 1650 480 1710 pro
504 1649 568 1692 non
591 1632 726 1710 adjecta,
752 1634 826 1711 Cap.
852 1633 906 1692 fin.
922 1628 969 1692 Dc
985 1629 1094 1691 condit.

304 1738 404 1800 oppos.
421 1720 509 1798 atqui
525 1720 674 1797 conditio,
688 1738 757 1799 quar
773 1724 819 1781 est
833 1725 942 1782 contra
956 1720 1097 1781 substan-

303 1808 380 1868 tiam
394 1807 593 1886 Matrimonii,
611 1813 657 1870 est
670 1810 781 1890 turpis,
797 1827 870 1871 cum
887 1809 953 1870 sine
968 1812 1097 1888 peceato

305 1897 427 1976 impleri
443 1915 505 1958 non
529 1897 637 1977 possit,
655 1916 741 1979 ergo.
764 1902 813 1962 ll.
831 1899 973 1961 conditio
994 1901 1098 1959 mente

306 1987 428 2046 retenta
442 1984 519 2046 nibil
539 1991 688 2065 operatur
701 1985 732 2046 in
748 1986 958 2048 contractibus
972 1989 1006 2048 L.
1026 1984 1098 2047 Cum

301 2071 407 2154 plures
428 2076 478 2148 60,
495 2074 514 2151 §
535 2071 672 2151 Locotor,
688 2071 724 2153 ff.
744 2071 861 2150 Locoti,
887 2074 939 2134 ubi
965 2075 1095 2136 Glossa:

306 2161 377 2242 quis
391 2160 475 2222 enim
490 2165 538 2224 est
551 2166 617 2224 tam
632 2162 785 2243 stupidus,
802 2163 855 2242 qui
869 2166 958 2240 putet
971 2163 1099 2224 tacitam

307 2249 520 2312 contrahentis
534 2268 607 2312 cum
630 2251 734 2331 aliquo
756 2251 948 2313 voluntatem
971 2251 1003 2312 in
1025 2269 1099 2314 con-

306 2339 461 2401 tractibus
480 2340 685 2420 spectandam
699 2357 767 2401 esse
781 2339 796 2400 l
810 2339 909 2418 Adde,
927 2340 1011 2421 quod
1025 2359 1100 2402 cou-

308 2427 385 2489 ditio
409 2427 477 2489 haec
501 2446 539 2488 ex
563 2445 668 2488 errore
692 2428 882 2507 speculativo
905 2429 1039 2508 adjecta,
1059 2429 1099 2490 ad

307 2516 448 2577 valorem
462 2514 511 2575 vel
523 2533 584 2576 non
595 2515 735 2575 valorem
749 2519 836 2577 actus
851 2516 981 2595 perinde
996 2536 1029 2577 sc
1044 2517 1100 2577 ha-

307 2605 392 2681 beat,
409 2621 446 2665 ac
469 2603 494 2664 si
514 2603 638 2684 adjecta
652 2621 714 2664 non
729 2602 846 2665 fuisset.
869 2607 917 2668 la.
936 2607 1100 2668 confertur

309 2691 487 2772 Baptismus
501 2693 542 2754 ab
556 2709 605 2770 eo,
622 2691 674 2771 qui
699 2710 761 2752 non
785 2692 885 2755 credit
906 2695 1100 2774 Baptismum

309 2799 377 2842 esse
405 2773 655 2859 Sacramentum,
681 2799 756 2859 ergo
785 2781 878 2842 etiam
906 2782 1101 2844 ministratur·

308 2869 542 2932 Matrimonium
563 2868 667 2946 abeo,
684 2868 812 2949 quinon
829 2871 928 2932 credit
941 2871 1018 2933 illud
1033 2890 1100 2932 esse

310 2959 562 3034 Sacramentum,
590 2957 666 3020 Gob.
693 2967 777 3020 tract.
799 2961 846 3036 10,
879 2957 944 3020 Cos.
975 2964 1023 3036 l9,
1049 2963 1097 3021 l3.

310 3043 516 3123 Praesumptio
538 3043 596 3105 fori
619 3045 737 3106 externi
760 3049 821 3107 stat
843 3051 953 3109 contra
972 3049 1098 3125 Titium,

311 3151 348 3196 eo
367 3131 453 3213 quod
474 3131 507 3193 id
526 3133 627 3194 solum
643 3133 807 3214 judicabit,
824 3135 908 3214 quod
930 3136 1101 3198 forinsecus

311 3221 548 3300 demonstravit,
574 3221 649 3283 foris
672 3228 778 3284 autem
801 3221 972 3285 declararit
995 3225 1103 3288 Matri-

311 3309 463 3386 monium,
489 3303 564 3388 ergo
588 3307 767 3370 censebitur
789 3308 923 3372 voluisse
945 3313 1102 3375 Matrimo—

311 3397 609 3478 niunpcootrahere
637 3396 810 3458 secundum
833 3417 922 3458 suem
946 3405 1100 3480 naturam,

312 3504 382 3566 quas
408 3503 482 3546 vere
506 3482 679 3544 insolubilis
703 3487 760 3558 est,
786 3483 886 3545 donec
914 3487 1104 3550 sufficienter

312 3575 400 3636 illum
415 3572 571 3634 defectum
581 3589 645 3632 sua
655 3569 835 3633 intentionis
845 3573 1034 3652 probaverit.
1052 3580 1100 3637 ll.

312 3665 358 3725 iix
379 3660 537 3724 contraria
559 3659 714 3721 sententia
736 3664 884 3747 sequetur
906 3661 1104 3726 Matrimonia

313 3749 531 3812 hereticorum
554 3747 670 3827 passim
698 3765 766 3808 esso
795 3746 1001 3828 dissolubilia,
1031 3767 1104 3812 cum

313 3839 450 3902 maxima
460 3836 641 3898 conluuione
652 3835 902 3914 Christianitatis,
915 3838 990 3899 item
999 3840 1103 3919 proles

313 3945 381 3990 esse
396 3925 529 4006 spurias,
547 3929 578 3985 et
592 3922 779 4002 illegitimas.
797 3927 844 3986 le.
866 3926 1044 4005 Sequuntur
1057 3928 1104 3990 iti·

314 4016 387 4077 dem
400 4013 502 4076 multa
516 4010 778 4088 inconvenientia,
794 4011 990 4092 iniquissima
1003 4015 1104 4076 divor-

312 4104 357 4166 tia
375 4105 460 4180 liant,
476 4099 658 4182 polygamia
671 4098 847 4178 inducetur,
865 4101 1019 4166 haereticae
1037 4123 1104 4166 mu-

313 4191 405 4255 lieres
419 4189 593 4252 horrebunt
607 4188 773 4250 connubia.
787 4192 835 4252 ld.
848 4191 989 4272 Denique
1003 4195 1104 4275 sequi-

314 4285 365 4344 tur
392 4297 484 4360 posse
519 4277 587 4339 dari
620 4281 815 4340 contractum
842 4280 1105 4342 matrimonialem

314 4387 392 4451 pure
407 4367 542 4442 civilem,
554 4370 586 4425 et
597 4364 820 4440 dissolubilem,
833 4366 885 4447 qui
900 4372 1020 4448 pugnet
1033 4386 1105 4431 cum

314 4461 427 4519 natura
448 4451 648 4530 Matrimonii,
665 4469 737 4514 oum
758 4453 818 4516 hoc
838 4456 1013 4518 necessario
1039 4476 1105 4518 ver-

314 4548 401 4608 setur
414 4543 499 4605 circa
517 4558 650 4620 corpora
672 4541 703 4602 in
724 4546 912 4622 perpetuum
926 4544 1103 4607 tradenda:

315 4632 417 4696 omnis
431 4630 516 4692 enim
528 4629 766 4691 Matrimonialis
776 4634 953 4694 contractus
963 4637 1107 4696 versatur

314 4723 399 4784 circa
412 4735 546 4798 corpora
557 4715 815 4781 indissolubiliter
828 4717 991 4782 tradenda.

246 4825 287 4873 ree
353 4811 372 4889 ἓ
389 4811 418 4868 il.
439 4807 499 4866 Pro
514 4807 602 4884 parte
621 4803 819 4882 affirmativa,
834 4805 1052 4886 suppoacadum
1066 4818 1107 4870 ost

315 4904 343 4962 l.
374 4897 528 4959 Punctum
558 4891 749 4954 difficultatis
781 4893 920 4954 recidero
951 4895 991 4956 ad
1024 4897 1106 4959 hanc

314 4985 530 5070 questionem,
546 4999 587 5044 au
601 4981 848 5044 consensusritit
862 5001 900 5042 ex
914 4984 1105 5063 praevalente

315 5073 485 5136 intentione
506 5069 599 5132 fuerit
613 5070 774 5132 restrictos
788 5070 827 5131 ad
843 5071 1055 5135 conditionem
1069 5075 1107 5135 il-

314 5163 377 5224 lam
406 5159 633 5240 repugnantem
662 5156 874 5219 insolubilitati
903 5159 1103 5239 Matrimonii,

314 5252 483 5330 possetque
497 5245 627 5328 quaetio
645 5245 761 5306 habere
775 5245 879 5307 locum
894 5246 989 5308 etiam
1004 5247 1035 5308 in
1050 5250 1106 5310 Ga-

315 5335 442 5411 thclico,
459 5333 511 5415 qui
527 5351 565 5394 ex
588 5330 760 5394 invincibili
784 5331 962 5412 ignorantia
982 5337 1107 5412 putaret

1149 1283 1313 1346 haereticos
1326 1279 1504 1341 materiales
1519 1278 1614 1339 fuisse
1636 1277 1718 1339 hene
1736 1275 1863 1356 ignaros
1877 1291 1943 1336 sure
1982 1288 1984 1292 ’

1163 1377 1240 1436 cetae
1256 1371 1402 1450 illiusque
1417 1367 1577 1444 doctrinae,
1594 1365 1679 1447 quod
1698 1381 1811 1444 nempe
1834 1363 1946 1424 liceret

1150 1463 1225 1544 ipsis
1239 1459 1473 1524 Matrimonium
1488 1455 1674 1519 contrahere
1696 1454 1754 1514 sub
1768 1451 1822 1514 illa
1836 1451 1944 1514 condi-

1151 1555 1246 1628 tione,
1263 1553 1295 1611 et
1308 1548 1334 1610 si
1347 1549 1546 1626 frangeretur
1555 1545 1644 1620 fides,
1654 1542 1787 1604 transire
1796 1539 1942 1616 adalind,

1152 1657 1264 1718 nempe
1279 1655 1336 1716 per
1353 1635 1525 1714 legitimam
1549 1629 1724 1694 consistorii
1739 1632 1794 1691 aut
1813 1626 1943 1708 legitimi

1153 1724 1329 1808 Superioris
1352 1721 1554 1795 decisionem,
1578 1718 1622 1779 uti
1646 1716 1780 1778 millenis
1794 1715 1946 1795 exemplis

1152 1815 1267 1877 scimus
1286 1809 1484 1874 Matrimonia
1498 1806 1604 1888 quoad
1617 1803 1778 1866 vinculum
1798 1821 1867 1864 csse
1883 1802 1947 1863 dis-

1153 1904 1254 1965 soluta
1268 1902 1299 1962 in
1314 1897 1438 1978 Anglia,
1464 1894 1606 1972 Batavia,
1627 1891 1816 1969 Palatinatu,
1832 1892 1947 1953 Helve-

1152 1993 1207 2054 tia.
1223 1985 1452 2071 Suppoaoadum
1466 1987 1495 2046 3.
1512 1983 1688 2045 Prudenter
1709 1981 1869 2061 praesumi,
1889 1979 1945 2041 nisi

1153 2080 1238 2143 aliud
1253 2081 1384 2152 constet,
1397 2073 1481 2156 quod
1497 2072 1629 2153 quisque
1643 2071 1677 2129 in
1692 2069 1815 2148 agendo
1829 2068 1907 2130 velit
1914 2087 1946 2128 se

1154 2167 1348 2229 conformare
1363 2160 1613 2240 moribusgcntis
1628 2177 1705 2236 sua,
1718 2159 1793 2220 item
1802 2177 1867 2221 suae
1882 2175 1946 2219 sec·

1154 2262 1192 2319 tae
1207 2275 1244 2318 ac
1259 2253 1408 2316 doctrinae
1422 2251 1454 2311 in
1469 2250 1522 2310 ille
1536 2246 1715 2328 proposita,
1735 2265 1831 2326 quam
1845 2245 1948 2310 invin-

1154 2345 1286 2408 cibiliter
1300 2346 1389 2422 putat
1403 2357 1470 2401 esse
1487 2337 1576 2399 unice
1591 2353 1717 2408 reram;
1741 2335 1814 2396 hinc
1828 2353 1948 2414 praesu-

1153 2435 1268 2495 mimus
1288 2431 1484 2493 materialem
1504 2425 1688 2487 haereticum
1716 2423 1835 2504 absque
1860 2443 1947 2486 scru-

1154 2522 1227 2602 pulo
1243 2521 1293 2582 die
1308 2518 1438 2581 Veneris
1457 2515 1622 2577 comedere
1646 2530 1776 2586 carnes;
1798 2512 1948 2575 Calvinis·

1154 2615 1219 2673 tam
1242 2609 1323 2670 nolle
1347 2625 1471 2668 sumere
1492 2621 1608 2682 corpus
1629 2601 1766 2673 Christi3
1796 2601 1947 2664 hathere-

1155 2717 1230 2760 num
1252 2698 1331 2758 rclle
1355 2713 1478 2758 sumere
1502 2709 1615 2772 corpus
1637 2689 1766 2769 Christi,
1792 2689 1847 2752 scd
1876 2705 1947 2752 cum

1154 2807 1246 2870 pane.
1264 2785 1335 2848 Pari
1357 2785 1453 2864 igitur
1469 2783 1541 2864 jure
1565 2779 1817 2860 praesumendum
1838 2783 1897 2854 est,
1922 2777 1946 2838 si

1155 2879 1224 2939 dure
1250 2880 1341 2937 sectae
1365 2874 1503 2935 habeant
1529 2871 1655 2933 diversa
1682 2867 1838 2950 principia
1866 2868 1949 2929 circa

1155 2968 1350 3028 contractum
1360 2960 1561 3037 Matrimonii,
1574 2959 1659 3040 quod
1674 2957 1835 3040 utriusque
1850 2959 1947 3018 secta-

1155 3057 1239 3116 tores
1260 3049 1356 3111 velint
1379 3049 1465 3110 illum
1486 3048 1566 3108 inire
1586 3047 1677 3128 juxta
1700 3063 1757 3107 sua
1780 3044 1944 3125 principia.

1156 3142 1210 3204 llis
1224 3137 1404 3218 suppositis,
1420 3139 1572 3216 putarunt
1585 3133 1637 3195 alii
1652 3132 1768 3195 Titium
1782 3151 1875 3212 posse
1890 3133 1947 3194 dn-

1157 3247 1227 3290 eero
1251 3227 1355 3288 aliam.
1380 3224 1469 3286 Ratio
1494 3227 1564 3284 est:
1592 3224 1620 3283 l.
1644 3220 1723 3293 Ouia
1742 3221 1830 3299 prius
1843 3218 1948 3286 Matri·

1157 3317 1297 3378 monium
1318 3314 1358 3374 ab
1381 3311 1470 3373 initio
1490 3309 1549 3370 fuit
1563 3309 1694 3385 nullum,
1710 3313 1766 3369 aut
1779 3308 1805 3368 si
1820 3307 1882 3370 fuit
1894 3305 1950 3368 ah'·

1159 3403 1254 3485 quod,
1270 3421 1327 3481 per
1341 3419 1419 3481 quas
1433 3417 1555 3474 causas,
1577 3401 1609 3459 et
1630 3396 1787 3478 quomodo
1812 3397 1873 3460 luit
1894 3397 1950 3458 nli-

1159 3491 1284 3573 quando
1299 3493 1505 3565 contractum,
1529 3505 1586 3568 per
1609 3485 1735 3547 easdem
1759 3484 1850 3547 desiit
1870 3501 1947 3546 esse.

1159 3579 1248 3654 Quod
1263 3577 1495 3639 Matrimonium
1517 3575 1588 3638 Titii
1612 3573 1740 3636 arbitrio
1764 3573 1859 3635 luerit
1884 3573 1950 3634 nul-

1158 3669 1234 3742 lum,
1251 3666 1295 3726 ita
1308 3661 1457 3724 suadetur
1473 3681 1479 3722 :
1497 3660 1691 3742 Quicumque
1706 3659 1863 3722 contrabit
1886 3659 1950 3722 Ma-

1158 3752 1339 3817 trimonium
1353 3751 1411 3812 sub
1425 3748 1603 3810 conditione
1617 3752 1778 3828 pugnante
1793 3766 1867 3810 cum
1881 3747 1949 3809 sub

1159 3841 1273 3903 stantia
1287 3836 1476 3900 Matrimonii
1490 3840 1653 3915 acceptata
1662 3836 1702 3897 ab
1712 3837 1811 3898 altero
1827 3841 1950 3899 contra-

1159 3931 1264 4004 hente,
1281 3933 1364 3988 etex
1378 3924 1432 3988 tali
1446 3923 1618 3986 intentione
1633 3923 1752 3986 efficaci
1772 3942 1810 3986 ac
1829 3941 1951 4005 preera-

1159 4019 1257 4094 lcnte,
1295 4016 1320 4076 is
1354 4013 1510 4075 contraxit
1541 4011 1701 4086 invalide3
1739 4013 1826 4093 atqui
1853 4013 1951 4074 Titius

1160 4105 1314 4169 contraxit
1340 4101 1574 4166 Matrimonium
1602 4101 1660 4162 sub
1688 4101 1868 4164 conditione
1897 4121 1950 4181 pu·

1159 4198 1275 4276 gnante
1298 4210 1369 4253 cum
1391 4190 1565 4251 substantia
1584 4189 1774 4251 Matrimonii
1789 4193 1951 4270 acceptato

1160 4283 1200 4345 ab
1221 4283 1318 4344 altero
1343 4278 1559 4354 contrahente,
1585 4280 1617 4339 et
1640 4297 1684 4338 ex¹
1702 4279 1755 4339 tali
1778 4279 1949 4342 intentione

1160 4369 1279 4432 efficaci
1301 4386 1338 4428 ac
1357 4366 1558 4445 praevalente,
1582 4383 1670 4444 ergo.
1695 4363 1796 4446 Major
1817 4370 1866 4428 est
1889 4383 1950 4428 om-

1160 4459 1258 4535 nium,
1275 4460 1306 4518 et
1320 4454 1476 4516 deciditur
1501 4452 1574 4535 Cap.
1599 4453 1654 4535 fin.
1680 4449 1724 4515 De
1744 4451 1951 4516 condiu'onitru

1160 4543 1311 4628 opposite,
1333 4560 1407 4602 nam
1421 4541 1559 4622 alioquin
1573 4541 1748 4620 intendent,
1770 4547 1802 4606 ct
1824 4561 1888 4606 non
1906 4543 1951 4604 in-

1159 4634 1289 4696 tendent
1303 4630 1548 4692 Matrimonium.
1569 4629 1674 4691 Minor
1691 4631 1779 4712 prod.
1796 4630 1951 4711 Imprimis

1159 4721 1258 4784 Titius
1272 4718 1427 4780 contraxit
1441 4718 1499 4780 sub
1513 4719 1874 4800 conditionepugnante,
1891 4735 1950 4780 non

1161 4807 1348 4872 contrahens
1371 4806 1429 4868 sub
1450 4807 1628 4870 conditione
1652 4806 1901 4870 dissolubilitatis
1920 4804 1950 4866 in

1161 4913 1256 4958 causa
1269 4892 1493 4970 fornicationis,
1515 4893 1673 4956 contrahit
1691 4894 1750 4955 snb
1775 4894 1950 4958 conditione

1161 4985 1320 5063 pugnante
1335 4997 1406 5039 oum
1425 4980 1599 5042 substantia
1620 4981 1829 5056 Matrimonii;
1855 4981 1951 5044 'l'itius

1161 5065 1315 5131 contraxit
1336 5065 1395 5127 sub
1417 5065 1477 5129 ista
1498 5065 1677 5128 conditione
1692 5067 1948 5140 dissolubilitatis,

1161 5175 1247 5237 ergo.
1261 5153 1361 5236 Major
1371 5157 1418 5216 cst
1426 5153 1566 5215 omnium
1574 5153 1818 5235 catholicorum,
1827 5162 1859 5220 et
1867 5175 1950 5220 cons-

1160 5247 1206 5307 tat
1220 5261 1258 5303 cx
1272 5241 1383 5302 eodem
1398 5243 1472 5319 Gap.
1494 5241 1547 5302 ilo.
1574 5239 1675 5302 Minor
1689 5245 1775 5321 patet
1790 5262 1828 5304 ex
1841 5241 1951 5308 termi-

1160 5332 1208 5395 nis
1222 5349 1323 5393 casus.
1341 5331 1458 5393 Deinde
1473 5329 1609 5392 conditio
1634 5331 1700 5393 haec
1715 5330 1773 5394 fuit
1792 5333 1950 5413 acceptata

315 5421 512 5502 probabilem
539 5437 606 5481 esse
634 5418 841 5498 seutentiam,
874 5439 969 5500 quam
998 5420 1107 5482 dicunt
1160 5421 1200 5482 ab
1227 5421 1324 5482 altero
1353 5419 1557 5482 contrahente
1582 5419 1737 5499 (quamvis
1763 5419 1796 5483 id
1825 5419 1951 5485 nonsit

315 5509 409 5578 tuisse
433 5508 572 5589 Gajetani
597 5513 627 5570 et
650 5507 809 5576 Catharini
833 5507 1012 5572 docentium
1040 5511 1105 5570 Ma-
1161 5527 1251 5594 opus,
1269 5509 1312 5570 uti
1328 5512 1436 5571 contra
1458 5509 1596 5586 Pugnan,
1614 5511 1742 5572 covarr,
1759 5511 1882 5573 etalios
1896 5511 1949 5572 Ga·
