3986 6350
357 525 417 588 464
1080 521 1196 586 ulons
1216 519 1268 584 IX.

352 713 466 788 Pater
481 711 621 795 Noster,
641 732 782 809 csopru
800 709 815 783 l
834 709 902 784 doc
916 711 1071 809 procelli
1088 707 1185 784 dello
1210 709 1357 784 Cerito.
1377 709 1546 785 Venetam
1576 709 1684 802 buius
1712 711 1795 786 libri
1821 709 1970 788 editionem

352 855 416 930 per
431 835 686 929 Hieronymum
707 833 864 908 Scottum
892 839 1047 906 curatam
1066 853 1161 907 anno
1179 830 1287 918 l55l,
1317 841 1489 908 memorat
1505 832 1685 927 Haymus;
1712 834 1801 908 mibi
1819 834 1859 908 ad
1875 855 1970 912 nanu

352 966 406 1032 est
430 960 495 1031 alia
521 958 708 1032 abeodem
729 957 847 1031 Scotto
874 963 993 1048 parata
1020 956 1162 1031 duobus
1188 964 1268 1030 ante
1289 957 1380 1029 banc
1399 957 1514 1040 annis,
1541 975 1635 1030 anno
1662 975 1794 1050 nempe
1821 954 1969 1032 totam

350 1080 525 1154 Ludovico
557 1081 773 1162 Granatensi,
805 1079 954 1170 eiusque
983 1077 1249 1153 introductione
1276 1079 1314 1151 in
1346 1079 1552 1172 Symbolum
1587 1078 1674 1170 quid
1707 1098 1802 1172 opus
1827 1086 1875 1153 est
1897 1083 1968 1172 plura

349 1204 454 1278 verba
480 1200 618 1277 iaceret
634 1201 696 1274 Vir
720 1207 826 1275 notus
849 1202 1014 1292 cuiquam
1034 1201 1181 1292 scriptor
1200 1201 1383 1275 Societatis
1404 1201 1542 1276 Nostrae
1567 1201 1892 1276 commemorandus
1906 1201 1967 1276 nibi

348 1333 413 1410 est,
436 1326 538 1416 cujus
556 1331 674 1398 lamen
702 1323 890 1414 Theologia
917 1322 1134 1398 Catocbetica
1155 1321 1358 1398 ilonaslerii
1380 1323 1664 1417 Westpbaiorum
1695 1344 1783 1398 ann.
1811 1322 1906 1408 toto,
1925 1343 1966 1398 cr·

347 1468 444 1540 cusa,
462 1450 571 1540 inque
588 1448 697 1520 libros
717 1447 875 1538 quinque
904 1446 1085 1538 dispertita
1110 1445 1197 1518 nihil
1217 1447 1441 1537 exquisitius
1468 1445 1679 1539 doctiusquc
1698 1447 1786 1538 tingi
1811 1453 1922 1540 potest.
1938 1445 1962 1520 is

347 1578 401 1643 est
420 1570 462 1644 R.
481 1569 520 1642 P.
536 1569 661 1643 Petrus
675 1569 834 1653 Wittielt,
852 1569 896 1641 de
909 1589 980 1661 quo
1000 1588 1080 1643 cum
1093 1568 1199 1642 laude
1213 1569 1373 1643 meminit
1390 1571 1579 1662 stegambe
1598 1571 1635 1644 in
1657 1569 1862 1644 Bibliotbcc.
1876 1569 1963 1644 Socie-

348 1695 439 1766 tatis.
460 1691 664 1785 Optandum
696 1709 793 1777 sane,
822 1698 862 1763 nt
890 1690 1142 1784 Typographus
1163 1692 1290 1783 aliquis
1319 1692 1562 1784 pereruditum
1599 1693 1666 1766 boc
1691 1713 1785 1786 opus
1809 1693 1916 1767 iterum
1937 1693 1960 1765 in

345 1814 460 1888 lucem
480 1815 626 1897 emittat,
646 1832 774 1904 magno
788 1812 1009 1887 catecbeticac
1028 1813 1078 1884 rei
1096 1813 1353 1888 emolumento.
1374 1815 1579 1889 biarchantii
1604 1834 1749 1907 quoque
1773 1815 1960 1890 Hortuslas·

348 1943 461 2010 torum
487 1957 549 2011 sua
568 1936 716 2011 utilitate
744 1955 817 2008 non
844 1941 951 2008 caret.
980 1934 1049 2008 Sed
1076 1936 1291 2011 recentiores
1322 1937 1460 2029 aliquos
1478 1957 1575 2011 nunc
1594 1936 1784 2012 addamus.
1806 1937 1958 2012 Bossuatus

346 2057 536 2134 beidensis
553 2057 747 2152 Episcopus
764 2059 801 2131 in
820 2057 941 2151 primis
959 2057 1195 2132 adnotandus.
1216 2059 1359 2153 Scripsit
1383 2061 1442 2134 iiie
1459 2059 1589 2134 Gallico
1611 2061 1781 2136 idiomate
1800 2059 1957 2160 depositio

343 2203 423 2255 uem
437 2181 609 2256 doctriua
626 2177 792 2255 Ecclesia
813 2175 1011 2253 Catholicae
1026 2177 1068 2252 de
1086 2178 1192 2254 rebus
1216 2177 1260 2254 ab
1282 2179 1460 2255 hereticis
1485 2182 1526 2256 iu
1546 2185 1826 2257 controversiam
1842 2180 1953 2260 uocatis,

343 2304 723 2397 quaerarissimorum
742 2303 896 2377 virorum
920 2303 1095 2394 suffragiis
1123 2303 1368 2378 commendata
1396 2305 1529 2396 prodiit
1551 2302 1674 2380 Romae
1701 2325 1796 2380 anno
1821 2301 1954 2386 ibides

341 2413 455 2501 italica
472 2427 633 2501 versione
652 2425 824 2500 Francisci
838 2425 985 2500 Nazarii.
1007 2425 1098 2499 Huic
1115 2428 1315 2520 proximum
1331 2429 1447 2502 locum
1464 2428 1591 2503 damus
1605 2428 1886 2526 institutionibus
1897 2426 1953 2501 dot

341 2549 444 2624 trinae
462 2547 668 2625 Christianae
684 2548 779 2623 Petri
794 2547 959 2624 Ludorici
977 2547 1106 2636 banos,
1125 2570 1207 2642 qua
1229 2571 1248 2625 a
1263 2553 1392 2626 selecta
1407 2553 1605 2627 eruditione
1623 2559 1657 2626 et
1674 2553 1885 2645 integerrima
1895 2549 1952 2622 doo

341 2673 432 2745 trina
452 2671 676 2747 laudantura
696 2672 810 2747 doctis
829 2673 1044 2764 quibusque.
1066 2673 1108 2746 In
1134 2673 1233 2747 italia
1261 2672 1351 2770 [nam
1372 2673 1607 2749 Gatecheticas
1628 2675 1806 2750 Gallorum
1825 2687 1952 2766 quorun

340 2795 421 2871 dam
436 2797 712 2882 lucubrationes,
732 2816 821 2891 quas
834 2798 926 2871 inter
940 2815 1026 2870 sane
1040 2793 1184 2889 praestat
1197 2796 1343 2871 Turlotii
1358 2795 1560 2872 Thesaurus
1582 2797 1753 2872 doctrinae
1774 2795 1948 2872 Christiana¹

340 2918 486 3013 Pougeti
503 2939 617 3015 nuper
632 2920 817 2994 memorati
833 2919 1091 3002 institutiones,
1112 2920 1318 3012 caeteroqui
1336 2924 1438 2993 caute
1451 2919 1623 3012 legendae,
1646 2920 1713 2993 nisi
1731 2925 1880 2994 correcta
1892 2915 1947 2993 sint.

339 3061 379 3115 ac
398 3041 605 3135 Bougcantii
630 3043 743 3117 nostri
767 3043 959 3136 Explicatio
987 3041 1158 3115 doctrinae
1184 3040 1391 3116 Christianae
1415 3049 1569 3133 quatuor
1584 3040 1702 3115 Tomis
1725 3039 1947 3134 comprehensa.
1974 3049 1975 3054 ‘

338 3170 444 3256 alque
460 3164 578 3240 Italica
592 3165 729 3240 reddita
744 3165 929 3251 suadente,
948 3171 1054 3256 atque
1072 3164 1118 3238 ob
1138 3165 1313 3256 insignem
1329 3165 1558 3238 eruditissimi
1580 3164 1698 3258 operis
1714 3164 1882 3238 utilitatem
1896 3158 1947 3229 bor·
1973 3231 1974 3263 .

337 3294 513 3373 tanteme,
531 3309 603 3362 non
618 3295 716 3362 uacat
730 3288 892 3382 pluribus
905 3285 1121 3382 recensere),
1138 3286 1175 3360 in
1188 3286 1301 3371 italia,
1320 3287 1479 3378 inquam,
1497 3287 1755 3370 Pinamontius,
1771 3279 1947 3368 Ardiaitea
1970 3297 1973 3352 t

337 3409 429 3501 gius,
451 3409 631 3485 Ferrarius
645 3429 664 3483 e
679 3409 851 3484 Societate
863 3407 949 3484 Iesu
962 3427 1087 3484 omnes
1106 3428 1179 3482 non
1198 3409 1390 3485 multorum
1406 3429 1582 3484 annorum
1599 3408 1780 3482 intervallo
1794 3407 1861 3480 suis
1874 3398 1942 3474 libris
1969 3371 1972 3464 l

338 3550 412 3607 rom
432 3531 685 3608 Gatecbetiuam
701 3533 932 3607 illustrarunt.
959 3533 1053 3605 Alios
1077 3531 1320 3623 praetermitto.
1346 3531 1463 3606 Nibiio
1481 3538 1598 3606 tamen
1615 3531 1735 3606 minus
1754 3523 1943 3619 injucundum
1968 3465 1971 3606 l

339 3655 435 3732 baud
451 3657 525 3731 iore
543 3656 720 3741 Paroobis,
751 3662 786 3729 et
811 3653 1016 3730 catechistis
1044 3654 1210 3728 omnibus
1228 3654 1417 3728 arbitratus
1432 3673 1525 3739 sum,
1544 3654 1573 3726 si
1590 3655 1626 3726 in
1643 3660 1738 3728 tanta
1753 3648 1944 3726 Gatecbisuo
1967 3645 1969 3722 l

339 3797 417 3854 rum
436 3780 536 3873 copia
561 3777 736 3854 edocuere
766 3777 853 3870 quid
879 3776 923 3850 ad
952 3774 1188 3850 Catecbetioas
1214 3777 1455 3851 institutiones
1486 3777 1645 3850 conterre
1673 3775 1784 3868 possit
1801 3743 1968 3846 neutri*

339 3902 478 3978 lioraiis
494 3903 694 3996 Theologia.
713 3899 801 3977 Nam
816 3901 896 3994 quis
915 3921 936 3975 e
952 3919 990 3974 re
1006 3919 1070 3974 sua
1088 3918 1259 3975 essenon
1277 3907 1389 3993 putet,
1407 3921 1492 3985 uno,
1515 3900 1712 3992 eodemque
1731 3897 1817 3971 libro
1836 3893 1873 3966 ad
1889 3885 1942 3962 uui·

337 4045 473 4102 versam
487 4026 656 4130 iioraiem
671 4026 865 4110 scientiam,
881 4030 916 4098 et
929 4024 974 4098 ad
989 4022 1217 4097 Gatecbeticae
1233 4025 1429 4117 precipuas
1443 4031 1561 4115 partes
1576 4017 1778 4097 iniormaril
1797 4017 1843 4093 lta
1857 4017 1940 4086 auen

337 4149 374 4223 id
392 4170 411 4223 a
432 4151 536 4225 nobis
554 4148 807 4243 praestandum,
840 4154 880 4221 ut
905 4165 986 4241 qua
1015 4145 1052 4218 in
1071 4142 1221 4220 Auctore
1246 4153 1369 4220 nostro
1401 4145 1445 4220 ad
1470 4145 1563 4219 banc
1588 4145 1785 4218 laenitatem
1809 4133 1931 4231 spectaui

337 4285 378 4346 ea
404 4267 565 4346 indicatis
590 4278 727 4346 tantum
754 4271 840 4346 iocis
867 4268 1097 4361 designemus
1127 4286 1210 4358 quae
1235 4267 1380 4353 desunt,
1408 4275 1534 4343 caetera
1558 4267 1707 4341 breriter
1733 4261 1875 4356 quidem,
1938 4245 1939 4256 '

335 4396 522 4489 perspicue
545 4401 663 4471 tamen
687 4411 931 4488 exponamns;
959 4391 1014 4464 vei
1041 4395 1134 4465 certe
1153 4390 1270 4466 lantes
1294 4390 1394 4476 aiios,
1423 4389 1519 4464 undo
1548 4389 1679 4464 hauriri
1707 4387 1805 4462 iacile
1825 4375 1937 4476 possint

337 4516 563 4594 denotemus.
