3974 6348
604 574 656 636 DE
679 575 711 636 S.
739 572 948 638 CRUGIATAE
976 574 1120 638 BULLA.

61 761 194 824 rontincis
207 758 350 838 intentio,
367 761 448 822 utin
464 761 531 823 loeo
547 761 687 841 quolibet
702 761 758 822 etsi
774 761 830 824 mi-

13 881 14 890 *
62 853 129 911 nimo
142 849 365 929 promulgetur,
379 853 442 911 uta
455 850 706 929 promulgatione
722 869 831 910 nume-

61 943 246 998 returannus.
264 935 345 997 Itid.

91 1024 210 1100 Tertius,
222 1042 342 1084 annum
352 1042 416 1084 non
431 1024 588 1085 numerari
600 1043 619 1086 a
629 1024 679 1085 die
695 1031 830 1107 accepta

61 1112 149 1187 Bnlla,
172 1111 226 1172 sed
240 1129 259 1172 a
274 1112 326 1172 die
346 1112 617 1191 promulgationis,
643 1114 752 1194 ltaque
778 1115 830 1194 qui

61 1202 92 1262 ob
114 1200 347 1280 negligentiam,
374 1200 425 1260 vel
451 1201 736 1279 impossibilitatem
765 1221 829 1263 non

13 1295 14 1374 j
60 1288 159 1368 accepit
171 1289 302 1364 Bullam,
319 1287 377 1348 nisi
393 1294 463 1367 post
477 1289 591 1350 multos
607 1289 673 1350 dies
688 1291 828 1370 promul-

61 1381 157 1456 gatam,
182 1394 241 1437 uon
264 1375 362 1438 debet
383 1394 502 1438 annum
525 1396 545 1440 a
567 1377 618 1438 die
641 1379 832 1459 acceptionis

62 1483 213 1526 numerare.

93 1555 223 1630 Quartus,
247 1571 311 1614 non
333 1551 476 1613 sufficere
498 1551 704 1616 intentionem
722 1558 753 1616 et
767 1557 831 1616 ani·

13 1635 14 1704 Ξ
62 1661 131 1704 num
144 1640 313 1720 accipiendi
328 1640 462 1718 Rullum,
480 1645 514 1702 ut
528 1641 597 1721 quis
613 1641 680 1723 ejus
694 1645 833 1722 gaudeat

13 1743 15 1814 g
63 1731 223 1810 privilegiis,
248 1728 307 1789 sed
331 1727 447 1807 requiri
467 1731 622 1792 actualem
641 1730 708 1811 ejus
723 1749 831 1811 accep-

13 1833 14 1838 ’
62 1821 169 1884 tionem.

13 1901 14 1904 '
94 1908 221 1984 Quintus,
247 1926 312 1969 non
335 1907 490 1983 sufficere,
515 1907 599 1985 quod
624 1908 692 1988 quis
715 1913 830 1988 speret,

13 1987 14 2006 .
64 2000 142 2060 alium
154 2015 207 2077 pro
222 2015 255 2057 se
270 1996 330 2057 sibi
346 1997 468 2057 Bullam
487 1999 700 2076 accepturum,
718 2002 752 2058 ut
766 1997 831 2076 ipse

13 2091 17 2130 ἰ
63 2086 211 2166 privilegiis
226 2088 335 2146 utatur
347 2084 455 2145 Bullae.

13 2189 15 2228 1
95 2178 203 2250 Sextus,
219 2189 294 2233 eum
315 2171 367 2251 qui
389 2176 474 2232 certo
497 2171 565 2250 scit,
591 2172 675 2233 domi
691 2191 766 2248 suae,
783 2171 832 2232 vel

13 2275 14 2332 ς
65 2263 188 2344 lupatria
202 2280 269 2338 sua,
287 2279 385 2341 aqua
398 2265 473 2322 tuuc
487 2259 587 2338 abest,
604 2265 748 2339 parentes
763 2276 832 2338 pro-

13 2365 14 2402 f
65 2353 149 2430 prios,
172 2352 219 2411 vel
242 2367 413 2429 personam
436 2349 529 2410 aliam
553 2350 695 2428 accipere
719 2367 775 2429 pro
799 2366 832 2407 se

65 2439 117 2519 ipso
130 2440 250 2500 absente
260 2438 386 2499 Bullam
401 2436 455 2498 tali
470 2437 520 2498 die
536 2441 729 2517 ottempore,
742 2454 832 2516 posse

13 2537 15 2558 ³
65 2529 180 2606 gaudere
206 2527 304 2588 Rullm
333 2525 525 2605 privilegiis;
551 2527 625 2607 quie
652 2526 683 2586 in
708 2525 832 2604 negotio

13 2665 15 2692 ,
65 2617 155 2680 morab
173 2620 294 2678 tantum
316 2615 400 2677 valet
419 2615 474 2676 illa
494 2615 659 2692 certitudo,
681 2617 834 2693 quantum

13 2721 14 2754 ³
66 2705 171 2785 propria
187 2723 243 2783 per
265 2721 301 2766 se
320 2703 423 2782 ipsum
442 2702 539 2763 Budas
563 2702 656 2764 realis
679 2700 831 2779 acceptio.

13 2805 15 2852 5
66 2794 150 2856 llend.
171 2792 240 2856 r'tid.
263 2793 356 2854 Dian.
377 2811 409 2872 p.
432 2794 462 2868 8,
480 2799 520 2852 tr.
538 2794 586 2869 ll,
604 2791 641 2852 n.
658 2794 708 2868 99,
726 2793 835 2851 contra

13 2905 14 2934 2
67 2881 242 2960 badaloga
257 2879 401 2944 et'l'rull.

13 2969 14 2976 '
96 2969 249 3050 Septimus,
262 2987 336 3030 eum
352 2968 404 3048 qui
419 2971 561 3048 tempore
575 2965 835 3046 promulgationis

67 3057 145 3119 Sulla
162 3056 320 3118 invenitur
339 3055 371 3116 in
392 3056 473 3132 loco,
490 3055 543 3117 ubi
557 3054 679 3117 Bullam
693 3058 758 3117 tam
773 3055 834 3116 cito

67 3144 185 3224 accipere
195 3164 257 3207 non
267 3149 381 3225 potest,
394 3144 478 3205 hunc
492 3161 555 3206 non
569 3161 661 3223 posse
676 3144 836 3222 praeterita

13 3243 15 3280 ὲ
68 3234 139 3295 Bulla
150 3233 190 3296 uti
204 3254 261 3316 per
269 3240 374 3297 totum
387 3237 522 3313 tempus,
535 3233 619 3314 quod
630 3233 696 3294 sine
706 3236 836 3312 accepta

13 3319 15 3392 3
67 3341 133 3384 nova
152 3323 304 3386 consumit
316 3323 407 3384 Bulla
423 3343 431 3394 ;
458 3321 517 3382 nisi
535 3321 615 3382 forte
639 3321 835 3382 antecedenti

13 3459 15 3490 :
67 3411 145 3473 ltullae
157 3431 253 3474 annus
274 3429 337 3472 non
357 3408 553 3489 praetenerit,
570 3409 644 3489 quia
658 3413 733 3471 tunc
747 3417 836 3489 pote-

68 3499 99 3561 rit
109 3501 267 3580 privilegiis
283 3499 351 3580 ejus
365 3499 505 3579 gaudere
525 3517 624 3579 usque
639 3498 680 3559 ad
694 3499 767 3559 anui
780 3490 836 3559 ira-

69 3590 157 3651 luralis
170 3590 431 3669 complementum
447 3593 609 3649 secuturus
624 3587 795 3648 secundam
806 3592 837 3650 et

67 3677 170 3738 tertiam
191 3677 389 3758 opinionem3
415 3677 490 3758 quia
513 3675 724 3755 privilegium,
751 3677 836 3757 quod

69 3783 111 3843 pro
127 3765 326 3828 determinato
350 3769 492 3845 tempore
517 3764 711 3840 conceditur,
735 3769 838 3826 trans·

69 3859 124 3915 neto
136 3857 268 3935 tempore
283 3859 395 3916 cessat.

98 3944 227 4022 Octavus,
257 3943 344 4024 quod
376 3943 407 4004 in
431 3942 596 4023 opinione,
622 3962 692 4024 quse
716 3961 836 4004 annum

68 4029 145 4092 Sulla
157 4032 292 4112 assignat
305 4031 568 4108 Ecclesiasticum,
586 4049 648 4092 non
664 4035 751 4093 caret
765 4049 838 4110 pro-

69 4117 216 4200 babilitate,
225 4139 299 4182 eum
313 4120 366 4201 qui
381 4120 504 4181 Rullum
513 4119 627 4199 accipit
639 4120 766 4196 Matriti,
784 4119 837 4181 ubi

70 4211 127 4268 ante
145 4209 367 4288 promulgatur,
392 4211 423 4270 et
443 4207 530 4269 vadit
549 4210 836 4288 cesaraugustam,

72 4293 112 4354 ubi
124 4296 214 4358 serius
227 4315 319 4377 posse
335 4295 377 4359 uti
400 4298 645 4376 Caesaraugusta
669 4297 839 4376 privilegiis

71 4383 150 4445 Bulla
175 4390 308 4466 accepta
328 4387 456 4464 Matriti,
489 4403 653 4466 quousque
677 4388 840 4448 Caesarau-

71 4475 152 4550 gusta
164 4475 377 4552 promulgetur
399 4493 535 4556 sequens
558 4475 658 4551 Bulla,
675 4480 840 4537 numerato

71 4577 140 4622 suno
159 4562 384 4641 Ecclesiastico,
410 4581 473 4625 non
497 4581 517 4624 a
535 4562 785 4642 promulgatione
800 4565 840 4625 ad

71 4649 330 4728 promulgationem
354 4649 469 4713 Matriti
493 4651 620 4726 iactam,
646 4650 703 4711 sed
726 4669 746 4712 a
767 4669 841 4730 pro-

72 4735 251 4815 mulgatione,
277 4755 346 4818 quae
369 4739 404 4799 lit
426 4737 561 4816 Matriti,
587 4756 685 4817 usque
709 4738 751 4798 ad
770 4757 839 4818 pro-

72 4824 283 4904 mulgationem,
298 4843 368 4907 quse
392 4829 639 4906 Caesaraugusta
661 4827 738 4900 fiet3
766 4828 841 4906 quia

72 4909 126 4972 bec
137 4911 223 4974 debet
237 4914 381 4992 presumi
397 4913 554 4976 Pontificis
569 4913 719 4990 intentio,
738 4933 777 4974 no
800 4915 838 4992 is,

73 4998 116 5077 qui
128 5001 387 5080 cesaraugustam
410 5001 534 5065 blatrito
559 5001 655 5078 venit,
681 5002 842 5063 Matritum

74 5087 158 5149 redire
176 5095 303 5168 cogatur
326 5090 366 5150 ad
390 5089 606 5168 accipiendam
628 5089 770 5165 Bullam,
792 5091 841 5151 vel

73 5191 119 5250 pro
132 5193 164 5236 eo
174 5181 310 5256 tempore
324 5183 430 5240 careat
444 5179 511 5258 ejus
526 5176 708 5256 privilegiis,
726 5182 757 5238 et
769 5197 843 5257 gra-

75 5261 124 5338 tiis,
147 5266 254 5327 Saneh.
278 5267 307 5328 in
326 5265 420 5328 select.
445 5266 519 5348 disp.
541 5270 592 5342 55,
608 5285 627 5327 0
641 5285 671 5326 0.
688 5268 725 5337 8;
741 5268 838 5329 Trull.

76 5344 449 5432 l.l,§l,dnb.l0,n.5;
473 5352 838 5434 Mendode'sp.l,n.23,

77 5432 119 5494 uhi
131 5437 215 5515 plura
228 5441 326 5503 affert.

110 5521 229 5606 sopater
237 5547 346 5610 premo,
362 5548 401 5592 nn
413 5528 608 5614 privilegium
629 5529 732 5592 Bnttoe
744 5532 844 5616 ponti.

1623 575 1681 636 363

883 761 951 845 ficis
968 761 1145 825 concedentis
1165 771 1255 825 morte
1277 761 1429 844 finiatur?
1449 765 1484 822 a.
1508 760 1683 823 affirmeti-

884 870 959 912 vam
976 851 1163 914 sententiam
1186 871 1248 912 non
1263 871 1330 913 esse
1350 868 1560 926 communem,
1578 868 1681 929 neque

885 957 1003 1000 veram.
1023 940 1178 1002 Probatur
1192 959 1229 1001 en
1243 959 1268 1002 c.
1290 939 1327 1002 Si
1344 959 1431 1020 super
1443 938 1543 1020 pretio
1564 937 1683 1019 010οῙ3-

885 1029 928 1088 cio
951 1037 980 1088 et
995 1029 1218 1109 poroselene.
1236 1028 1330 1110 delep.
1353 1030 1384 1088 ln
1403 1032 1432 1089 6.
1451 1027 1510 1089 Ubi
1530 1026 1574 1088 ait
1587 1026 1683 1088 Boni-

884 1116 984 1176 lacius
1010 1119 1165 1194 Octavus,
1191 1118 1326 1197 gratiam
1349 1135 1368 1176 a
1392 1116 1472 1178 Sede
1501 1114 1682 1192 Apostolica

885 1205 1010 1280 factam,
1031 1223 1094 1265 non
1110 1205 1255 1284 expirare
1269 1209 1370 1266 morte
1385 1203 1604 1276 concedentis,
1626 1201 1682 1262 sed

886 1293 976 1353 Bulla
995 1291 1148 1352 Cruciatrs
1171 1297 1217 1354 est
1239 1292 1342 1371 gratia
1364 1311 1384 1353 a
1405 1291 1485 1354 Sede
1500 1289 1682 1368 apostolica

886 1379 988 1454 lacta;
1006 1398 1080 1459 ergo
1097 1399 1158 1440 noa
1175 1381 1296 1460 expirat
1311 1387 1411 1442 morte
1426 1379 1639 1441 concedentis

927 1469 1060 1530 Secundo
1075 1470 1228 1551 queantur,
1252 1489 1292 1530 an
1306 1467 1447 1548 Pontifex
1464 1469 1585 1530 nullam
1599 1487 1683 1530 reoc-

886 1577 953 1618 enre
970 1557 1073 1638 possit.
1096 1561 1132 1618 R.
1158 1556 1247 1630 Quod
1271 1557 1296 1618 si
1312 1576 1413 1617 annus
1433 1557 1501 1637 jam
1517 1555 1679 1635 inceperit,

886 1665 948 1705 non
964 1651 1066 1723 potest
1080 1645 1220 1705 Pontifex
1239 1645 1321 1705 intra
1345 1664 1463 1706 aunum
1485 1645 1609 1705 Bullam
1633 1663 1682 1703 re-

887 1751 1011 1810 vocare,
1037 1733 1096 1792 nisi
1116 1732 1203 1813 justa
1225 1733 1395 1792 revocandi
1419 1731 1501 1793 adsit
1520 1749 1625 1808 eausa,
1647 1735 1681 1792 et

886 1822 1134 1900 recompensatio
1149 1823 1204 1882 fiat
1226 1821 1274 1881 his
1296 1823 1350 1901 qui
1370 1821 1492 1882 Bullam
1514 1837 1679 1898 accepere.

887 1911 949 1972 Sed
964 1909 989 1970 si
1000 1910 1194 1983 nonlrabeat,
1214 1910 1295 1970 unde
1311 1911 1539 1988 recompenset,
1556 1908 1683 1970 stelias

887 1997 1045 2060 communi
1061 1997 1152 2058 saluti
1169 1997 1295 2074 expedit
1314 1997 1482 2074 revocatio,
1500 1997 1619 2076 absque
1635 2015 1684 2056 re·

888 2104 1057 2164 compensa
1078 2084 1193 2163 poterit
1215 2085 1301 2145 illam
1325 2103 1486 2146 revocare.
1514 2085 1601 2146 Ratio
1623 2089 1681 2161 est,

888 2174 963 2254 quia
977 2173 1101 2253 quando
1120 2173 1320 2251 privilegium
1335 2177 1382 2234 est
1395 2191 1452 2252 per
1465 2173 1596 2233 modum
1608 2189 1685 2233 ono-

888 2264 961 2341 rosi,
978 2269 1007 2326 et
1021 2262 1163 2324 lucrativi
1179 2267 1369 2338 contraetuS,
1396 2263 1497 2343 qualis
1521 2261 1682 2324 invenitur

887 2355 919 2415 in
945 2354 1041 2415 Bullee
1067 2351 1286 2427 concessione,
1315 2350 1409 2412 debet
1430 2350 1564 2411 inveniri
1589 2367 1684 2412 eausa

890 2440 1100 2504 revocationis
1128 2439 1194 2520 ejus
1220 2443 1254 2501 nt
1276 2441 1349 2512 llat;
1376 2443 1407 2501 et
1433 2439 1683 2519 recompensatio

888 2531 967 2606 sveri,
985 2529 1111 2609 quando
1127 2528 1271 2605 habetur,
1290 2527 1372 2588 unde
1387 2527 1487 2606 possit
1499 2546 1683 2606 recompen-

888 2617 961 2679 sari.
974 2619 1012 2678 nt
1026 2616 1086 2677 hoc
1100 2616 1237 2695 postulat
1246 2616 1387 2678 naturale
1398 2615 1529 2696 justitiae
1540 2616 1604 2697 jus,
1619 2633 1682 2696 quo

889 2709 1012 2768 tenetur
1026 2706 1174 2784 Princeps
1190 2705 1362 2783 adimplere
1376 2723 1415 2765 ea
1437 2723 1507 2786 quae
1521 2722 1595 2767 cum
1608 2704 1680 2766 sub-

889 2792 960 2854 ditis
984 2797 1093 2871 pactus
1117 2796 1194 2854 erat.
1222 2793 1270 2854 Ab
1289 2793 1349 2853 hac
1366 2798 1473 2854 tamen
1489 2793 1683 2873 obligatione

889 2881 1045 2959 eximitur,
1062 2882 1188 2963 quando
1203 2881 1378 2943 communis
1401 2883 1485 2943 salus
1506 2881 1685 2944 dissolutio-

889 2989 962 3031 nem
977 2970 1339 3049 expostulatpaotorum,
1352 2971 1469 3032 stelias
1480 2987 1686 3049 recompensa

890 3059 930 3121 sit
944 3059 1002 3138 hie,
1027 3060 1078 3140 qui
1094 3059 1339 3139 insumpserunt.
1357 3059 1420 3122 Sed
1442 3059 1468 3121 si
1488 3077 1551 3121 non
1565 3059 1686 3121 babea-

890 3153 951 3224 tur,
968 3148 1051 3209 unde
1066 3148 1314 3226 recompensatio
1330 3149 1396 3209 fieri
1406 3149 1519 3228 valeat,
1538 3152 1687 3228 utpotest

889 3239 1035 3318 princeps
1056 3255 1121 3316 prae
1145 3236 1285 3296 dominio
1311 3237 1513 3315 excellentia,
1535 3256 1597 3318 quo
1613 3237 1686 3298 sub·

890 3327 965 3387 ditis
979 3329 1103 3405 praeest,
1126 3325 1260 3404 propriis
1284 3326 1426 3386 subditos
1448 3327 1606 3405 expoliare
1629 3326 1687 3386 bo-

890 3415 949 3491 niS,
972 3418 1007 3476 ut
1027 3413 1200 3474 imminenti
1225 3413 1349 3474 obviam
1370 3415 1425 3474 liat
1443 3415 1583 3494 periculo
1598 3431 1684 3474 com·

890 3505 989 3579 muni,
1008 3503 1133 3583 quando
1149 3502 1239 3564 aliter
1253 3503 1345 3564 vitari
1360 3507 1507 3584 nequeat,
1519 3503 1564 3564 ita
1578 3502 1686 3564 simili·

890 3598 939 3656 ter
950 3592 1062 3654 eodem
1074 3591 1146 3673 jure
1162 3595 1193 3653 et
1207 3593 1318 3653 eodem
1334 3593 1524 3654 excellentiae
1534 3589 1685 3666 dominio,

891 3679 1005 3760 poterit
1019 3697 1167 3740 revocare
1182 3680 1359 3759 privilegia,
1372 3680 1537 3761 dequibus
1551 3680 1688 3741 hebetur

891 3787 1006 3845 sermn,
1023 3768 1136 3831 Mando
1151 3768 1225 3850 disp.
1243 3772 1271 3846 2,
1289 3787 1319 3829 n.
1333 3771 1382 3845 32,
1399 3773 1448 3846 33,
1465 3773 1504 3831 34
1518 3777 1547 3830 et
1562 3770 1612 3846 35,
1630 3767 1687 3829 ubi

892 3856 970 3918 alios
985 3856 1070 3918 citat.

933 3949 1025 4024 Resp.
1051 3950 1080 4006 2.
1102 3945 1190 4018 Quod
1212 3945 1299 4007 finito
1324 3946 1392 4027 jam
1415 3945 1556 4026 quolibet
1584 3946 1686 4026 spatio

893 4051 1049 4094 annorum
1067 4051 1122 4094 sex
1145 4051 1202 4113 per
1226 4051 1360 4113 quorum
1383 4033 1520 4112 spatium
1538 4052 1688 4096 concessa

894 4125 941 4183 est
964 4122 1064 4198 Bulla,
1086 4124 1190 4199 potest
1214 4120 1354 4181 Pontifex
1377 4120 1462 4180 illam
1485 4138 1543 4200 pro
1558 4121 1686 4182 arbitrio

893 4229 949 4271 suc
964 4226 1124 4286 revocare,
1144 4208 1218 4289 quia
1231 4209 1263 4269 in
1279 4209 1338 4269 hoc
1353 4227 1427 4270 essu
1443 4227 1607 4272 cessavere
1619 4209 1687 4290 jam

894 4299 1030 4362 rationes
1043 4296 1115 4374 illae,
1133 4296 1248 4376 quaein
1264 4299 1454 4377 praecedenti
1471 4316 1622 4378 responso
1638 4318 1689 4360 rc-

895 4387 1059 4458 leruntur;
1086 4387 1117 4445 et
1136 4385 1228 4445 Bulla
1250 4388 1298 4446 est
1316 4386 1419 4465 gretia
1437 4387 1583 4466 quadam
1597 4407 1616 4450 a
1631 4407 1689 4450 vo-

894 4475 1012 4536 luntate
1037 4472 1193 4535 Pontificis
1218 4473 1410 4552 dependere.
1436 4476 1499 4538 Sed
1515 4477 1541 4538 si
1561 4495 1619 4557 pro
1633 4476 1688 4538 tali

895 4563 1094 4625 concessione
1119 4562 1158 4622 ad
1178 4563 1372 4640 sexennium,
1390 4565 1548 4642 acceperit
1570 4569 1688 4646 allego

895 4651 1036 4715 Pontifex
1049 4651 1281 4729 eleemosynam
1289 4651 1427 4731 aliquam
1435 4654 1476 4713 ad
1491 4671 1570 4732 opus
1585 4654 1685 4732 pium,

895 4757 1134 4819 recompensare
1148 4740 1305 4801 tenebitur
1328 4740 1481 4818 Pontifex,
1503 4745 1597 4820 prout
1625 4741 1688 4802 dic·

895 4833 962 4891 tum
978 4830 1039 4901 est;
1058 4827 1142 4905 quod
1157 4827 1252 4889 etiam
1267 4827 1498 4890 observandum
1514 4833 1571 4908 est,
1584 4829 1691 4891 sitatis

896 4915 1053 4978 concessio
1068 4915 1165 4975 Bulla
1180 4915 1221 4976 ad
1235 4916 1418 4978 sexennium
1440 4921 1487 4979 est
1506 4937 1690 4980 remunera-

895 5005 961 5066 tiva
976 5002 1107 5083 alicujus
1122 5003 1265 5080 specialis
1285 5005 1427 5085 obsequii
1449 5006 1589 5084 Apostol.
1616 5006 1687 5068 Se'di

896 5090 1037 5167 exhibiti,
1062 5090 1146 5170 quod
1170 5091 1311 5152 nondum
1335 5094 1602 5154 remunerandum
1625 5096 1688 5168 sit;

896 5179 1070 5259 praesertim
1095 5179 1122 5240 si
1146 5181 1357 5242 remuneratio
1373 5199 1411 5241 ex
1428 5181 1550 5262 justitia
1573 5183 1690 5244 debea-

897 5271 967 5340 tur3
993 5270 1024 5328 et
1043 5265 1069 5326 si
1091 5266 1276 5346 obsequium
1297 5266 1387 5328 titulo
1411 5267 1611 5346 gratitudinis
1634 5269 1693 5331 tuit

896 5355 1081 5430 exhibitum,
1112 5355 1202 5416 titulo
1231 5355 1324 5416 etiam
1352 5355 1553 5433 gratitudinis
1581 5358 1691 5422 referri

896 5443 990 5504 debet
1012 5444 1271 5522 recompensatio.
1298 5445 1336 5504 nt
1360 5461 1427 5504 esse
1455 5445 1691 5510 concessionem

896 5531 1161 5594 remunerativam
1176 5530 1358 5613 gratitudini
1374 5532 1499 5609 suflicit,
1517 5535 1689 5614 utprivile·
