4090 6336
328 585 368 650 l8
974 577 1048 646 aia.
1071 577 1123 647 Vl.
1146 581 1247 645 PARS
1268 573 1320 644 lll.

323 790 411 846 rum;
428 771 606 849 etadditur,
617 769 1009 852 interleprtimaspersoaas,
1021 770 1112 848 idest,
1173 769 1363 832 sentativum
1383 765 1508 829 unionis
1532 765 1755 830 indissolubilis
1768 767 1880 832 Christi
1894 775 1962 830 cant

322 879 386 921 non
408 859 560 920 habentes
584 859 843 939 impedimentum
867 858 1028 919 dirimens.
1057 861 1119 919 Per
1173 858 1288 919 anima.
1306 855 1480 918 Fatendum
1495 856 1669 932 tamenest,
1686 856 1963 936 quodSacramen-

323 946 511 1008 individuam
532 947 602 1008 cita
624 946 855 1008 corauetadr'aem
877 945 1059 1026 intelligitur
1072 945 1118 1007 in·
1172 949 1239 1008 tum
1254 943 1332 1005 illud
1344 944 1377 1004 in
1392 942 1511 1005 ratione
1522 942 1603 1022 signi
1617 943 1862 1022 repraeserrtativi
1876 945 1963 1006 unio-

322 1034 555 1111 dissolubilitas‚
601 1053 696 1114 quam
741 1032 974 1096 Matrimonium
1014 1035 1114 1094 affert.
1172 1032 1221 1093 nis
1240 1029 1463 1094 indissolubilis
1486 1029 1581 1092 Verbi
1601 1047 1673 1091 cum
1687 1037 1801 1093 natura
1814 1032 1960 1111 humana,

322 1124 419 1183 Porro
434 1121 529 1182 allata
542 1120 682 1183 definitio
693 1120 840 1182 convenit
849 1120 943 1181 etiam
957 1120 1119 1182 Matrimo-
1172 1121 1216 1182 sia
1237 1119 1411 1200 partialiter
1433 1118 1573 1181 includat
1595 1119 1690 1180 etiam
1713 1121 1882 1199 copulam:
1907 1122 1963 1184 hac

322 1209 385 1288 nia,
402 1208 487 1289 quod
511 1209 750 1270 Sacramentum
772 1226 834 1270 nou
852 1213 910 1284 est,
927 1207 1010 1268 unde
1025 1212 1118 1286 prout
1172 1208 1256 1270 enim
1271 1207 1337 1270 sola
1359 1224 1422 1268 non
1445 1207 1565 1287 posita„
1577 1225 1639 1268 nou
1654 1210 1702 1269 est
1715 1209 1858 1271 absoluta
1872 1209 1963 1270 indis·

322 1303 369 1360 est
392 1299 642 1374 Sacramentum,
668 1296 790 1358 deliniri
805 1300 908 1375 potest
922 1294 981 1356 boa
996 1296 1090 1356 modo
1107 1313 1114 1356 :
1172 1295 1353 1358 solubilitas.
1374 1297 1413 1358 at
1425 1295 1459 1356 in
1475 1295 1535 1357 boc
1546 1299 1671 1358 tantum
1687 1315 1780 1359 sensu
1794 1298 1964 1378 loquuntur

320 1385 542 1448 Sacramentum
565 1386 780 1464 conpunctionis
802 1384 959 1460 maritalis,
985 1387 1044 1446 etc.
1067 1383 1117 1444 vel
1172 1384 1310 1448 Gratian.
1327 1388 1359 1446 et
1371 1385 1478 1444 Inuca.
1494 1384 1547 1445 ΙΙΙ.

321 1475 485 1555 conjunctio
507 1474 608 1535 viriet
626 1472 747 1554 semiue
766 1473 844 1534 inter
860 1470 1118 1553 legitimasperso-
1226 1473 1240 1549 ξ
1269 1475 1298 1532 3.
1326 1469 1456 1546 Quando
1484 1471 1620 1534 Floreat.
1652 1471 1728 1534 dicit
1751 1489 1878 1533 causam
1902 1471 1964 1533 elil·
1997 1493 2020 1540 tt

321 1581 384 1631 aas,
401 1562 551 1624 causativa
564 1563 682 1644 gratiae,
706 1570 734 1622 et
748 1559 934 1622 indiuiduam
949 1559 1018 1621 citae
1031 1559 1118 1624 socie·
1172 1559 1306 1622 cientem
1319 1557 1509 1620 Matrimonii
1525 1577 1592 1620 esse
1606 1565 1751 1622 mutuum
1766 1577 1962 1637 consensum,

322 1658 410 1711 tatem
424 1651 562 1712 retineas.
1171 1648 1296 1710 videtur
1309 1665 1366 1726 per
1379 1645 1604 1724 metonymiam
1616 1665 1734 1728 ponere
1749 1651 1895 1711 effectum
1909 1668 1964 1728 pro

362 1736 456 1820 Objz'c.
474 1741 502 1798 l.
528 1737 677 1818 Theologi
699 1738 822 1816 docent,
841 1741 939 1800 solam
953 1735 1118 1800 Eucharis·
1172 1751 1278 1810 causa,
1304 1733 1348 1795 ita
1370 1737 1405 1794 ut
1419 1751 1528 1794 sensus
1542 1733 1592 1812 sit,
1615 1736 1700 1814 quod
1714 1740 1822 1799 mutuo
1836 1755 1965 1800 consea-

320 1824 396 1887 tiam
415 1844 481 1886 esse
505 1826 742 1887 Sacramentum
765 1846 970 1907 permanens,
996 1825 1117 1905 reliqua
1172 1823 1283 1884 tientes
1297 1822 1359 1885 sint
1368 1840 1463 1884 causa
1473 1822 1611 1884 efficiens
1623 1824 1824 1904 Matrimonii,
1835 1824 1964 1905 physice

320 1914 488 1975 consistere
498 1912 529 1973 in
540 1912 863 1977 actionetranseuote.
876 1913 996 1975 Deinde
1007 1915 1116 1975 Sacra·
1171 1912 1323 1974 eliciendo
1351 1915 1383 1974 et
1413 1911 1578 1973 efficiendo
1604 1917 1750 1975 mutuum
1777 1932 1965 1976 consensum

319 2006 713 2064 mentumsuousucausat
727 2003 873 2082 gratiam,
886 2003 942 2064 sed
956 2001 1117 2064 vinculum
1170 2005 1322 2082 tanquam
1348 2000 1523 2079 materiam,
1553 2004 1585 2062 et
1611 2002 1709 2064 verba
1730 2006 1883 2083 tanquam
1907 2002 1965 2064 for·

320 2107 376 2151 suo
388 2107 446 2150 usu
456 2107 518 2150 non
526 2093 636 2151 causat
644 2089 800 2168 gratiam;
817 2090 894 2151 alias
905 2090 1028 2170 quoties
1042 2107 1118 2150 con·
1171 2106 1280 2149 mam:
1306 2088 1346 2152 ad
1369 2105 1441 2148 cum
1460 2087 1602 2157 modum,
1619 2107 1681 2170 quo
1697 2089 1802 2152 dicere
1816 2090 1963 2166 solemus,

316 2177 409 2258 juges
437 2181 599 2238 uterentur
625 2179 842 2256 Matrimonia,
872 2179 1052 2259 acciperent
1079 2196 1117 2239 ex
1170 2175 1268 2237 verba
1290 2193 1358 2237 esse
1380 2175 1523 2237 effectiva
1546 2177 1833 2255 sacramentorum,
1857 2178 1894 2240 id
1909 2183 1965 2256 cst,

320 2282 414 2344 opere
437 2268 565 2344 operato
580 2265 725 2344 gratiam.
743 2268 836 2345 Resp.
856 2266 1023 2328 Vinculum
1037 2265 1115 2344 phy·
1170 2265 1300 2344 physice
1311 2264 1522 2344 proferentem
1536 2265 1768 2328 verbaefficere
1781 2267 1967 2329 Sacramen-

320 2354 383 2414 sice
398 2353 554 2433 loquendo
573 2353 705 2414 includit
720 2353 972 2416 illamactioaem
986 2372 1117 2415 consen·
1171 2357 1249 2413 tum.
1273 2351 1364 2414 Unde
1385 2350 1489 2412 minus
1512 2354 1587 2430 apta
1606 2356 1653 2414 est
1666 2352 1830 2433 explicatio
1845 2353 1967 2434 aliqua-

320 2442 417 2504 tiendi
442 2447 473 2502 et
500 2441 705 2502 contrahendi
735 2443 865 2523 physice
888 2447 1114 2519 transeuntem,
1171 2457 1329 2502 rumcum
1342 2441 1442 2500 Bosco
1457 2437 1487 2502 d.
1521 2443 1550 2517 l,
1568 2460 1591 2501 s.
1608 2443 1638 2519 3,
1655 2461 1685 2504 a.
1712 2445 1762 2519 Sl,
1784 2441 1836 2521 qui
1857 2440 1968 2503 dicunt

321 2530 412 2593 sicuti
435 2529 544 2591 relatio
568 2530 764 2610 paternitatis
787 2532 918 2593 includit
941 2531 1117 2611 generatio-
1172 2546 1375 2591 sensumesse
1391 2528 1475 2608 quod
1489 2533 1616 2592 mutuus
1632 2548 1803 2591 consensus
1816 2529 1857 2593 sit
1870 2547 1968 2591 causa

320 2637 404 2696 nem,
421 2622 454 2680 et
467 2618 538 2679 idco
554 2617 648 2679 etiam
666 2621 899 2682 Matrimonium
914 2621 1028 2683 dicitur
1041 2637 1117 2680 con·
1172 2617 1311 2679 efficiens
1325 2613 1440 2676 iinculi
1455 2617 1614 2697 sequentis
1625 2617 1882 2696 exMatrimonio,
1895 2636 1967 2678 nam

321 2705 429 2766 sistere
454 2706 565 2768 saltem
593 2707 757 2787 adaequate
785 2709 817 2770 in
845 2709 966 2772 sabone
987 2708 1116 2788 physice
1171 2710 1299 2768 mutuus
1314 2722 1560 2766 consensusnon
1575 2704 1966 2782 tamcstcausaelsraiens,

322 2797 515 2871 transeunte,
528 2798 559 2856 et
568 2794 628 2856 hoc
640 2796 687 2856 sui
698 2813 767 2874 usu,
779 2796 844 2858 sive
854 2797 914 2858 hac
924 2796 1025 2876 prima
1039 2796 1117 2875 phy·
1172 2811 1268 2876 quam
1291 2791 1494 2852 intrinsecum
1527 2791 1762 2854 constitutivum
1789 2791 1879 2853 istius
1903 2791 1969 2854 rin·

322 2879 387 2942 sica
410 2879 457 2942 sui
480 2881 645 2943 existentia
667 2901 797 2946 causare
811 2885 962 2964 gratiam;
979 2884 1040 2945 boc
1055 2902 1118 2945 noo
1171 2881 1245 2960 culi,
1262 2881 1294 2941 in
1309 2898 1371 2960 quo
1386 2878 1526 2942 consistit
1537 2879 1782 2942 Matrimonium.
1794 2879 1900 2942 Etiam
1914 2879 1968 2939 ml-

322 2966 464 3028 obstante
478 2971 630 3030 auctores
645 2969 731 3033 citati
746 2971 928 3049 defendunt,
950 2971 1033 3051 quod
1048 2971 1117 3032 vin-
1172 2989 1231 3031 nus
1251 2973 1326 3048 apta
1348 2967 1473 3030 videtur
1492 2968 1656 3048 explicatio
1671 2986 1791 3046 eorum,
1817 2969 1874 3048 qui
1897 2985 1968 3030 cum

322 3054 429 3116 culum
442 3060 558 3134 praeter
572 3057 728 3119 sadonem
752 3058 836 3120 illam
857 3058 998 3120 includat
1010 3075 1115 3138 perso·
1171 3059 1273 3121 Hauc.
1291 3057 1399 3119 dicuat
1413 3075 1538 3121 sensum
1553 3076 1632 3136 esse,
1654 3058 1739 3137 quod
1752 3063 1882 3120 mutuus
1897 3075 1968 3118 coo·

322 3158 378 3203 aas
399 3146 489 3221 aptas
511 3143 706 3222 maritaliter,
728 3149 759 3206 ct
772 3145 1028 3208 indissolubiliter
1041 3164 1116 3207 con·
1171 3165 1280 3208 sensus
1295 3145 1335 3207 sit
1349 3163 1445 3206 causa
1458 3145 1649 3208 Matrimonii
1661 3145 1693 3205 in
1707 3163 1800 3206 sensu
1814 3142 1967 3221 humano,

322 3245 430 3308 nexas,
455 3231 545 3292 sicuti
569 3232 679 3294 relatio
701 3233 896 3312 paternitatis
916 3232 1115 3313 inprobabili
1171 3235 1374 3315 inquantum
1400 3237 1527 3294 mutuus
1551 3251 1721 3295 consensus
1744 3233 1881 3312 imperat
1901 3252 1969 3295 ma·

321 3316 476 3379 sententia
490 3319 604 3396 praeter
613 3319 848 3398 generationem
863 3319 993 3382 includit
1006 3319 1115 3381 entita·
1171 3321 1400 3385 nilestationem
1424 3340 1481 3401 per
1507 3321 1615 3399 verba,
1645 3339 1701 3400 per
1729 3337 1799 3401 quae
1821 3320 1969 3383 homines

320 3407 368 3466 tes
382 3404 576 3466 fundamenti
592 3410 623 3467 et
637 3405 773 3468 termini.
860 3437 863 3442 ·
1170 3411 1273 3472 sciunt
1288 3407 1521 3471 Matrimonium
1544 3425 1611 3468 esse
1635 3407 1761 3483 initum,
1780 3424 1855 3468 nam
1870 3409 1966 3469 Gonc.

361 3491 434 3553 last.
459 3491 598 3554 Christus
619 3493 718 3554 solam
739 3493 894 3555 actionem
909 3492 1115 3555 contrahendi
1171 3515 1233 3558 non
1262 3496 1338 3557 dicit
1365 3513 1432 3556 esse
1460 3511 1587 3556 causam
1616 3491 1803 3555 efficientem
1820 3493 1969 3556 manitas·

322 3580 456 3642 clevavit
477 3579 518 3640 ad
541 3580 732 3642 censendam
755 3582 899 3661 gratiam,
923 3600 997 3662 ergo
1017 3582 1049 3641 in
1063 3581 1116 3642 illa
1170 3585 1307 3662 tationis,
1333 3583 1388 3645 sed
1408 3581 1598 3644 Matrimonii
1622 3581 1730 3661 ipsius,
1746 3579 1830 3643 unde
1844 3581 1903 3644 illa
1917 3601 1970 3644 ex·

321 3669 388 3730 sola
401 3667 543 3730 consistit
565 3670 812 3733 Sacramentum.
831 3673 866 3733 R.
885 3691 916 3731 n.
933 3689 1017 3732 cons.
1043 3689 1116 3732 cum
1170 3674 1296 3755 plicatio
1319 3672 1444 3734 ridetur
1466 3675 1571 3733 torta:
1599 3670 1725 3747 deinde,
1751 3688 1813 3733 non
1832 3671 1971 3750 ipsemet

322 3755 406 3816 enim
420 3755 500 3816 actio
514 3755 696 3818 illainclusa
708 3755 739 3815 in
751 3757 963 3834 Sacramenta,
976 3759 1116 3819 elevetur
1171 3779 1352 3838 consensus,
1373 3759 1428 3820 sed
1451 3759 1661 3822 communiter
1675 3760 1738 3821 alia
1751 3761 1970 3824 concomitans

322 3847 352 3905 et
367 3848 476 3905 causet
497 3843 643 3923 gratiam,
668 3843 740 3906 binc
759 3849 861 3906 totum
878 3847 1115 3908 Sacramentum
1170 3852 1220 3912 rel
1241 3850 1434 3930 subsequens
1457 3847 1564 3909 volitio
1588 3848 1722 3926 imperat
1739 3847 1971 3911 manifestatio·

322 3931 554 3995 denominative
576 3931 691 3995 dicitur
708 3933 835 4011 elevari,
856 3941 887 3995 et
901 3953 1030 3996 causare
1044 3953 1114 4014 gra·
1171 3957 1244 4000 nem
1264 3938 1346 4000 illius
1369 3953 1550 4013 consensus,
1574 3940 1606 3996 et
1619 3939 1848 4015 consequenter
1862 3937 1969 4000 Matri-

320 4020 409 4098 tiam,
425 4020 515 4082 sicuti
531 4021 606 4101 quia
626 4021 731 4083 anima
745 4023 864 4084 inclusa
878 4023 909 4084 in
924 4023 1050 4085 homine
1065 4040 1115 4084 co·
1169 4025 1278 4088 monii.
1302 4024 1442 4104 Denique
1464 4029 1598 4103 utraque
1623 4023 1788 4103 explicatio
1803 4041 1867 4084 non
1883 4023 1970 4084 vide·

320 4107 452 4187 gnoscit,
470 4111 552 4169 totus
567 4108 661 4170 homo
676 4108 896 4174 denominatur
912 4127 1111 4190 cognoscere,
1168 4119 1221 4176 tur
1241 4131 1309 4174 esse
1331 4112 1372 4174 ad
1395 4115 1533 4174 meatem
1558 4111 1699 4180 concilii,
1722 4111 1811 4192 cujus
1827 4111 1902 4172 finis
1925 4111 1968 4174 ibi

320 4195 376 4256 sed
397 4195 478 4258 sicut
498 4215 560 4257 non
583 4197 654 4259 ideo
678 4200 744 4260 sala
767 4199 873 4260 anima
887 4203 934 4260 est
947 4198 1053 4274 homo,
1070 4198 1114 4260 sic
1170 4203 1237 4262 erat
1251 4200 1415 4263 ostendere
1429 4199 1595 4262 materiam
1609 4203 1642 4262 et
1654 4200 1788 4261 formam
1804 4199 1968 4262 Matrimo-

321 4302 379 4344 nec
393 4284 460 4344 sola
474 4284 555 4345 actio
569 4289 616 4347 est
631 4286 879 4348 Sacramentum.
1169 4289 1223 4368 nii,
1240 4289 1285 4350 uti
1300 4287 1479 4351 ostenderat
1489 4286 1622 4348 aliorum
1634 4287 1928 4350 sacramentorum.

362 4371 456 4451 Objie.
477 4376 506 4433 2.
523 4373 756 4435 Matrimonium
771 4374 865 4436 debet
878 4374 1054 4455 significare
1069 4373 1114 4434 in·
1208 4379 1278 4457 gl.
1309 4378 1424 4438 Putant
1454 4353 1577 4437 Valent.
1604 4375 1720 4438 Arcud.
1753 4378 1830 4438 Gon.
1865 4377 1968 4438 chr.
1994 4397 2022 4444 er

320 4457 534 4520 dissolubilem
557 4459 705 4522 unionem
728 4461 822 4524 Verbi
842 4481 914 4524 cum
928 4462 1115 4526 naturahu-
1169 4469 1278 4527 Avers.
1294 4485 1323 4546 q.
1341 4466 1370 4541 3,
1386 4471 1452 4524 sect.
1470 4464 1499 4540 l,
1517 4461 1607 4541 Spor.
1624 4481 1654 4522 a.
1671 4465 1740 4538 227,
1760 4460 1878 4541 aliique
1893 4479 1969 4524 cum

319 4561 424 4623 mana,
441 4547 496 4607 sed
512 4547 593 4609 hanc
608 4565 670 4609 nan
686 4547 849 4628 significat,
875 4550 934 4610 nisi
949 4569 1005 4629 per
1020 4567 1128 4630 copu-,
1168 4555 1267 4632 Rayn.
1288 4553 1318 4612 tu
1329 4549 1429 4612 Heter.
1446 4559 1512 4612 tom.
1534 4552 1583 4628 ra,
1599 4559 1666 4610 sect.
1680 4569 1714 4632 p.
1733 4552 1782 4628 ll,
1798 4569 1829 4612 a.
1841 4551 1873 4626 5,
1892 4569 1971 4612 con-

317 4635 382 4695 lam
411 4633 620 4715 conjugalem,
651 4655 725 4700 nam
752 4638 852 4698 solum
880 4638 1113 4700 Matrimonium
1167 4639 1346 4704 traSanch.
1374 4637 1424 4698 lib.
1450 4641 1480 4715 ἢ,
1505 4637 1535 4700 d.
1561 4641 1610 4707 26,
1627 4637 1772 4700 Pontium
1787 4637 1927 4716 etalios,
1943 4639 1969 4700 si

319 4727 570 4784 consummatum
594 4729 641 4786 est
663 4724 887 4804 indissolubile,
918 4745 981 4788 non
1008 4733 1114 4787 autem
1167 4731 1251 4793 Deus
1272 4747 1309 4789 ex
1330 4743 1477 4806 supremo
1499 4725 1642 4788 Dominio
1665 4725 1851 4806 incorpora
1874 4726 1971 4789 daret

318 4809 553 4872 Matrimonium
567 4815 688 4888 ratum;
712 4831 787 4894 ergo
809 4815 921 4893 copula
938 4815 1031 4876 debet
1045 4833 1112 4876 esse
1164 4817 1216 4899 jus
1230 4816 1297 4877 vira
1313 4815 1344 4876 in
1359 4813 1518 4890 laminam,
1542 4817 1575 4873 et
1587 4818 1707 4890 contra,
1732 4812 1840 4892 sicque
1855 4830 1970 4876 consa-

317 4916 391 4978 pars
406 4898 488 4960 illius
503 4898 672 4962 intrinseca
694 4903 744 4964 vel
765 4902 948 4980 essentialis,
975 4907 1009 4965 ut
1021 4903 1114 4966 docet
1167 4906 1383 4968 ciaretmutuo
1394 4901 1531 4979 vincula,
1543 4899 1612 4962 illos
1627 4901 1692 4962 fore
1707 4918 1798 4962 veros
1813 4901 1970 4982 conjuges

319 4986 457 5049 Gratian.
482 4990 558 5066 Gap.
583 4989 753 5052 institutum
767 4995 816 5067 27,
832 5012 862 5073 q.
880 4997 909 5054 Ξ.
927 4992 1013 5053 Idem
1027 4993 1112 5056 vide·
1167 4994 1233 5055 sine
1242 4991 1452 5054 celebratione
1463 4992 1641 5052 contractus
1651 4988 1701 5051 vel
1711 4987 1880 5051 traditione
1896 5009 1971 5052 mu-

317 5079 369 5137 tur
382 5077 462 5138 velle
487 5080 554 5139 lan.
571 5081 621 5140 lll.
648 5081 723 5160 Cap.
748 5079 883 5142 Debitum
897 5084 941 5142 De
955 5081 1108 5161 bigamis;
1165 5087 1232 5158 tua,
1250 5083 1281 5141 et
1294 5078 1384 5156 torte,
1401 5077 1503 5158 inquit
1517 5075 1629 5138 Arcad.
1646 5077 1690 5137 sic
1706 5076 1779 5137 lecit
1792 5079 1877 5137 Deus
1892 5094 1970 5139 cum

317 5164 367 5224 vel
388 5165 499 5226 saltem
523 5165 694 5246 integralis,
720 5169 763 5231 uti
786 5169 878 5230 docet
900 5169 1045 5230 Bellarm.
1073 5172 1109 5232 R.
1166 5168 1288 5232 adamo
1304 5169 1335 5230 et
1348 5169 1424 5228 ava.
1450 5167 1490 5229 at
1503 5165 1564 5226 hoc
1578 5164 1657 5226 forte
1672 5163 1848 5244 significare
1863 5165 1971 5228 voluit

317 5252 429 5312 Totam
444 5253 612 5316 essentiam
625 5259 878 5318 tamcontractus
893 5275 988 5337 quam
1003 5259 1112 5319 Sacra·
1166 5259 1303 5319 Floreat.
1330 5255 1448 5323 dicens,
1473 5272 1601 5316 causam
1628 5253 1834 5316 sufficientem
1855 5251 1970 5315 Matri·

317 5339 425 5416 menti,
451 5340 562 5418 idest,
585 5342 665 5423 signi
688 5343 838 5406 causativi
861 5345 982 5424 gratia,
1002 5343 1111 5406 haberi
1166 5345 1262 5406 monii
1282 5342 1466 5426 regulariter
1497 5360 1565 5403 esse
1594 5345 1739 5402 mutuum
1761 5357 1966 5412 consensum.

317 5441 374 5506 pro
395 5427 492 5507 priori
513 5431 554 5492 ad
577 5432 723 5511 copulam
744 5451 800 5511 per
813 5433 1047 5496 Matrimonium
1061 5451 1113 5496 ra·
1167 5431 1324 5513 Quidquid
1347 5433 1387 5494 sit
1409 5431 1448 5492 de
1463 5431 1534 5508 hoc,
1553 5429 1592 5492 de
1615 5429 1697 5492 lacto
1711 5427 1840 5511 ponitur
1853 5428 1969 5491 Matri·

317 5519 396 5595 tum,
421 5516 505 5596 quod
528 5517 624 5581 etiam
637 5518 697 5582 boc
711 5520 779 5599 ipso
794 5525 841 5583 est
855 5519 979 5600 signum
994 5539 1109 5601 reprae-
1166 5521 1308 5584 monium
1335 5521 1400 5583 solo
1422 5523 1530 5584 mutuo
1553 5535 1718 5596 consensu,
1744 5521 1776 5582 et
1798 5517 1883 5580 solus
1914 5517 1968 5580 ille
