3974 6348
329 529 384 588 122

306 713 420 782 irritat
435 713 691 790 Matrimonium,
707 715 742 774 ut
757 731 787 774 0.
803 731 834 791 g.
860 711 885 772 si
900 711 1027 791 putetur
1044 725 1112 769 esse

326 801 449 869 nobilis,
465 801 565 880 virgo,
585 801 682 878 dives,
700 807 759 862 etc.
777 818 872 880 quam
893 799 962 879 quis
981 797 1118 859 0015010-

326 907 408 967 cere,
432 907 490 950 nec
509 889 648 966 01510110,
671 889 747 968 quia
770 888 821 949 bic
845 905 933 948 error
956 903 1018 947 non
1040 883 1119 946 tollit

326 997 513 1040 consensum
526 979 559 1037 in
573 995 740 1056 personam
755 981 785 1038 et
798 975 963 1037 materiam
977 975 1119 1034 contrac-

325 1072 387 1128 tus.
403 1065 497 1128 Aliud
510 1070 616 1127 tamen
630 1072 722 1144 esset,
739 1066 764 1128 si
779 1066 919 1127 absolute
935 1063 1030 1124 nollet
1045 1078 1119 1122 oon-

326 1153 432 1215 sentiri
447 1154 479 1214 in
495 1173 672 1233 personam,
689 1154 747 1215 nisi
762 1153 816 1215 tali
831 1151 1009 1215 conditione
1025 1150 1119 1209 affec-

326 1247 402 1319 tam,
419 1246 473 1304 aut
496 1242 521 1302 si
541 1243 610 1321 ipsa
632 1242 781 1319 conditio,
803 1241 894 1322 juxta
913 1239 1118 1301 intentionem

326 1331 549 1407 contrahentis,
565 1331 712 1392 transiret
733 1331 764 1390 in
783 1328 996 1391 conditionem
1011 1342 1119 1404 perso·

326 1436 391 1495 nee,
403 1423 438 1481 ut
447 1418 472 1479 si
488 1419 557 1499 quis
571 1419 666 1480 vellet
679 1419 792 1480 ducere
807 1415 1048 1496 primogenitam
1060 1414 1119 1472 lte·

325 1506 385 1586 gis,
406 1525 463 1567 nec
487 1507 591 1585 aliam,
613 1512 644 1570 et
664 1512 769 1569 tamen
784 1507 847 1568 alia
866 1505 1116 1578 substitueretur,

326 1613 388 1654 non
402 1594 585 1657 subsisteret
598 1599 787 1671 contractus,
804 1597 882 1655 Bon.
898 1612 928 1674 q.
946 1596 963 1654 3
990 1611 1022 1672 p.
1039 1593 1119 1668 2,οκ

327 1682 441 1744 Sanch.
459 1683 480 1745 l.
497 1688 527 1761 7,
542 1682 573 1744 d.
592 1686 644 1758 l8;
660 1686 742 1745 Kon.
758 1681 825 1744 dist.
843 1685 899 1755 313
917 1685 986 1745 Eill.
1003 1695 1056 1745 etc.

365 1857 380 1894 0
399 1835 517 1897 Dicitur
531 1837 568 1897 ll.
589 1835 734 1904 Conditio,
751 1835 818 1896 scil.
834 1836 966 1913 servilia,
979 1838 1048 1898 0501
1064 1838 1120 1899 bo·

325 1939 377 1985 mo
391 1923 471 1984 liber
485 1923 666 2003 ignoranter
680 1923 846 1986 contrahat
859 1942 931 1984 cum
946 1943 1048 2002 serva,
1068 1929 1119 1988 tel

326 2030 435 2072 servus
449 2029 521 2074 cum
536 2030 644 2089 serra,
661 2013 781 2074 nullum
803 2015 850 2072 est
866 2012 1117 2093 Matrimonium,

326 2099 420 2180 idque
442 2101 615 2160 secundum
638 2101 825 2162 sententiam
848 2102 1117 2181 communiorem,

325 2188 401 2249 Jure
422 2191 545 2248 tantum
566 2188 799 2265 Ecclesiastico,
816 2188 946 2250 fundato
967 2192 1118 2251 tamenin

326 2276 403 2338 Jure
424 2275 569 2353 naturali,
591 2276 640 2336 cui
656 2280 703 2337 est
716 2275 806 2337 valde
831 2276 1001 2338 conforme.
1029 2279 1118 2340 Ratio

326 2366 383 2439 est,
401 2364 558 2444 quietalis
573 2369 751 2428 contractus
769 2365 973 2439 adversatur;
995 2369 1023 2427 l.
1035 2366 1118 2426 bono

327 2452 538 2528 Sacramenti,
564 2469 636 2512 cum
659 2470 768 2512 servus
791 2451 888 2514 inrito
917 2451 1044 2513 domino
1067 2471 1119 2512 ne·

326 2543 422 2618 queat
436 2539 617 2600 cohabitare
632 2540 758 2620 conjugi
770 2559 777 2612 ;
794 2543 823 2599 2.
836 2540 919 2600 bono
930 2540 1003 2600 fidei
1013 2541 1119 2619 conju-

325 2627 416 2704 galis,
433 2645 503 2688 cum
520 2645 582 2688 non
597 2629 694 2706 possit
707 2628 827 2688 solvere
843 2627 983 2688 debitum
998 2629 1038 2688 ad
1053 2628 1119 2688 libi-

326 2719 393 2776 tum
408 2713 550 2788 alierius3
567 2718 597 2777 3.
620 2716 702 2777 bono
717 2716 824 2794 000110,
841 2734 914 2777 cum
931 2734 1040 2776 servus
1055 2733 1119 2776 om-

327 2802 379 2864 nia
400 2803 541 2882 acquirat
559 2803 698 2865 domino.
724 2804 783 2866 Ubi
803 2807 907 2864 tamen
935 2801 1117 2881 notandum,

327 2907 389 2950 non
404 2909 471 2952 esse
486 2893 611 2972 0000010
626 2911 743 2968 servos,
761 2892 814 2973 001
829 2896 902 2953 0005
916 2893 1016 2952 001001
1027 2893 1119 2970 origi-

327 2978 417 3056 narii,
440 2980 491 3040 vel
513 2981 655 3057 ascititii,
680 2980 774 3060 vulgo
798 2979 872 3041 dicti
891 2979 1058 3060 Leibeqeae.
1079 2983 1116 3043 V.

326 3067 435 3143 Laym.
454 3063 476 3128 1.
493 3069 524 3143 5,
540 3075 578 3127 tr.
596 3071 644 3143 lo,
660 3085 692 3148 p.
709 3071 739 3143 t,
755 3085 780 3128 r.
797 3071 827 3128 2.

364 3175 379 3212 a
401 3153 520 3215 Dicitur
533 3156 585 3215 lll.
609 3153 728 3223 Votum,
745 3155 812 3218 soil.
837 3155 976 3218 solemne
996 3158 1119 3220 castita·

326 3241 376 3318 tis,
401 3260 458 3321 per
481 3243 711 3321 susceptionem
733 3243 857 3306 Ordinis
876 3247 967 3322 sacri,
992 3248 1042 3307 vel
1063 3265 1120 3325 per

326 3331 497 3392 solemnem
519 3332 744 3410 professionem
765 3333 796 3392 in
821 3333 981 3413 Religione
1005 3353 1120 3415 appro-

326 3417 411 3493 bata,
428 3423 538 3497 sponte
553 3418 709 3480 emissam.

367 3528 381 3563 u
399 3506 475 3567 Dico
500 3511 528 3568 l.
545 3506 664 3586 Sponte,
682 3509 756 3588 quia
774 3513 876 3570 metus
889 3510 995 3590 gravis
1019 3509 1120 3571 irritat

326 3592 545 3673 professiones,
563 3599 597 3656 ut
611 3615 640 3657 0.
658 3615 753 3675 00000
767 3595 790 3658 l.
807 3601 836 3675 5,
853 3618 878 3659 c.
897 3604 925 3676 l,
941 3598 971 3660 d.
988 3604 1018 3660 2.

368 3706 382 3742 a
402 3683 477 3745 Dico
498 3687 527 3744 2.
544 3681 686 3760 Solemne,
703 3684 776 3765 quia
790 3691 898 3747 votum
908 3687 1039 3766 simplex
1051 3691 1120 3748 tan·

327 3777 394 3836 tum
408 3771 549 3851 impedit,
566 3791 628 3833 non
644 3773 763 3834 dirimit
784 3773 903 3853 (excipe
925 3780 1031 3837 tamen
1046 3779 1120 3837 0050

326 3860 482 3939 simplicia
496 3859 682 3938 Societutis).
699 3861 778 3921 Vide
792 3865 901 3940 Laym.
918 3881 943 3924 c.
961 3865 990 3924 3.

366 3968 380 4004 n
400 3947 519 4009 Dicitur
532 3949 584 4010 IV.
603 3945 758 4027 Coqnotio,
775 3967 845 4028 000
860 3951 971 4029 triplex
986 3955 1043 4012 est.

366 4057 381 4094 0
401 4037 506 4097 Prima
527 4035 641 4097 dicitur
654 4037 774 4117 legalis,
792 4055 861 4117 000
876 4042 923 4099 005
937 4039 1121 4120 000010001-

325 4128 374 4186 tas
389 4142 593 4203 personarum
608 4125 796 4205 proveniens
810 4145 849 4188 ex
868 4127 1036 4206 adoptione
1051 4146 1121 4206 per-

326 4212 408 4272 lecta
423 4211 496 4290 (qua
510 4213 628 4273 scilicet
641 4231 775 4292 persona
790 4219 938 4276 extranea
953 4217 1121 4276 assumitur

326 4301 359 4360 in
373 4300 472 4361 filium
486 4302 536 4361 vel
551 4307 708 4379 nepotem,
720 4302 764 4363 150
773 4307 808 4364 05
821 4309 961 4366 50000005
974 4304 1005 4364 10
1020 4312 1122 4383 potes-

327 4393 425 4450 tatem
437 4388 626 4466 adoptantis,
639 4389 730 4467 eique
740 4391 899 4468 succedat,
913 4392 960 4452 vel
971 4395 1121 4472 tanquam

327 4476 429 4537 100000
450 4476 645 4536 00000000100
668 4497 706 4538 ex
733 4482 921 4540 testamento
950 4479 982 4540 in
1010 4485 1122 4560 quarta

328 4567 428 4643 parte,
450 4564 499 4623 rel
520 4567 670 4643 tanquam
696 4567 775 4627 filius
799 4567 839 4628 ab
861 4567 1006 4629 intestato
1026 4569 1057 4629 in
1077 4574 1122 4630 to-

329 4649 420 4728 tum),
438 4668 475 4710 ea
489 4651 572 4712 enim
586 4651 705 4715 dirimit
720 4654 952 4716 Matrimonium
967 4675 1065 4738 usque
1081 4658 1122 4719 ad

329 4745 476 4819 quartum
495 4741 640 4819 gradum,
663 4741 744 4803 inter
758 4743 960 4822 adoptantem
975 4747 1006 4806 et
1024 4746 1123 4824 adop·

329 4829 429 4888 tatum
444 4825 573 4923 ejusque
592 4827 828 4892 descendentes.
855 4831 929 4914 Cap.
952 4829 1013 4892 Per
1030 4831 1123 4916 adop·

980 521 1055 585 LIB.
1078 521 1129 582 vl.
1153 518 1254 582 PARS
1275 518 1328 580 111.

1174 705 1320 780 tionem3,
1336 723 1366 785 q.
1382 704 1412 774 3;
1430 701 1503 782 Cep.
1520 697 1657 781 Diliqere
1670 702 1720 776 39,
1736 718 1767 780 q.
1784 703 1816 760 3.
1833 701 1868 761 V.
1884 700 1947 762 Bon.

1172 816 1202 877 q.
1218 797 1247 870 3,
1263 812 1298 874 0.
1319 796 1348 868 5,
1365 811 1388 854 s.
1406 794 1434 859 3,
1452 811 1487 852 0.
1500 794 1519 852 t
1533 797 1561 850 et
1581 793 1610 851 5.
1628 788 1707 853 Vide
1726 793 1834 851 tamen
1855 791 1948 866 Lapm.

1172 902 1198 944 e.
1221 887 1251 958 l,
1278 885 1309 943 05
1330 879 1420 942 Dian.
1445 897 1477 960 p.
1493 881 1524 954 9,
1540 885 1579 938 tr.
1605 881 1635 952 6,
1660 874 1697 938 B.
1715 879 1766 952 tl,
1791 875 1845 936 ubi
1860 879 1951 936 contra

1172 986 1371 1031 communem
1387 965 1574 1028 sententiam
1588 967 1677 1028 notat
1691 981 1729 1024 ex
1743 961 1870 1042 Heariq.
1886 959 1950 1022 Les.

1173 1063 1232 1119 eto.
1256 1056 1419 1138 probabile
1442 1073 1520 1130 esse,
1539 1052 1622 1133 quod
1647 1053 1718 1130 post
1737 1049 1824 1111 Tria
1847 1053 1950 1110 tantum

1172 1145 1299 1207 dirimat
1312 1162 1410 1224 usque
1422 1143 1460 1204 ad
1471 1140 1605 1222 gradum
1615 1139 1790 1200 secundum
1806 1136 1949 1214 inclusive,

1173 1230 1253 1292 01005
1266 1232 1411 1310 cognatio
1426 1227 1606 1308 spiritualis.

1211 1341 1226 1378 a
1246 1319 1391 1381 Secunda
1405 1323 1452 1378 est
1462 1315 1607 1395 cognatio
1618 1313 1801 1393 spiritualis,
1815 1315 1951 1394 0001000

1172 1407 1388 1468 Ecclesiastico
1407 1405 1506 1468 oritur
1519 1404 1601 1465 inter
1612 1420 1763 1482 personas
1774 1401 1904 1483 aliquas,
1915 1419 1952 1461 ra·

1173 1495 1256 1556 tione
1271 1495 1420 1573 Baptismi
1445 1496 1476 1555 et
1494 1491 1764 1566 confirmationis,
1789 1489 1951 1568 dirimitque

1172 1582 1406 1644 Matrimonium
1428 1582 1474 1660 (ut
1493 1580 1627 1640 babetur
1643 1577 1715 1658 Cep.
1733 1575 1780 1638 De
1798 1579 1953 1657 cognatione

1171 1669 1327 1750 spirituali
1339 1670 1371 1728 in
1385 1673 1416 1744 6,
1433 1669 1508 1748 Cap.
1518 1665 1637 1726 Veniens
1651 1669 1683 1727 et
1696 1668 1823 1728 constat
1836 1684 1872 1726 cx
1881 1664 1950 1726 Γ10101.

1173 1777 1196 1818 s.
1218 1763 1267 1835 21,
1285 1779 1311 1835 0,
1332 1761 1440 1830 20;11.
1458 1759 1534 1819 Bon.
1552 1776 1582 1836 q.
1606 1759 1635 1817 3.
1650 1774 1682 1836 p.
1699 1759 1730 1829 ὃς
1748 1755 1867 1818 Sancb.
1889 1755 1907 1815 l.
1928 1759 1951 1828 l,

1173 1846 1204 1908 d.
1220 1849 1275 1919 3l;
1302 1848 1393 1908 Suar.
1414 1849 1443 1924 3,
1464 1864 1496 1926 0.
1521 1865 1551 1926 0.
1573 1843 1635 1924 67),
1657 1844 1740 1905 10500
1758 1843 1951 1922 baptizantem

1174 1939 1205 1996 et
1222 1934 1416 2013 baptizatum
1439 1939 1470 1996 et
1494 1932 1586 2012 hujus
1610 1935 1734 2011 patrem
1762 1935 1795 1992 et
1821 1937 1950 2006 matrem,

1172 2022 1250 2084 item
1264 2021 1344 2081 inter
1353 2025 1568 2100 susceptorem
1581 2023 1613 2080 et
1626 2021 1822 2097 susceptum,
1834 2023 1865 2080 et
1877 2018 1951 2100 hujus

1174 2113 1295 2188 patrem
1309 2113 1340 2171 et
1354 2114 1498 2170 matrem.

1213 2219 1227 2254 0
1253 2196 1358 2257 Το0510
1372 2201 1419 2257 005
1438 2197 1584 2276 cognatio
1605 2194 1885 2274 consanguinitatis
1901 2211 1952 2254 car

1174 2285 1263 2360 nelis,
1281 2303 1350 2364 000
1373 2289 1420 2344 005
1438 2284 1598 2345 vinculum
1619 2301 1842 2362 personarum,
1858 2282 1895 2342 ab
1911 2299 1952 2341 eo·

1174 2374 1245 2434 dem
1260 2372 1363 2450 stipite
1385 2372 1527 2454 proximo
1550 2370 1823 2446 descendentium,
1840 2367 1951 2429 dirimit-

1174 2481 1234 2541 que
1249 2460 1482 2522 Matrimonium
1501 2479 1601 2540 usque
1616 2459 1657 2520 ad
1671 2461 1823 2538 quartum
1838 2455 1951 2536 0000100

1173 2548 1263 2608 11000
1278 2554 1463 2608 5000000000
1478 2547 1639 2608 100100100.
1663 2547 1702 2608 Et
1720 2545 1852 2626 quidem
1867 2539 1951 2623 quoad

1173 2636 1320 2715 primum,
1346 2635 1485 2696 fortassis
1506 2637 1582 2698 ,lure
1605 2638 1739 2711 naturae,
1772 2633 1875 2706 quoad
1896 2630 1952 2691 reli·

1174 2741 1254 2801 quos
1267 2727 1330 2783 tres
1344 2723 1409 2782 solo
1432 2725 1449 2783 J
1453 2740 1507 2781 ure
1522 2721 1754 2782 Ecclesiastico.
1772 2719 1862 2782 Unde
1875 2719 1951 2779 ctiam

1173 2809 1315 2870 Pontifex
1330 2808 1359 2866 in
1376 2808 1435 2886 hia,
1449 2827 1486 2867 ex
1497 2807 1583 2888 justa
1597 2824 1703 2883 causa,
1716 2806 1895 2884 dispensare
1908 2823 1951 2884 00-

1173 2901 1243 2958 test.
1262 2897 1383 2957 Gradus
1398 2914 1472 2957 0000
1495 2896 1586 2956 lineae
1607 2899 1712 2970 rectae,
1735 2893 1896 2972 probabile
1916 2895 1951 2950 est
1979 2943 1980 2950 ,

1174 3001 1282 3045 omnes
1296 2987 1313 3048 J
1318 3003 1371 3044 ure
1387 2989 1506 3045 naturae
1517 3002 1584 3044 esse
1600 2981 1788 3061 prohibitos.
1802 2983 1894 3043 Porro
1906 2996 1950 3057 000

1173 3073 1323 3152 gradibus
1351 3071 1631 3151 consanguinitatis
1659 3068 1881 3149 dignoscendis
1904 3071 1950 3127 sla·
1978 3067 1980 3082 ²

1174 3166 1304 3223 luuntur
1317 3167 1483 3242 sequentes
1498 3161 1623 3241 regula.

1213 3275 1227 3308 0
1253 3250 1367 3312 Primo.
1385 3253 1419 3311 lu
1441 3249 1524 3311 linea
1538 3255 1624 3311 00050
1644 3253 1709 3310 tam
1731 3245 1949 3310 ascendentium

1175 3356 1270 3417 quam
1284 3337 1555 3413 descendentium,
1573 3338 1648 3416 quot
1666 3339 1740 3396 sunt
1755 3351 1903 3414 0000000,
1916 3333 1950 3393 501

1174 3431 1246 3485 sunt
1259 3425 1388 3504 gradus,
1414 3443 1477 3484 una
1500 3425 1638 3503 dempta,
1655 3423 1778 3485 scilicet
1799 3421 1913 3500 stipite:
1926 3437 1948 3478 r.

1173 3531 1203 3590 g.
1223 3517 1312 3590 pater
1326 3516 1358 3573 05
1371 3512 1453 3574 silius
1474 3515 1547 3572 sunt
1568 3509 1795 3590 consanguinei
1818 3507 1949 3588 inprime

1173 3601 1285 3681 gradu,
1302 3618 1399 3680 nepos
1414 3604 1446 3662 05
1459 3619 1537 3661 avus
1550 3600 1583 3660 in
1598 3599 1749 3676 secundo,
1767 3601 1828 3660 etc.

1213 3712 1228 3746 0
1254 3689 1398 3750 Secunda.
1414 3691 1449 3750 ln
1460 3688 1543 3750 linea
1562 3692 1744 3749 transversa
1759 3686 1869 3768 000011
1885 3685 1949 3764 (000

1175 3778 1221 3836 005
1234 3775 1316 3834 10500
1329 3793 1480 3854 personas
1503 3793 1523 3834 a
1545 3773 1704 3836 communi
1720 3773 1827 3853 stipite
1845 3769 1949 3850 aequali·

1174 3867 1222 3924 ter
1236 3863 1409 3942 distantes),
1427 3865 1504 3942 quot
1517 3861 1669 3941 gradibus
1683 3880 1829 3941 0000000
1841 3857 1949 3936 singula

1175 3969 1194 4012 a
1208 3951 1367 4012 communi
1382 3950 1486 4029 stipite
1501 3950 1629 4027 distant,
1645 3949 1780 4010 totidem
1796 3949 1903 4010 distant
1914 3945 1950 4003 in·

1174 4045 1222 4099 ter
1245 4057 1289 4099 se.
1318 4039 1407 4100 Unde
1427 4039 1523 4099 irater
1548 4041 1579 4100 et
1602 4055 1692 4099 soror
1716 4042 1793 4100 sunt
1817 4038 1847 4096 in
1867 4033 1949 4114 primo

1174 4127 1275 4206 gradu
1289 4126 1380 4187 lineae
1404 4131 1604 4201 5000000000,
1626 4125 1789 4203 patrueles
1808 4129 1839 4186 et
1860 4136 1950 4184 00000·

1173 4213 1255 4274 brini
1271 4213 1302 4272 in
1318 4214 1467 4289 secundo,
1484 4212 1537 4272 filii
1553 4211 1739 4272 eorumdem
1754 4213 1787 4273 in
1803 4210 1896 4273 tertio.

1215 4323 1229 4359 0
1256 4301 1366 4362 Tertia.
1380 4303 1414 4362 ln
1429 4300 1513 4360 linea
1526 4303 1707 4362 transversa
1721 4298 1876 4381 10000011,
1887 4297 1950 4356 inor

1175 4397 1325 4468 personas
1340 4387 1536 4467 10000011500
1546 4387 1698 4450 distantes
1713 4407 1732 4448 a
1746 4383 1897 4449 communi
1909 4379 1948 4441 sli-

1175 4478 1250 4556 pite,
1268 4479 1344 4556 quot
1364 4475 1516 4556 gradibus
1530 4474 1680 4537 remotior
1695 4493 1831 4554 persona
1844 4473 1948 4534 distata

1176 4564 1291 4642 stipite,
1309 4567 1355 4624 tot
1367 4562 1519 4641 gradibus
1529 4561 1646 4624 distant
1656 4563 1738 4622 inter
1753 4581 1799 4623 se.
1816 4560 1896 4623 Unde
1908 4574 1948 4636 pa·

1176 4655 1264 4714 50000
1280 4655 1312 4713 05
1324 4669 1433 4730 00000,
1450 4651 1532 4712 filius
1543 4655 1575 4712 et
1583 4669 1673 4713 soror
1688 4651 1799 4729 patris,
1816 4653 1882 4711 sunt
1893 4661 1948 4706 000-

1175 4741 1336 4819 sanguinei
1352 4741 1383 4801 in
1405 4739 1543 4801 secundo
1562 4740 1685 4819 gradu:
1705 4759 1777 4819 000
1799 4736 1948 4812 00001000·
1973 4803 1974 4806 ¹

1175 4827 1289 4889 500510
1304 4826 1452 4907 adjuncto
1468 4827 1610 4908 sequenti
1626 4827 1798 4888 schemate.
