3976 6348
298 531 357 592 258

297 715 347 775 vel
376 715 416 776 ob
441 716 711 794 emendationem,
738 717 786 779 vel
810 720 850 780 ad
878 719 1034 780 cavendas
1058 717 1088 777 in

298 807 461 880 posterum
476 805 583 883 culpas
598 810 629 866 ct
642 808 793 885 relapsus.

337 891 356 968 ἕ
371 893 418 952 ll.
435 892 608 970 Aoctltcmn,
624 895 797 973 penultima
812 895 976 975 producta,
993 895 1090 973 signi-

297 977 371 1042 ficat
385 979 481 1056 idern,
499 981 582 1060 quod
604 981 721 1060 aliquid
743 983 883 1045 oblatum
906 985 956 1044 val
975 1002 1090 1062 appen-

297 1085 368 1129 sum
382 1069 466 1130 velut
480 1073 674 1130 momentum
695 1072 735 1131 ad
757 1073 960 1144 memoriam;
982 1090 998 1132 e
1018 1089 1091 1132 con-

296 1161 346 1216 tra
371 1155 534 1225 anathema,
560 1159 733 1236 penultima
756 1165 911 1239 correpta,
936 1160 1091 1239 significat

297 1243 540 1322 separationem,
558 1252 589 1306 et
603 1246 707 1308 differt
720 1248 955 1310 accidentaliter
968 1251 1091 1309 tantum

299 1329 339 1390 ah
354 1331 688 1410 excommunicatione,
705 1353 761 1413 per
776 1334 846 1411 hoc,
864 1335 948 1414 quod
962 1333 1091 1394 anathe-

299 1436 352 1479 ma
366 1419 420 1479 liat
434 1438 507 1480 curn
522 1420 710 1500 quibusdam
725 1424 920 1484 caeremoniis
940 1423 980 1483 ad
995 1421 1092 1501 majo-

299 1525 366 1568 rem
389 1511 563 1583 terrerem,
589 1509 633 1569 sic
655 1510 740 1570 enim
762 1513 838 1572 Jure
866 1509 1089 1589 prescribitur,

298 1596 334 1654 ut
360 1595 531 1674 Episcopus
555 1597 735 1658 solemniter
765 1597 1092 1658 excommunicaturus

300 1700 357 1760 per
371 1683 540 1746 anathema
554 1685 681 1748 indutus
695 1687 735 1748 sit
748 1688 875 1762 amictu,
886 1687 966 1748 stola
980 1690 1012 1747 et
1025 1686 1092 1764 plu-

301 1769 372 1846 uiali
395 1770 559 1848 violaceo,
586 1778 620 1835 ut
639 1777 677 1834 12
700 1774 877 1851 Presbyteri
901 1774 1092 1852 Episcopum

300 1855 502 1919 circumstent
528 1863 669 1920 tenentes
696 1860 841 1920 manibus
869 1862 1013 1922 lucernas
1042 1877 1093 1919 ar-

301 1943 421 2021 dentes,
439 1949 470 2006 et
483 1951 553 2024 post
567 1948 663 2010 latam
681 1949 891 2010 anathematis
905 1948 1093 2010 sententiam

302 2032 388 2094 humi
403 2033 571 2113 projiciant
593 2036 737 2098 lucernas
762 2042 792 2099 et
815 2038 947 2116 pedibus
969 2037 1093 2098 concul-

301 2124 382 2197 cent,
409 2120 596 2202 ejiciantqua
620 2128 707 2186 extra
730 2125 912 2202 Ecclesiam,
939 2129 998 2186 etc.
1016 2125 1091 2184 Can.

300 2206 400 2285 Debet,
416 2212 467 2270 56.
485 2213 585 2272 Causa
605 2215 654 2289 ll,
677 2223 770 2295 parcat
788 2216 817 2290 3,
845 2219 875 2274 et
898 2213 982 2275 alibi.
1011 2212 1094 2273 Reli-

302 2296 359 2445 quli)
368 2297 493 2360 termini
517 2300 711 2362 commodius
733 2320 791 2380 per
809 2301 978 2363 decursum
994 2301 1095 2380 expli-

300 2401 337 2444 ca
361 2390 466 2448 untur.

579 2488 733 2550 DUBIUM
755 2489 807 2550 lIl.

375 2617 434 2693 Qui
444 2617 559 2698 possint
570 2617 651 2699 ferre
664 2637 823 2697 cenarem,
840 2629 868 2680 et
883 2619 914 2680 in
930 2627 1026 2701 qnos?

345 2763 359 2799 a
374 2744 466 2822 Resp.
491 2745 514 2806 l.
532 2746 703 2805 censuram
717 2743 797 2805 ferre
819 2747 922 2824 potest
941 2745 1042 2805 omnis
1057 2763 1094 2806 ac

299 2830 385 2890 solus
401 2831 551 2908 Superior
574 2831 820 2908 Ecclesiasticus,
839 2832 958 2892 habens
979 2832 1011 2893 in
1026 2833 1094 2894 loro

299 2923 427 2980 externo
450 2937 505 2980 seu
534 2919 726 2980 contentioso
745 2920 1006 3000 jurisdictionem,
1028 2921 1093 2982 sive

303 3005 494 3068 ordinariam
509 3007 574 3068 sive
590 3007 764 3088 delegatam
770 3056 782 3092 ,Ι

341 3117 354 3153 ιι
381 3096 478 3156 Ροιιο
494 3095 697 3173 ordinariam,
714 3115 784 3176 qua
806 3102 853 3161 est
866 3099 985 3160 ratione
1001 3099 1093 3159 efficii

301 3182 350 3243 vel
365 3181 493 3244 alterius
512 3181 603 3262 juriS,
629 3187 793 3264 potestque
813 3187 952 3265 delegari
973 3185 1094 3248 Clariae

302 3271 468 3333 clericatus
491 3270 662 3350 privilegiis
684 3273 834 3350 gaudenti
855 3275 901 3354 (ut
919 3277 997 3336 uon.
1014 3275 1043 3335 d.
1063 3277 1091 3352 l,

301 3366 404 3439 quast.
417 3361 447 3436 E,
457 3378 489 3440 p.
506 3362 664 3437 23Laym.
683 3360 735 3420 tic.
754 3365 782 3437 l,
799 3371 820 3422 t.
838 3367 868 3437 5,
885 3381 916 3441 p.
935 3367 963 3438 l,
980 3383 1043 3442 cap.
1061 3366 1090 3437 3,

300 3466 381 3508 oum.
400 3450 429 3522 l,
446 3465 484 3506 ex
498 3464 564 3526 cap.
593 3445 665 3509 Cura
687 3448 895 3526 Ecclestaraor,
923 3451 955 3510 S.
979 3450 1090 3510 Thom.

300 3539 360 3596 etc.
377 3535 503 3613 docent)
524 3535 638 3596 habet:
657 3536 685 3596 l.
712 3537 798 3615 Papa
825 3541 969 3616 respectu
998 3537 1093 3598 totius

300 3622 457 3684 Ecclesia.
473 3628 503 3684 2.
521 3623 722 3700 Patriarchae,
747 3625 994 3704 archiepiscopi,
1020 3624 1093 3704 Epi-

300 3711 388 3790 scopi
403 3730 576 3792 eorumqua
591 3711 706 3773 Vicarii
723 3715 900 3774 Generales.
911 3717 940 3775 3.
958 3717 1093 3776 Genera-

299 3798 362 3875 les,
389 3799 600 3860 Provinciales
615 3803 646 3860 et
670 3800 853 3878 Superiores
875 3802 989 3863 locales
1011 3803 1093 3862 Reli-

299 3887 454 3965 gionum,
484 3890 629 3965 respectu
661 3905 790 3948 suorum
823 3889 1029 3950 subditorum.
1059 3894 1088 3950 l.

300 3973 565 4054 Congregationcs
585 3974 793 4052 Religionum,
811 3976 949 4041 Concilia
963 3976 1093 4038 Provin-

300 4060 392 4122 cialia
423 4059 673 4141 Episcoporum,
709 4062 852 4140 Capitula
885 4063 1092 4124 Provincialia

300 4149 509 4228 quorumdam
545 4149 792 4228 religiosorum
823 4155 855 4212 et
882 4149 1029 4228 denique.
1058 4153 1089 4211 5.

300 4237 434 4310 Quidam
457 4256 495 4298 ex
519 4238 739 4314 concessione,
768 4241 802 4299 ut
819 4238 907 4298 multi
930 4237 1092 4300 Archidia-

300 4325 381 4392 coni,
404 4325 684 4404 Archipraesbyteri
707 4330 738 4386 et
760 4326 887 4388 bacani.

339 4435 353 4472 ιι
381 4414 563 4492 Delegatam
587 4413 715 4489 babent,
743 4412 855 4492 quibus
875 4431 912 4474 ea
927 4415 1091 4476 committi-

299 4503 351 4562 tur
365 4501 405 4563 ah
419 4500 611 4561 ordinariam
626 4500 773 4576 habente,
790 4500 879 4579 cujus
893 4506 993 4562 morte
1009 4502 1092 4582 expi-

300 4593 377 4662 rat3
408 4605 465 4649 nec
493 4588 655 4668 delegatus
683 4591 786 4666 potest
813 4588 904 4648 alteri
931 4589 1090 4668 delegare,

300 4677 360 4738 uici
382 4676 498 4738 habeat
520 4676 689 4756 specialem
712 4675 805 4755 hujus
828 4677 1089 4754 commissionem,

301 4768 336 4826 ut
350 4765 390 4828 sit
404 4764 566 4843 delegatus
577 4766 681 4843 Papae.
701 4763 785 4825 Uada
797 4763 928 4826 resolves.

340 4874 354 4908 ιι
381 4854 410 4912 l.
428 4854 495 4912 Non
510 4855 641 4930 possunt
655 4855 808 4928 potestate
833 4851 993 4912 ordinaria
1011 4854 1092 4914 ferre

299 4955 476 5001 censuram.
494 4943 522 4999 l.
539 4939 682 5000 Parachi.
700 4941 729 4999 2.
746 4938 841 5014 bairi,
859 4939 933 5019 quia
948 4946 1094 5002 nonsunt

299 5045 431 5106 capaces
455 5026 681 5107 jurisdictionis
708 5026 958 5100 Ecclesiasticae3
990 5028 1033 5089 uti
1062 5033 1094 5088 ct

299 5114 446 5194 Religicsi
461 5114 593 5193 professi
608 5131 669 5174 non
692 5113 844 5174 hahentes
867 5113 1002 5192 primam
1022 5119 1094 5175 ton·

299 5221 417 5264 suram.
440 5205 469 5264 3.
497 5203 654 5277 Feminae,
680 5201 753 5262 licet
774 5201 836 5263 sint
860 5201 1018 5262 Priorissae
1043 5203 1092 5262 vel

300 5289 473 5352 abbatisse
489 5291 563 5370 quia
582 5308 643 5351 non
657 5293 730 5352 sunt
753 5307 885 5368 capaces
901 5289 1095 5368 jurisdictio·

301 5377 349 5436 nis
371 5395 425 5438 sen
451 5377 613 5456 potestatis
636 5377 783 5438 clavium.
810 5377 941 5449 Ouaudc
966 5376 1094 5438 veroin

301 5465 375 5526 lure
399 5464 545 5526 dicuntur
568 5483 658 5542 posse
687 5465 844 5544 subjectos
872 5464 929 5528 sihi
959 5465 1093 5526 Clericus

1028 531 1144 594 LIBER
1166 532 1230 593 Vll.

1145 717 1340 796 suspendere
1361 716 1400 777 ah
1416 715 1517 778 allicio
1533 715 1582 776 vel
1596 711 1762 790 beneficio,
1779 709 1927 791 suspensio

1145 825 1209 866 ιιοιι
1239 806 1392 884 accipitur
1418 805 1545 883 proprie
1578 822 1634 881 pru
1663 820 1821 876 censura,
1850 796 1927 877 cujus

1144 895 1279 955 violator
1292 893 1558 972 irregularitatem
1581 891 1724 968 incurrit,
1750 889 1806 950 sed
1830 889 1886 948 late
1903 893 1929 945 et

1145 982 1316 1062 improprie
1340 1001 1398 1062 pro
1420 985 1587 1060 praecepto,
1604 999 1666 1060 quo
1681 979 1850 1042 nubatissa
1870 977 1931 1038 Cle

1145 1071 1210 1132 ricc
1225 1071 1284 1132 sibi
1300 1069 1534 1150 quodammodo
1558 1067 1698 1147 subjecto
1722 1064 1870 1146 prohibet
1886 1082 1931 1124 cc·

1145 1158 1363 1235 lebrationcm,
1394 1158 1495 1219 donec
1522 1155 1722 1231 satisfecerit,
1752 1150 1932 1214 subtrahens

1147 1247 1174 1307 ei
1198 1248 1339 1309 redditus
1363 1247 1493 1308 interea.
1515 1248 1552 1308 V.
1577 1247 1656 1307 Bon.
1682 1243 1738 1306 loc.
1755 1243 1809 1304 ιιι.
1830 1243 1930 1318 Laym.

1146 1355 1226 1396 nam.
1243 1337 1272 1397 3.

1186 1446 1200 1481 ιι
1227 1426 1321 1501 Resp.
1339 1424 1376 1484 ll.
1393 1425 1428 1486 ln
1443 1439 1552 1483 omnes
1571 1424 1603 1482 et
1627 1421 1709 1481 solos
1724 1417 1867 1481 subditos
1884 1416 1934 1476 ali-

1147 1511 1195 1571 cui
1217 1510 1378 1588 Superiori
1398 1508 1620 1584 ecclesiastico,
1646 1511 1751 1586 polest
1773 1503 1849 1565 ferri
1872 1521 1933 1564 cen

1147 1617 1231 1676 sura,
1258 1600 1332 1678 quia
1346 1598 1498 1678 subjectio
1513 1601 1546 1658 ct
1555 1595 1733 1676 jurisdictio
1748 1601 1826 1656 sunt
1837 1611 1935 1655 corre-
1979 1661 1981 1670 ,

1147 1689 1253 1764 latire,
1270 1691 1380 1766 Laym.
1397 1707 1461 1768 cap.
1479 1689 1509 1748 3.
1529 1683 1612 1748 Unde
1625 1683 1768 1745 raone.-
1980 1697 1981 1700 ’

1187 1800 1201 1832 ιι
1228 1777 1252 1836 l.
1270 1778 1338 1836 Non
1353 1774 1502 1854 baptizati
1518 1791 1579 1834 non
1594 1773 1762 1833 incurrunt
1780 1787 1933 1844 censuras,

1147 1865 1221 1926 licet
1234 1864 1296 1925 sint
1310 1863 1527 1924 catechumeni
1544 1883 1552 1934 ς
1570 1880 1628 1922 nec
1643 1859 1774 1936 mortui,
1791 1858 1867 1938 quia
1880 1874 1934 1916 nou

1147 1955 1281 2014 subsunt
1309 1950 1519 2032 jurisdictioni
1548 1949 1706 2011 Ecclesiae.
1742 1951 1808 2009 Nec
1836 1945 1933 2021 refert,

1149 2039 1234 2120 quad
1254 2039 1443 2119 quandoque
1466 2037 1582 2100 mortui
1605 2037 1751 2098 dieantur
1765 2050 1935 2096 excommu-

1148 2128 1257 2204 nicari,
1275 2145 1336 2189 non
1352 2127 1436 2187 euim
1450 2126 1490 2187 de
1501 2143 1581 2187 novo
1597 2125 1736 2204 ligantur
1749 2123 1808 2183 sed
1823 2138 1936 2182 excom·

1148 2216 1318 2276 municatic
1342 2214 1429 2293 prior
1451 2218 1574 2275 tantum
1598 2212 1791 2287 declaratur,
1809 2227 1846 2270 ac
1865 2208 1935 2268 rivis

1148 2304 1343 2382 prohibetur,
1370 2321 1408 2364 nc
1432 2320 1504 2364 cum
1524 2300 1563 2362 iis
1586 2305 1706 2380 agant,
1737 2297 1862 2362 orando
1886 2315 1935 2376 pra

1148 2392 1219 2469 illis,
1240 2392 1431 2471 sepelienda,
1449 2394 1508 2451 etc.
1526 2390 1675 2452 Similiter
1696 2388 1810 2450 dicunt
1826 2384 1935 2448 absolvi

1149 2480 1188 2540 ab
1209 2477 1550 2553 excommunicatione,
1576 2477 1703 2557 quando
1727 2475 1892 2554 sepultura
1911 2476 1937 2533 et

1148 2565 1934 2647 orationespublicaeproillispcrmittunturhapm.

1150 2657 1205 2718 loc.
1222 2658 1272 2718 cit.

1189 2769 1202 2804 ιι
1229 2747 1267 2806 ll.
1293 2744 1431 2805 Advenae
1454 2747 1485 2806 et
1507 2742 1664 2823 peregrini
1689 2742 1780 2804 brevi
1805 2747 1937 2819 tempora
1979 2815 1981 2818 Ι

1150 2832 1263 2894 alicubi
1287 2837 1529 2907 commorantes,
1555 2848 1618 2891 non
1639 2829 1784 2908 ligantur
1808 2824 1937 2888 censuris
1980 2881 1981 2900 2

1149 2921 1300 2996 locorum,
1326 2919 1466 2998 generali
1490 2918 1646 2980 sernentia
1668 2922 1725 2978 aut
1747 2920 1867 2978 statuto
1889 2913 1936 2974 dc·
1979 2969 1981 2988 ἐ

1149 3009 1252 3084 cretis,
1270 3009 1344 3088 quia
1358 3026 1420 3069 non
1434 3012 1507 3069 sunt
1521 3006 1647 3068 subditi.
1664 3009 1779 3084 Laym.
1796 3023 1877 3064 nam.
1892 3004 1919 3064 5.

1188 3120 1202 3156 ιι
1229 3099 1281 3159 lll.
1311 3097 1375 3157 Etsi
1400 3095 1515 3156 subditi
1548 3100 1636 3156 extra
1663 3109 1756 3155 suam
1786 3091 1937 3154 dioeceairn
1980 3127 1981 3170 3

1150 3189 1211 3268 (vel
1232 3187 1263 3246 in
1285 3187 1353 3247 loco
1374 3185 1517 3246 dioecesis
1536 3183 1705 3262 exempto),
1726 3181 1938 3260 delinquentes

1149 3282 1260 3338 contra
1273 3275 1376 3352 legem
1391 3273 1440 3334 sui
1454 3271 1598 3351 Episcopi
1615 3289 1677 3332 non
1694 3270 1863 3332 incurrant
1875 3285 1938 3328 cen
1980 3333 1981 3336 Ἴ

1149 3381 1266 3438 suram,
1285 3361 1436 3440 Superior
1459 3367 1563 3422 tamen
1585 3359 1696 3421 saltem
1720 3355 1939 3437 regularispo·
1980 3355 1981 3432 ᾗ

1147 3455 1209 3512 test
1232 3467 1304 3510 suos
1328 3448 1480 3526 subditos,
1506 3447 1698 3526 ubicumque
1721 3445 1872 3512 existant,
1891 3461 1940 3522 per
1979 3507 1981 3514 ,

1147 3537 1370 3616 particularem
1393 3536 1581 3598 sententiam
1609 3535 1752 3597 censuris
1782 3532 1936 3596 innodare.

1148 3627 1185 3688 V.
1202 3628 1313 3703 Laym.
1331 3624 1386 3686 lec.
1404 3625 1455 3686 eit.

1187 3717 1260 3776 olV.
1272 3713 1428 3790 llaeretici,
1445 3717 1604 3792 apostata
1620 3716 1651 3774 et
1665 3710 1862 3774 schismatici
1877 3725 1938 3789 pos-

1147 3805 1221 3862 sunt
1240 3801 1323 3861 affici
1337 3801 1478 3863 censuris
1494 3801 1568 3880 quia
1582 3818 1639 3879 per
1660 3801 1864 3878 Baptismum
1877 3801 1939 3858 sunt

1147 3887 1279 3968 subjecti
1295 3889 1452 3951 Ecclesiae.
1469 3892 1506 3952 V.
1523 3892 1634 3967 Laym.
1653 3887 1709 3948 loc.
1722 3889 1776 3950 cit.

1186 3999 1200 4036 ιι
1227 3978 1263 4038 V.
1300 3978 1391 4039 Solus
1426 3978 1513 4054 Papa
1550 3993 1613 4036 nou
1647 3979 1753 4053 potest
1788 3977 1937 4036 incurrere

1148 4083 1333 4141 censuram,
1361 4064 1435 4142 quia
1450 4062 1525 4125 nulli
1549 4068 1596 4124 cst
1614 4062 1780 4142 subjectus
1794 4065 1871 4126 Bou.
1889 4060 1936 4122 loc.
1979 4059 1981 4086 i

1146 4153 1195 4212 ct'l.
1220 4175 1234 4210 n

1419 4267 1674 4328 ADDENDA.

1189 4408 1296 4483 owcoest.
1323 4409 1352 4467 3.
1382 4440 1423 4452 —-
1448 4406 1528 4482 Quid
1544 4417 1692 4488 preterca
1719 4406 1882 4470 notandam
1904 4403 1939 4464 sit

1147 4496 1228 4556 circa
1247 4503 1417 4575 potestatem
1440 4493 1557 4576 sereadi
1578 4501 1741 4556 casurus?
1765 4494 1892 4574 Respfi
1912 4495 1935 4552 l.

1147 4588 1227 4645 Ante
1243 4584 1348 4644 omnia
1363 4601 1420 4662 pro
1435 4583 1495 4644 hcc
1512 4587 1542 4644 et
1556 4583 1701 4662 sequenti
1717 4583 1819 4644 dubio
1841 4586 1937 4642 noun·

1147 4669 1188 4730 da
1203 4674 1275 4731 sunt
1289 4669 1387 4730 rerba
1400 4668 1484 4730 Trid.
1502 4688 1579 4730 sess.
1590 4673 1640 4746 35,
1653 4688 1724 4750 cap.
1743 4673 1775 4731 3.
1793 4673 1839 4732 Dc
1852 4667 1935 4730 reler.

1148 4757 1297 4830 Quamvis
1321 4757 1654 4819 excommunicationis
1681 4759 1813 4837 gladius
1835 4771 1938 4818 necrus

1147 4847 1188 4908 sit
1208 4845 1435 4908 Ecclesiasticae
1460 4846 1650 4924 disciplina,
1676 4846 1718 4908 ad
1740 4843 1937 4909 connncndos

1148 4936 1180 4995 in
1197 4934 1299 4995 allicio
1311 4935 1443 5013 populos
1454 4934 1545 4995 valde
1556 4935 1714 5012 salutaris,
1726 4936 1835 4996 sobrie
1845 4939 1936 4996 amen

1149 5040 1329 5102 magnaque
1354 5022 1633 5100 circumspectione
1658 5023 1858 5084 exercendus
1878 5023 1935 5088 cst;

1150 5130 1222 5173 cum
1238 5111 1430 5190 experientia
1446 5113 1567 5187 doceat,
1585 5111 1609 5172 si
1622 5116 1743 5172 temere
1760 5118 1817 5172 aut
1830 5107 1937 5172 laribus

1148 5221 1186 5261 cx
1210 5199 1304 5259 rebus
1328 5199 1508 5265 incutiatur,
1524 5197 1626 5276 magis
1654 5198 1830 5275 contemni,
1854 5209 1936 5276 quam

1150 5286 1324 5363 formidari,
1342 5291 1374 5347 ct
1395 5285 1566 5366 pernicicm
1586 5284 1690 5363 potius
1710 5297 1938 5364 perorassem

1149 5377 1293 5436 salutem.
1321 5377 1518 5454 Quapropter
1539 5373 1881 5436 excommunicationes
1904 5368 1936 5429 il·

1147 5465 1196 5532 lae,
1214 5483 1284 5544 quae
1300 5463 1524 5525 monitionibus
1541 5461 1714 5542 praemissis
1730 5463 1773 5524 ad
1792 5465 1881 5524 tinem
1894 5475 1936 5518 m·
