3974 6348
320 561 379 628 368
1031 541 1148 608 11111111
1174 541 1253 608 Vlll.

320 749 533 823 eminentiam,
550 764 612 827 qua
627 750 760 806 coeteros
775 739 940 813 excedunt,
957 739 989 797 11
1003 735 1045 796 ob
1067 733 1116 812 ip·
1211 735 1396 812 Respondeo
1415 735 1531 814 primo,
1548 737 1636 817 quod
1652 735 1856 818 quamvisper
1868 737 1944 818 Capi·

320 856 387 898 sam
398 829 827 912 onusillisimponitgravius,
838 823 1068 900 Mendod.7‚a.
1082 825 1112 882 5.
1170 822 1246 899 tula,
1277 823 1490 904 intelligantur
1516 827 1612 905 vulgo
1642 827 1788 905 Capitula
1816 829 1943 890 Ecclesia

360 923 515 996 Quaeritur
550 919 700 995 secundo,
739 935 779 977 an
817 914 870 992 qui
908 902 1116 992 personaliter
1171 911 1375 990 Gathedralis,
1393 913 1653 993 autCollegiatm,
1672 919 1833 978 esttamen
1847 917 1945 995 proba-

320 1012 437 1074 adeunt
458 1011 586 1086 bellum,
612 1008 661 1068 vel
684 1005 815 1066 militem
837 1019 894 1082 pro
919 1019 951 1061 se
973 998 1113 1074 mittunt,
1171 997 1232 1058 bile
1256 999 1401 1078 ampliari
1425 1007 1457 1060 ct
1488 1001 1613 1062 extendi
1638 1002 1736 1064 etiam
1762 1003 1801 1064 ad
1820 1003 1946 1082 Capitula

319 1100 404 1181 quod
428 1099 488 1160 alio
509 1098 599 1160 titulo
622 1096 726 1156 faeere
750 1092 948 1166 tenebantur,
973 1092 1007 1148 ut
1025 1092 1113 1165 puta,
1172 1087 1406 1164 parochiarum,
1445 1088 1498 1148 ubi
1523 1090 1711 1166 estltector,
1738 1097 1793 1152 aut
1819 1091 1901 1152 Prior
1923 1097 1947 1150 el
1982 1165 1983 1168 1

1170 1174 1350 1236 Beneficiati
1372 1175 1424 1256 qui
1453 1175 1590 1255 capitula
1612 1179 1785 1254 celebrant,
1808 1183 1839 1241 et
1858 1179 1889 1240 in
1910 1179 1946 1240 eis
1982 1205 1983 1208 ¹

303 1191 398 1278 ⁴lege,
415 1191 573 1268 praecepto
588 1185 691 1264 Regia,
717 1183 838 1262 equites
853 1179 963 1240 habitu
985 1175 1116 1254 insigni-

318 1278 353 1353 ti,
370 1284 401 1339 et
415 1295 571 1357 procerae,
588 1274 749 1353 gaudeant
762 1268 875 1330 Bulla?
898 1265 1117 1344 Respondctur
1171 1261 1351 1339 discutiunt,
1368 1264 1531 1343 ventilant,
1547 1266 1798 1329 etdeciduntea
1819 1269 1947 1346 quelle
1981 1313 1983 1326 t

319 1365 522 1440 affirmative,
549 1363 624 1443 quia
646 1379 708 1422 uno
734 1365 765 1421 et
788 1358 899 1418 eodem
919 1359 990 1416 actu
1013 1356 1117 1431 potest
1171 1350 1273 1410 clesiis
1287 1350 1350 1410 suis
1365 1369 1538 1430 congruere
1554 1353 1713 1416 videntur.
1735 1355 1843 1433 ltaque
1860 1353 1947 1414 indul·
1981 1369 1983 1438 1

319 1453 435 1533 duplici
451 1451 632 1531 obligationi
648 1449 715 1509 fieri
735 1447 820 1522 satis,
838 1466 868 1506 v.
885 1464 917 1524 g.
936 1461 998 1504 uno
1021 1447 1116 1502 etco-

319 1542 391 1602 dem
402 1541 534 1620 jejunio,
552 1544 583 1600 11
603 1540 797 1618 praeceptum
820 1531 987 1610 adimpleri
1009 1529 1117 1592 Eccle-

318 1630 490 1706 siastieum,
515 1633 546 1690 et
564 1625 750 1707 poenitentia
768 1641 787 1684 a
803 1618 1000 1684 Conlessario
1016 1617 1117 1695 impo-

319 1725 462 1860 Slt{ertio
487 1795 646 1876 quaeritur,
672 1813 712 1855 an
737 1793 769 1853 hi
785 1793 838 1874 qui
861 1794 1002 1872 possunt,
1027 1791 1116 1848 ette-

319 1892 432 1948 nontur
446 1885 568 1945 mittere
585 1884 695 1944 decem
709 1883 834 1958 milites,
858 1882 1016 1942 mittentes
1040 1896 1115 1957 qua·

317 1983 400 2052 tuor,
417 1973 512 2036 111111
528 1973 580 2052 qui
596 1991 658 2032 non
674 1977 805 2050 possunt
818 1971 943 2031 mittere
965 1971 1112 2048 quatuor,

319 2064 371 2145 qui
387 2068 434 2124 est
447 2062 594 2121 minimus
609 2060 742 2120 militum
755 2077 915 2134 numerus,
925 2056 1028 2116 missis
1039 2056 1115 2115 duo-

318 2153 387 2228 bus,
405 2150 454 2211 vel
469 2149 578 2224 tribus,
596 2146 755 2226 gaudeant
769 2145 883 2207 Bulla?
901 2144 1014 2206 blondo
1035 2164 1064 2203 11.
1082 2145 1112 2218 u,

319 2239 463 2319 negative
478 2236 659 2314 respondet;
679 2237 828 2315 quianon
849 2232 1115 2312 adhibentrequi-

318 2329 412 2390 situm
427 2331 457 2387 11
470 2325 600 2404 petitum
622 2324 844 2399 conditionem,
862 2341 975 2400 nempe
990 2321 1113 2381 mittere

319 2415 428 2476 decem
450 2411 475 2472 si
499 2415 640 2490 possunt,
662 2411 713 2472 vel
736 2411 777 2472 ad
800 2411 904 2470 minus
926 2414 1070 2488 quatuor,
1088 2409 1113 2470 si

1171 1443 1238 1498 tum
1257 1438 1316 1498 hoe
1333 1440 1541 1516 potcstetiam
1558 1442 1685 1502 extendi
1707 1447 1738 1504 et
1759 1442 1896 1520 ampliari
1916 1442 1948 1502 ad

1175 1525 1233 1586 has
1248 1527 1414 1604 Ecclesias,
1445 1529 1519 1608 quia
1533 1529 1626 1606 11111,
1644 1537 1676 1590 et
1690 1529 1768 1609 Regi
1783 1529 1946 1608 propitium,
1982 1543 1983 1586 5

1172 1615 1366 1677 Mandatum.
1383 1620 1413 1679 8.

1212 1705 1397 1784 ltcspondco
1422 1707 1572 1784 secundo,
1598 1726 1655 1786 per
1674 1706 1948 1770 Monosteriaintel-

1171 1790 1223 1869 ligi
1236 1811 1450 1873 quascumque
1462 1794 1692 1872 ltcligiosorum
1702 1796 1863 1876 utriusque
1874 1813 1948 1856 sexus

1171 1881 1435 1959 Communitates,
1460 1886 1604 1962 quamvis
1629 1885 1691 1946 alio
1716 1885 1840 1946 nomine
1859 1883 1949 1962 appel-

1170 1968 1284 2045 lentur,
1305 1990 1335 2031 v.
1355 1990 1386 2050 g.
1411 1971 1560 2050 Collegia,
1577 1974 1716 2050 Domus,
1733 1979 1792 2035 etc.
1809 1975 1875 2034 Non
1889 1989 1947 2031 vero

1170 2057 1387 2138 intelliguntur
1400 2060 1468 2120 aliae
1483 2061 1740 2140 communitates,
1764 2082 1794 2124 v.
1813 2081 1844 2141 g.
1869 2059 1947 2122 Colle-
1982 2073 1983 2130 j

1170 2147 1222 2223 gia
1236 2147 1452 2224 saecularium,
1478 2148 1772 2227 ConfraternitateS,
1803 2156 1862 2211 etc.
1883 2146 1947 2210 Iden
1981 2157 1983 2228 ἦ

1170 2240 1295 2296 11111117.
1982 2233 1983 2244 ¹

1211 2326 1304 2386 Sexto
1329 2325 1496 2404 quaeritur,
1522 2343 1563 2384 au
1588 2326 1679 2386 miles
1702 2327 1819 2388 missus
1839 2327 1876 2388 ab
1896 2325 1948 2386 istis
1982 2361 1983 2366 κ

1170 2412 1450 2473 Communitatibus
1479 2431 1536 2492 pro
1562 2413 1651 2475 denis
1673 2415 1866 2494 quibusque,
1884 2431 1948 2474 unus
1981 2473 1983 2494 ,

318 2504 449 2564 facultas
472 2499 574 2580 major
598 2517 659 2560 non
682 2499 826 2576 habetur,
852 2497 1114 2576 sedeonsequen-
1170 2501 1284 2561 debeat
1298 2501 1473 2562 necessario
1489 2501 1529 2561 de
1544 2502 1688 2581 Capitulo
1705 2502 1786 2564 mitti
1806 2499 1948 2563 consulto?
1981 2543 1983 2584 4

319 2596 367 2652 ter
382 2589 482 2667 magis
496 2587 536 2649 ad
551 2605 640 2647 suam
663 2587 838 2648 doctrinam
852 2590 957 2664 posset
977 2586 1115 2646 affirma-
1169 2587 1388 2664 Respondetur
1408 2590 1621 2650 necessarium
1645 2609 1715 2650 esse
1737 2591 1769 2650 in
1793 2589 1947 2652 Communi·
1982 2595 1983 2602 ’

318 2681 416 2741 tivum
439 2678 520 2738 ferre
545 2677 749 2750 sententiam3
773 2676 848 2755 quia
871 2695 952 2736 rrum.
977 2679 1007 2741 t,
1028 2672 1058 2734 d.
1081 2677 1111 2750 5,
1169 2674 1285 2736 tatibus
1301 2675 1371 2752 illis,
1398 2676 1430 2735 in
1451 2676 1565 2756 quibus
1588 2695 1648 2737 uon
1674 2681 1779 2756 potest
1793 2674 1948 2755 disponide
1981 2691 1983 2718 ³

320 2767 441 2843 asserit,
466 2765 609 2840 militem,
635 2783 736 2845 aquo
760 2763 1114 2844 petiturprorequisito
1169 2761 1260 2823 bonis
1286 2764 1524 2826 Communitatis
1557 2765 1624 2826 sine
1657 2765 1790 2844 Capituli
1815 2765 1949 2826 delibera-
1981 2737 1983 2786 ³

320 2856 360 2916 ad
375 2853 528 2934 gaudium
542 2853 639 2914 Bullaa
654 2853 741 2913 adire
757 2852 894 2931 gratiose
919 2857 950 2913 et
971 2851 1038 2912 sinc
1062 2852 1113 2912 sti·
1169 2850 1348 2923 tione3sed
1362 2853 1490 2913 minime
1511 2853 1723 2915 necessarium
1738 2854 1769 2915 in
1785 2854 1835 2930 iis,
1850 2854 1878 2914 in
1897 2852 1948 2933 qui·
1981 2849 1983 2918 i

320 2942 435 3022 pendio
449 2941 577 3017 bellum,
595 2959 686 3019 posse
701 2941 760 3001 frui
776 2941 877 3016 Bulla,
895 2942 1039 3020 quamvis
1062 2959 1115 3002 ac-
1170 2936 1228 2998 bus
1243 2938 1365 3017 disponi
1380 2945 1484 3019 potest
1506 2941 1546 3001 de
1568 2941 1606 3000 iis
1629 2941 1721 3003 bonis
1740 2943 1781 3003 ad
1799 2943 1851 3022 pia
1871 2958 1948 3020 opera
1981 2919 1983 2960 ¹

320 3031 415 3109 cipiat
429 3028 547 3108 aliquid
562 3047 600 3088 ex
614 3029 781 3106 stipendio,
795 3029 879 3107 quod
890 3047 947 3107 pro
968 3028 1114 3089 mercede
1170 3023 1236 3084 sine
1252 3026 1476 3089 deliberatione
1491 3029 1559 3089 tali.
1981 3021 1983 3114 1

320 3117 461 3194 soluitur,
477 3115 571 3177 modo
587 3117 725 3178 remittat
739 3116 877 3195 aliquam
892 3121 1014 3196 partem
1029 3116 1114 3177 debi-
1210 3113 1366 3184 Quaeritur
1379 3117 1524 3194 septimo,
1541 3117 1627 3178 auin
1643 3117 1806 3195 praedictis
1825 3121 1948 3180 Commu·
1981 3117 1983 3216 1

320 3204 538 3268 taemerccdis.
556 3206 595 3266 ut
609 3204 764 3266 rationem
778 3204 883 3265 reddit
902 3206 1027 3280 llendo,
1040 3204 1115 3283 quia
1170 3199 1330 3279 nitatibus,
1347 3204 1474 3282 quando
1489 3206 1645 3269 excedunt
1659 3205 1718 3284 ipsi
1739 3206 1772 3267 in
1790 3203 1948 3270 Communi·
1981 3217 1983 3254 1

320 3294 353 3355 in
367 3313 416 3371 eo,
433 3293 517 3373 quod
532 3293 671 3369 remittit,
687 3293 790 3374 majus
808 3292 918 3355 tribuit
940 3293 1114 3354 subsidium
1169 3293 1232 3350 tate
1248 3298 1479 3353 commorantes
1493 3312 1660 3354 numerum
1686 3293 1801 3356 decem
1823 3310 1947 3374 persona·
1981 3255 1983 3356 1

320 3383 360 3443 ab
374 3383 503 3458 bellum,
521 3399 615 3460 quam
625 3380 650 3440 si
661 3381 740 3441 duos
750 3380 926 3460 porrigeret
933 3385 1111 3460 argenteos
1170 3397 1251 3455 rum,
1268 3378 1323 3439 sed
1338 3379 1379 3441 ad
1393 3380 1503 3459 viginti
1519 3399 1582 3442 non
1593 3382 1796 3462 perveniunt,
1808 3385 1947 3445 duostunc
1981 3357 1983 3456 1

321 3469 374 3548 qui
397 3470 491 3547 vulgo
517 3487 573 3547 pro
593 3468 683 3529 Bulla
703 3468 818 3530 duntur
838 3469 1000 3548 potiunda.
1030 3472 1113 3550 Ergo
1170 3467 1283 3528 milites
1297 3468 1421 3528 mittere
1437 3469 1626 3530 teneantur?
1981 3463 1983 3536 1

321 3558 417 3620 etiam
439 3558 490 3618 ille
510 3557 563 3637 qui
577 3563 688 3635 potens
706 3557 830 3620 mittere
854 3558 964 3619 docem
987 3559 1111 3636 milites,
1211 3555 1429 3634 llespondetur
1449 3557 1610 3635 negatiuc;
1637 3561 1761 3618 tautum
1787 3559 1869 3620 enim
1889 3555 1948 3618 obli·
1981 3537 1983 3646 1

320 3646 474 3706 minorem
487 3646 583 3706 mittit
596 3655 773 3723 numerum,
789 3647 839 3706 vel
855 3646 907 3726 qni
922 3665 985 3708 non
1003 3653 1114 3726 potens
1170 3648 1294 3722 gantur,
1311 3647 1386 3704 tunc
1400 3643 1441 3704 ad
1456 3643 1645 3705 mittendum
1665 3645 1750 3707 ultra
1769 3645 1894 3707 militem
1910 3659 1947 3700 ra·

320 3733 444 3794 mittere
460 3737 604 3813 quatuor,
620 3732 716 3794 mittit
729 3732 819 3810 duOS,
836 3738 977 3810 11111111,
995 3735 1115 3814 gaude·
1169 3738 1235 3794 tam
1247 3732 1334 3793 illam
1348 3735 1482 3810 partem,
1495 3752 1564 3813 quae
1579 3734 1790 3796 excedentem
1805 3731 1947 3795 denarium
1981 3725 1983 3818 1

320 3821 366 3884 bit
380 3821 484 3895 Bulla3
502 3821 576 3900 quia
590 3820 622 3881 in
636 3821 787 3883 militibus
802 3821 862 3882 illie
875 3821 989 3898 missis,
1011 3821 1115 3901 majus
1170 3837 1337 3880 numerum
1353 3820 1488 3898 attingit.
1981 3821 1983 3900 1

320 3911 422 3972 adfert
435 3908 610 3970 subsidium
620 3928 714 3988 quam
725 3909 750 3970 11
762 3914 831 3971 1111
840 3910 992 3972 tribueret
1002 3929 1115 3990 argen-
1210 3909 1327 3970 Octavo
1352 3908 1513 3987 quaeritur,
1538 3928 1578 3970 an
1602 3910 1729 3988 milites,
1757 3911 1811 3990 qui
1836 3909 1947 3971 aliorum
1981 3909 1983 3972 l

320 4003 399 4074 teos,
423 4015 492 4078 quae
514 4001 560 4058 111
580 4000 687 4058 taxata
710 3996 866 4058 nobilibus
882 3998 1113 4076 eleemosynae
1170 3994 1345 4073 sumptibus
1369 3994 1409 4054 ad
1435 3995 1519 4055 bella
1541 3995 1730 4074 mittuntur,
1756 3999 1854 4060 Bullae
1871 3993 1946 4058 etiam

321 4086 552 4163 commissario,
584 4085 726 4166 quamvis
748 4087 870 4165 possint
893 4086 1016 4149 mittere
1045 4087 1114 4147 illos
1169 4083 1329 4162 gaudeant
1343 4081 1563 4161 indulgentia?

321 4177 442 4253 decem,
458 4179 490 4236 11
503 4175 571 4236 illos
586 4181 721 4254 quatuor
735 4176 860 4238 milites.
889 4179 929 4237 ut
946 4175 1115 4237 1111111111-
1210 4170 1428 4250 Respondetur
1447 4171 1645 4250 affirmative,
1666 4175 1691 4235 si
1711 4192 1869 4254 pauperes
1880 4171 1944 4238 sint;

321 4265 452 4328 tentiam
467 4268 542 4344 puto
557 4265 764 4343 probabilem.
1170 4279 1243 4322 nam
1258 4260 1302 4321 ita
1315 4279 1498 4339 expressum
1513 4262 1545 4323 in
1559 4262 1650 4323 Bulla
1662 4263 1794 4342 legitur.
1811 4259 1945 4324 utacum

364 4353 479 4424 Quarto
500 4351 659 4431 quaeritur,
676 4370 717 4412 an
732 4351 764 4430 ii,
782 4351 834 4432 qui
860 4369 958 4412 unum
983 4351 1114 4413 militem
1170 4351 1195 4411 si
1210 4350 1342 4411 durante
1357 4349 1429 4410 belli
1445 4367 1539 4428 anno,
1556 4350 1723 4426 ditescant,
1742 4352 1795 4412 vel
1810 4370 1849 4410 ex
1861 4363 1945 4424 arrcp

321 4442 446 4503 mittere
460 4443 616 4514 tenentur,
633 4441 743 4500 etcum
754 4439 884 4518 possint,
904 4458 965 4501 non
974 4441 1111 4518 mittunt,
1169 4439 1209 4503 tis
1224 4459 1261 4500 ex
1276 4437 1364 4500 hoste
1389 4439 1506 4518 spoliis,
1531 4441 1583 4500 vel
1604 4457 1643 4500 ex
1665 4441 1898 4520 praemiisque
1917 4453 1946 4495 11

321 4530 377 4590 sed
391 4527 483 4588 simul
497 4544 570 4587 cum
583 4526 651 4587 aliis
674 4528 816 4605 personis
837 4528 1052 4605 contribuunt,
1079 4531 1114 4590 ut
1169 4528 1263 4588 rebus
1277 4526 1373 4606 gestis
1386 4526 1489 4588 meriti
1508 4527 1646 4605 luerunt,
1671 4527 1806 4590 minime
1825 4521 1945 4606 expensis

322 4617 464 4678 mittatur
488 4634 568 4694 unus
599 4619 631 4676 11
652 4617 754 4677 alatur
776 4636 833 4696 per
853 4617 1012 4696 integrum
1038 4617 1114 4678 belli
1169 4635 1202 4676 se
1221 4615 1356 4694 propriis
1384 4615 1468 4676 alere
1494 4619 1653 4693 tenentur,
1677 4619 1713 4678 ut
1736 4613 1945 4696 indulgentiam

322 4705 463 4768 durantis
478 4721 605 4780 annum,
622 4704 781 4782 gaudeant
795 4705 908 4766 Bulla?
922 4706 1035 4768 Mende
1051 4725 1113 4767 res·
1168 4705 1330 4766 lucrentur
1343 4703 1451 4781 Bulla,
1477 4704 1552 4784 quia
1573 4705 1625 4765 illa
1646 4705 1785 4767 fortunae
1807 4700 1945 4785 pulchrior

322 4794 440 4874 pendet
453 4791 608 4870 negative.
626 4793 688 4854 Sed
711 4798 941 4872 consequenter
964 4794 1004 4855 ad
1030 4795 1115 4856 dicta
1168 4791 1264 4852 facies
1279 4810 1335 4869 per
1349 4791 1495 4852 accidens
1509 4790 1615 4852 arrisit
1637 4791 1698 4852 illis
1715 4799 1750 4853 et
1764 4791 1944 4868 sufficitpeu·

321 4880 508 4961 respondeo,
525 4879 610 4958 quod
628 4881 653 4940 si
676 4880 707 4941 id
726 4880 810 4960 quod
829 4881 1040 4958 contribuunt,
1067 4888 1114 4946 est
1169 4898 1260 4959 peres
1281 4879 1388 4956 fuisse,
1412 4879 1538 4960 quando
1563 4880 1604 4940 ad
1626 4878 1748 4940 bellum
1765 4879 1849 4942 missi
1861 4877 1941 4938 luem.

322 4970 497 5032 subsidium
511 4967 613 5048 majus
636 4970 802 5050 quamduo
814 4969 856 5030 illi
867 4971 1021 5050 argentei,
1034 4989 1113 5051 quos
1209 4968 1365 5040 Quaeritur
1385 4986 1480 5045 nono,
1497 4986 1537 5028 an
1552 4967 1578 5028 si
1593 4967 1682 5028 miles
1705 4969 1747 5030 ab
1768 4967 1868 5047 aliquo
1886 4961 1942 5024 mie

321 5078 379 5140 pro
393 5059 483 5120 Bulla
496 5057 647 5136 tribuunt,
664 5058 826 5138 probabile
841 5063 897 5136 est,
921 5079 1013 5139 possa
1034 5079 1113 5140 gau-
1169 5074 1232 5132 sue,
1254 5056 1303 5116 vel
1318 5073 1380 5116 non
1395 5055 1502 5133 intrat,
1523 5055 1573 5117 vel
1592 5053 1745 5135 relinquit
1761 5054 1875 5116 bellum
1893 5046 1943 5110 cul·

322 5149 397 5210 dere
411 5147 511 5209 Bulla.
1168 5143 1313 5222 pabiliter
1331 5149 1404 5204 onte
1426 5143 1584 5222 expletum
1607 5161 1741 5219 anuum,
1759 5148 1831 5205 tuuc
1845 5141 1888 5216 iis,
1901 5133 1943 5216 qui

363 5235 518 5308 Quaeritur
541 5237 660 5316 quinto,
678 5237 829 5315 quidnam
852 5234 1042 5316 intelligatur
1058 5257 1114 5317 per
1169 5231 1252 5294 misit
1266 5231 1364 5309 illum,
1385 5231 1524 5310 gaudeat
1542 5230 1651 5292 Bulla?
1678 5229 1892 5310 Respondetur
1908 5221 1942 5284 uf·

323 5322 466 5401 Capitula
493 5325 524 5384 et
546 5322 747 5400 ltlonasteria,
771 5324 898 5403 quando
922 5323 966 5383 eis
981 5323 1113 5402 imponi·
1168 5319 1335 5395 firmative,
1352 5319 1377 5380 si
1393 5313 1941 5399 11111111111111111111111111111111111

322 5417 385 5488 tur,
401 5416 436 5471 ut
449 5429 505 5489 pro
521 5411 609 5474 denis
624 5412 799 5492 quibusque
818 5412 960 5493 personis
983 5414 1114 5476 militem
1169 5413 1201 5470 et
1214 5412 1368 5487 sumptae,
1386 5407 1470 5488 quia,
1488 5411 1640 5487 quantum
1662 5406 1694 5468 in
1716 5425 1751 5468 se
1772 5405 1838 5483 luit,
1856 5405 1939 5486 postu·

324 5515 424 5562 unum
437 5498 586 5561 mittant?
1169 5497 1394 5582 lataimplevit.
