4012 6354
4 539 115 604 W..
380 549 517 617 c-v

73 739 218 804 matum,
233 739 298 791 licat
312 752 360 804 per
374 751 433 790 eam
448 737 601 789 satisfacere
617 735 757 800 noluisset,
770 751 796 789 n.
808 739 861 790 433.

72 812 121 872 044
138 810 298 863 4444441444
318 823 474 874 pauperem,
486 821 539 859 nou
558 807 688 859 satisfacit
701 807 800 859 alendo
814 823 862 873 pa·

70 885 137 934 44444
162 895 242 936 auum
261 893 386 946 4444444,
402 893 429 930 ιι.
452 880 504 932 434.
526 880 578 939 044
603 879 680 930 44444
697 880 863 943 peregrinari

69 953 191 1014 nomam,
203 956 266 1010 444..
276 950 416 1012 satisfacit,
427 949 449 1000 si
465 949 652 1014 peregrinetur
666 961 757 1013 eques,
768 964 794 1000 n.
805 953 861 1002 436.

69 1024 119 1084 044
130 1023 207 1074 vovit
217 1021 383 1086 peregrinari
395 1023 519 1084 caucasi
535 1019 675 1084 equitandi
692 1021 860 1072 occasionem

69 1105 123 1145 non
139 1093 250 1152 lrabeat,
260 1105 313 1141 non
330 1094 439 1141 tenetur
452 1091 618 1155 peregrinari
629 1089 753 1153 pedibus.
767 1105 793 1142 n.
805 1093 859 1142 436.

68 1163 119 1224 044
134 1163 211 1214 44444
219 1160 410 1226 Virginitatem
426 1174 473 1224 per
485 1174 514 1211 se
525 1160 671 1224 loquendo,
684 1161 860 1222 probabiliter

68 1249 123 1286 uon
145 1237 255 1284 tenetur
276 1232 309 1282 ad
330 1233 487 1296 perpetuam
506 1232 674 1290 castitatem,
690 1232 735 1282 sed
752 1235 858 1283 tantum

67 1306 100 1357 ad
119 1305 283 1356 servandam
305 1303 395 1354 caruis
417 1303 609 1370 integritatem,
624 1317 650 1353 n.
666 1303 721 1364 434,
737 1305 790 1354 461.
807 1304 858 1365 044

66 1378 142 1430 44414
169 1375 297 1427 omnibus
322 1374 388 1424 anni
416 1373 513 1424 diebus
547 1374 689 1438 ieiunare,
721 1375 858 1425 ordinaria

66 1460 121 1500 uon
144 1446 282 1510 obligatur
304 1443 463 1503 Dominicis,
479 1443 531 1492 uisi
554 1443 581 1494 id
603 1447 757 1508 specialiter
776 1445 857 1494 stiam

65 1517 194 1578 voluerit,
206 1530 233 1567 n.
246 1515 362 1574 438.οιιί
377 1515 406 1563 44
418 1515 563 1577 iuventute
577 1515 653 1568 44444
668 1517 750 1568 444444
761 1515 858 1564 444444

63 1587 197 1652 ieiunare,
206 1583 381 1650 probabiliter
393 1595 447 1632 non
458 1583 603 1646 obligatur,
619 1587 640 1636 ai
661 1587 695 1636 ad
710 1598 813 1636 annum
827 1583 857 1634 63

65 1655 230 1722 pervenerit,
241 1667 268 1704 n.
279 1655 332 1704 433.
344 1653 395 1712 044
406 1653 480 1702 vovit
494 1666 508 1704 4
525 1653 612 1704 tribue
626 1655 757 1708 calicibus
772 1667 857 1705 unum

65 1727 129 1778 dara
144 1725 279 1785 Ecclesiae,
295 1724 317 1774 44
332 1721 404 1774 iures
418 1722 487 1774 duos
502 1723 619 1788 rapiant,
633 1727 802 1791 probabilius
816 1729 857 1774 44-

65 1801 146 1848 netur
160 1799 249 1846 tntum
264 1793 374 1845 tertium
388 1793 461 1854 dere,
475 1807 500 1842 n.
512 1795 566 1844 446.
578 1796 631 1855 044
646 1798 721 1848 44444
735 1796 855 1857 celicam,

64 1867 110 1918 aad
135 1865 262 1918 nesciens
289 1865 332 1914 cui
361 1864 493 1924 Ecclesia,
520 1865 687 1928 probabilius
715 1880 764 1931 pro
793 1879 857 1930 qua·

64 1936 246 2007 litatetdnbii
269 1936 377 1985 tenetur
401 1935 520 1997 pretium
544 1936 676 1999 dividere,
701 1951 777 1988 num.
802 1939 855 1988 444.

63 2002 124 2069 Qus
130 2006 211 2058 vovit
224 2019 280 2056 444
293 2004 412 2068 amplius
426 2004 519 2056 ludere
535 2019 560 2054 4.
575 2018 599 2070 g.
616 2007 726 2067 chartis,
741 2009 763 2058 ai
780 2009 856 2060 abso·

62 2077 118 2128 luta
133 2075 242 2127 voverit
255 2075 295 2126 nil
309 2073 463 2136 cogitando,
486 2075 569 2125 4444
588 2089 639 2126 usu
656 2075 796 2128 moderato
814 2078 856 2130 vel

63 2147 246 2199 immoderato
257 2143 431 2208 intelligeret,
442 2148 611 2196 nontenetur
619 2146 757 2198 abstinere
768 2161 783 2196 a
794 2148 855 2198 lusu

62 2219 225 2278 moderato;
241 2215 311 2280 qtvod
324 2216 346 2265 si
362 2215 443 2264 etiam
459 2215 531 2265 hunc
547 2215 722 2280 intellexerit,
742 2218 785 2267 vel
800 2231 856 2268 non

63 2289 160 2346 ludere
175 2288 257 2339 etiam
276 2299 324 2350 pro
337 2285 391 2335 alio
415 2285 497 2348 (quod
512 2300 545 2336 ex
559 2285 612 2336 line
629 2289 685 2337 voti
700 2289 790 2351 colligi
806 2301 854 2352 po-

63 2361 138 2422 terit,
155 2373 189 2410 ex
203 2358 346 2422 quostiam
359 2357 478 2419 gravitas
493 2357 535 2406 vel
552 2357 649 2408 levitas
664 2359 855 2421 transgressio·

63 2431 107 2482 uia
120 2431 207 2494 huius
220 2428 277 2479 4444
292 2425 431 2478 metienda
445 2429 494 2489 444)
510 2427 591 2477 etiam
603 2428 638 2477 ab
653 2429 703 2478 hoc
717 2429 854 2479 abstinere

63 2503 177 2552 tenetur
200 2501 263 2558 etc,
285 2495 303 2546 1.
319 2497 343 2556 3,
358 2508 374 2544 4
391 2509 418 2544 4.
443 2497 496 2550 ita.
517 2497 567 2556 Qui
588 2497 663 2547 vovit
679 2511 732 2548 non
752 2498 856 2568 ludere,

63 2569 154 2621 donec
174 2571 250 2632 pater
266 2578 331 2616 auus
344 2563 458 2616 domum
476 2565 585 2626 rediret,
599 2568 622 2616 si
640 2567 683 2616 hic
699 2569 726 2617 in
742 2568 785 2618 via
800 2581 855 2617 mo-

62 2643 181 2700 reretur,
195 2637 331 2688 ordinarie
343 2635 479 2698 obligatur
493 2641 599 2688 4444444
610 2639 746 2688 abstinere
755 2639 788 2688 ad
802 2637 854 2688 tale

62 2713 184 2774 tempus,
201 2710 338 2771 quopater
349 2706 490 2757 commode
504 2707 592 2756 redire
607 2709 745 2771 potuisset,
761 2721 787 2758 n.
799 2711 852 2759 454.

63 2781 116 2841 044
130 2779 210 2830 44444
220 2790 274 2826 444
284 2776 377 2827 144444
392 2777 444 2826 niai
465 2780 652 2828 consentiente
663 2779 757 2837 altero,
772 2779 795 2829 si
811 2779 854 2830 bic

61 2845 855 2910 altermoriatur,nortampliuaobligatur;siautcmiiatiu·

61 2921 164 2980 rloaue,
178 2917 268 2968 adbuc
278 2915 422 2978 obligatur,
437 2930 464 2968 a.
480 2919 532 2966 446.
549 2919 600 2976 041
612 2918 690 2969 44444
704 2919 732 2968 14
746 2919 853 2968 vindic·

59 2993 119 3041 ‘tam
144 2988 188 3038 vel
208 2988 315 3050 siguum
332 2985 409 3035 malae
430 2985 580 3038 voluntatis
598 3000 653 3037 nou
677 2989 770 3040 ludere
791 3003 852 3039 cum

61 3065 140 3111 certo
162 3058 284 3118 homine,
302 3055 345 3106 val
363 3069 417 3106 non
432 3056 525 3107 ludere
542 3056 570 3106 in
589 3059 661 3107 certa
675 3058 757 3109 domo
780 3063 854 3110 certo

60 3141 164 3196 genera
180 3127 249 3189 ludi,
264 3126 328 3190 quie
342 3126 468 3176 credebat
482 3125 622 3177 hominem
632 3127 708 3178 illum
724 3143 781 3178 4444
797 3127 851 3179 ior-

61 3203 194 3253 tanatum
209 3197 237 3247 in
252 3197 298 3246 illa
310 3196 391 3246 domo
407 3195 447 3246 444
464 3195 540 3257 1444,
555 3201 649 3247 votum
665 3196 731 3247 illud
747 3211 852 3248 4444444

61 3269 230 3330 condebat,
246 3281 272 3318 n.
289 3268 343 3316 444.
359 3266 387 3318 Si
403 3265 502 3316 mulier
515 3269 621 3317 voverit
634 3281 689 3317 non
704 3266 807 3329 ludere,
822 3271 853 3318 ut

61 3341 223 3394 aemulatae
238 3337 359 3390 dolorem
376 3337 410 3386 da
430 3341 517 3387 morte
541 3339 642 3400 mariti,
669 3352 725 3388 nou
749 3341 854 3389 tenetur

60 3419 128 3466 4444
140 3433 148 3473 t
159 3411 230 3478 quod
246 3411 269 3460 si
280 3409 385 3458 voverit
397 3409 549 3472 ingratiam
562 3409 695 3470 affinium,
705 3413 852 3471 teneretur,

61 3497 90 3536 u.
107 3484 163 3535 tta.
178 3481 315 3542 04444444
329 3493 384 3529 non
395 3478 488 3530 bibere
502 3479 605 3542 vinam,
622 3482 793 3529 teuetnrnon
804 3477 852 3529 44-

61 3553 185 3606 44444444
199 3549 345 3602 4164444444
360 3549 465 3609 bibere,
476 3561 530 3600 non
544 3554 639 3612 peccat
649 3553 740 3600 tamen
755 3549 783 3598 44
794 3562 851 3598 444-

60 3637 125 3679 rosa
148 3621 312 3686 cogitatione
335 3623 414 3684 potus
436 3633 464 3668 aa
486 3619 653 3670 delectando.
678 3632 704 3669 n.
726 3621 779 3669 143.
801 3619 853 3678 044

59 3696 144 3748 vovit
161 3707 214 3744 nou
229 3693 322 3744 bibere
343 3693 445 3752 vinum,
461 3695 491 3740 44
505 3691 543 3740 444
568 3692 666 3741 vitaret
683 3690 853 3758 ebrietatem,

59 3779 120 3819 non
135 3767 245 3816 tenetur
256 3761 394 3811 abstinere
409 3774 426 3810 a
449 3761 579 3811 cerevisia
594 3761 637 3811 444
659 3760 722 3811 aliie
744 3762 853 3825 potibus

59 3833 281 3888 inebriantibus:
292 3831 469 3895 probabiliter
481 3833 563 3881 etiam
576 3844 631 3880 non
645 3845 661 3882 a
677 3832 740 3880 4444
754 3832 853 3882 444444

59 3909 115 3958 444.
150 3904 208 3968 qut,
230 3903 335 3953 etiamsi
353 3900 468 3951 multum
491 3902 549 3951 vini
570 3902 656 3962 bibat,
682 3915 737 3952 non
761 3906 854 3966 peccat

56 3973 224 4034 mortaliter,
240 3971 262 4022 44
278 3972 351 4022 44444
365 3971 516 4035 periculum
530 3973 669 4024 ebrietatis
680 3991 686 4032 ;
698 3973 720 4022 si
735 3973 851 4034 4444444,

56 4057 96 4094 ne
115 4043 280 4106 dilapidaret
297 4055 356 4102 444,
375 4055 430 4092 444
449 4047 542 4106 peccat
561 4041 680 4094 bibendo
699 4043 733 4094 de
751 4043 852 4104 alieno,

57 4123 88 4164 ιι.
104 4114 163 4174 463,
182 4113 235 4163 463.
251 4113 279 4164 Si
295 4112 399 4163 voverit
414 4111 508 4160 vinum
528 4113 633 4162 nullum
651 4113 753 4173 bibere,
769 4113 851 4177 idque

56 4184 147 4235 veniae
160 4183 195 4233 ob
210 4183 443 4235 mortificationem
458 4182 538 4246 gulae,
556 4183 628 4235 licite
648 4185 718 4234 bibit
732 4185 753 4233 si
770 4198 804 4234 ex
818 4197 851 4234 co

55 4253 172 4306 nullam
195 4265 304 4316 prorsus
324 4252 492 4316 voluptatem
516 4253 647 4316 percipiat
663 4273 670 4314 t
686 4255 707 4302 ai
735 4267 797 4304 4444
819 4268 851 4304 ex

54 4323 167 4376 motivo
182 4323 377 4386 temperantiae,
392 4322 497 4372 etiamsi
513 4321 682 4386 voluptatem
693 4325 851 4388 perciperet,

55 4393 94 4456 ia,
111 4396 146 4444 ut
159 4397 279 4457 peccaret
291 4395 419 4457 graviter,
431 4393 542 4444 deberet
555 4397 610 4443 tam
621 4395 737 4444 multum
748 4396 852 4457 bibere,

55 4467 197 4528 qsmntum
212 4475 259 4526 pro
282 4466 348 4528 potu
363 4463 445 4514 unius
464 4463 572 4526 prandii
597 4464 734 4514 ordinaria
754 4464 854 4515 sufficit

53 4533 169 4588 homini
182 4535 329 4596 temperate
344 4533 408 4582 vino
424 4533 521 4594 utenti,
540 4548 564 4582 v.
579 4547 604 4596 g.
620 4533 766 4584 dimidium
780 4547 853 4584 meu-

53 4616 146 4664 444444,
165 4615 191 4652 n.
206 4604 260 4654 434.
276 4603 303 4654 81
323 4603 428 4652 4444444
444 4601 478 4652 44
494 4602 564 4653 44414
579 4615 639 4666 quea
654 4607 733 4653 canat
747 4605 855 4665 vinum,

54 4687 119 4728 non
144 4673 287 4736 cogitando
301 4673 334 4724 de
351 4674 404 4724 boc
428 4673 471 4722 vel
492 4673 548 4734 illo,
572 4678 682 4724 tenetur
705 4674 852 4736 abstinere,

54 4743 188 4811 quandiu
210 4744 303 4794 vinum
322 4743 424 4794 malum
442 4743 553 4806 aliquod
570 4743 594 4794 ei
620 4757 730 4794 causare
756 4747 853 4812 potest,

53 4829 86 4868 ιι.
102 4815 160 4866 466.
175 4813 226 4873 044
243 4813 316 4864 44444
329 4828 357 4864 se
372 4818 428 4863 tota
442 4814 487 4863 die
497 4826 553 4863 444
562 4816 732 4876 gustaturum
744 4815 855 4876 vinum,

53 4885 82 4936 ai
98 4882 201 4947 eaptus
215 4896 263 4946 per
277 4883 350 4933 diem
360 4882 441 4944 bibit,
451 4883 536 4947 prima
552 4887 659 4933 tantum
671 4884 728 4933 4444
743 4888 853 4948 peccat,

52 4952 138 5020 quod
155 4953 177 5003 ai
195 4953 312 5004 vovisset
324 4967 352 5003 sa
367 4953 448 5002 bodie
464 4957 570 5002 4444444
580 4954 733 5004 bibiturum
743 4966 852 5017 aquam,

52 5025 146 5078 444444
159 5028 259 5088 peccat,
276 5025 384 5088 quoties
399 5023 486 5074 elium
501 5023 635 5086 liquorem
654 5024 733 5084 bibit,
749 5038 776 5074 n.
796 5025 853 5075 465.

52 5094 114 5158 04ιί
133 5094 276 5144 44444444
291 5094 385 5144 444444
402 5095 505 5152 vinum,
522 5093 595 5144 licite
611 5093 696 5143 sumit
709 5097 853 5158 utramque

51 5163 233 5218 ablutionem
245 5169 273 5215 et
286 5165 309 5213 ai
320 5164 355 5214 sit
370 5163 463 5224 laicus,
474 5162 643 5213 ablutionem
654 5166 715 5227 post
725 5165 854 5215 Commu-

52 5235 186 5295 nionem,
201 5247 228 5284 u.
246 5237 300 5285 464.
325 5235 353 5286 Si
369 5248 424 5286 non
445 5234 530 5299 possit
551 5238 780 5296 commercium,
801 5235 854 5286 nisi

52 5317 160 5372 parum
178 5303 236 5354 4444
252 5305 352 5366 sumat,
366 5307 474 5354 tenetur
483 5317 579 5367 parum
594 5317 710 5364 sumere,
726 5318 752 5354 n.
769 5307 821 5355 462.

90 5375 195 5427 rorum
209 5373 427 5425 conditionatum
438 5388 493 5425 non
508 5375 609 5438 obligat
623 5377 743 5424 cessante
758 5375 852 5424 condi·

52 5445 148 5510 tione,
167 5445 277 5498 etiamsi
292 5445 349 5512 ipse
365 5457 467 5497 444444
480 5458 562 5496 causa
576 5443 667 5506 luerit,
689 5447 720 5495 44
734 5443 854 5497 44444414

775 551 895 618 lanua·
917 551 1090 642 444444.

1305 551 1440 617 tl-v
1653 543 1713 620 244

920 751 976 788 uon
995 739 1149 802 poneretur,
1169 735 1317 794 dummodo
1341 735 1368 787 id
1391 750 1447 788 uon
1467 733 1640 802 impediverit
1662 749 1711 803 par

918 808 1013 859 dolum
1024 828 1031 869 ;
1044 810 1099 859 imo
1113 813 1140 860 et
1155 808 1178 858 ei
1194 807 1327 858 malitiose
1338 807 1527 871 periraudam,
1542 807 1636 858 dolum
1646 813 1710 872 eta,

918 879 1103 943 impediverit,
1119 880 1297 943 probabiliter
1311 884 1401 930 temen
1416 893 1470 930 non
1486 880 1588 944 obligat
1599 899 1606 942 ς
1616 893 1710 934 verum

918 950 1035 1001 intentio
1049 951 1173 1001 voventis
1188 951 1232 1000 laic
1244 950 1389 1014 spectanda
1401 955 1450 1010 444,
1465 949 1482 1000 l.
1496 952 1520 1011 3,
1535 964 1560 1013 p.
1574 953 1596 1012 4,
1611 964 1640 1002 ιι.
1650 953 1706 1015 424,

916 1021 969 1071 463.
986 1021 1013 1072 Si
1029 1021 1151 1072 conditio
1166 1023 1222 1070 tota
1233 1033 1288 1071 non
1299 1021 1335 1070 ait
1349 1019 1469 1083 pendens
1483 1019 1517 1069 ab
1533 1021 1706 1072 arbitriovo·

916 1091 1005 1140 ventis
1030 1093 1122 1155 peccat
1147 1093 1240 1140 eontra
1264 1093 1357 1139 votum
1385 1089 1431 1152 qui
1456 1093 1519 1140 ante
1548 1089 1707 1154 impeditam

916 1162 1100 1226 conditionem
1116 1161 1245 1211 redditae
1261 1161 1438 1224 impotentem
1452 1160 1486 1210 ad
1505 1160 1571 1210 illud
1588 1159 1703 1224 implen-

915 1231 995 1292 dum;
1019 1244 1074 1281 non
1098 1234 1189 1280 autem
1216 1235 1318 1294 peccat,
1342 1230 1365 1279 ai
1389 1229 1511 1280 conditio
1534 1230 1651 1296 pendeat
1671 1235 1708 1280 ab

914 1302 1028 1351 arbitrio
1045 1301 1180 1361 voventis,
1203 1313 1230 1350 u.
1253 1303 1309 1361 464,
1330 1300 1348 1350 4.
1368 1301 1393 1360 6,
1409 1313 1434 1364 p.
1450 1302 1473 1362 3,
1490 1313 1516 1350 4.
1532 1301 1587 1351 463.
1607 1299 1707 1350 Votum

914 1371 1086 1436 ingrediendi
1100 1369 1266 1435 Religionem
1281 1370 1331 1420 sub
1342 1369 1510 1432 conditione,
1520 1371 1541 1420 si
1556 1372 1706 1434 44444444-

913 1441 1024 1501 4444444,
1050 1441 1160 1504 obligat,
1185 1440 1207 1490 si
1224 1443 1288 1490 aute
1313 1448 1475 1489 consensum
1498 1440 1639 1498 moriatur,
1663 1437 1706 1489 444

912 1522 971 1560 non
993 1510 1199 1571 contmdixerit,
1224 1511 1251 1559 et
1277 1511 1370 1572 postea
1394 1509 1559 1568 consentiat,
1583 1507 1656 1572 quod
1680 1507 1702 1558 44

913 1581 1003 1644 prima
1017 1581 1195 1643 consenserit,
1207 1585 1234 1630 44
1245 1584 1336 1644 postea
1351 1577 1530 1639 contradicat,
1540 1577 1709 1643 probabilius

911 1662 968 1699 non
979 1650 1090 1714 obligat,
1105 1651 1123 1700 l.
1139 1652 1163 1712 3,
1178 1665 1204 1715 p.
1219 1653 1244 1704 2.
1259 1663 1285 1700 u.
1301 1649 1354 1699 463.
1372 1648 1473 1700 Votum
1487 1662 1559 1699 anno
1575 1651 1705 1714 sequente

912 1719 1082 1783 ingrediendi
1110 1719 1278 1784 Religionem
1315 1720 1417 1770 iactum
1448 1717 1483 1769 ob
1520 1718 1702 1782 indigentiam

912 1792 994 1855 patris
1010 1795 1036 1842 et
1059 1792 1167 1854 sororis,
1191 1791 1241 1842 sub
1265 1791 1431 1851 conditione,
1453 1791 1475 1838 si
1500 1792 1576 1852 pater
1599 1790 1705 1839 interea

912 1861 1053 1923 moriatur,
1069 1865 1096 1912 et
1117 1875 1193 1913 soror
1206 1862 1410 1912 Matrimonium
1429 1861 1510 1920 ineat,
1528 1857 1706 1924 probabiliter

911 1931 1063 1995 obligabat
1082 1932 1110 1981 hi
1126 1933 1302 1995 supervivant
1324 1933 1351 1980 et
1369 1931 1514 1992 ditescant,
1533 1929 1701 1980 contrarium

906 2003 1002 2062 Ι4444444
1017 2003 1100 2052 etiam
1115 2005 1156 2052 est
1168 2001 1317 2066 probabile,
1333 2014 1359 2053 n.
1370 2002 1424 2052 446.

943 2071 1041 2122 Votum
1053 2072 1158 2136 poenale
1171 2073 1257 2122 tribua
1268 2072 1355 2122 modia
1373 2069 1430 2121 6444
1447 2073 1551 2134 potesta
1565 2072 1588 2120 1.
1603 2071 1638 2122 tlt
1647 2068 1708 2133 qula

910 2145 1010 2192 voveat
1038 2155 1092 2192 non
1118 2143 1295 2193 evitationem
1330 2141 1427 2205 culpae,
1455 2140 1501 2191 sed
1533 2141 1619 2191 solam
1649 2141 1708 2206 4144

910 2222 1028 2274 poenam,
1044 2215 1089 2274 qui
1102 2213 1124 2262 si
1142 2211 1248 2274 culpam
1260 2211 1395 2272 admittat,
1406 2223 1461 2260 non
1472 2213 1581 2260 tenetur
1592 2211 1620 2260 in
1630 2211 1701 2262 Gon·

910 2279 1025 2331 fassione
1049 2281 1218 2331 mentionem
1241 2281 1328 2331 lacere
1350 2281 1416 2330 4444.
1444 2281 1467 2329 2.
1500 2281 1534 2332 444
1558 2279 1704 2330 collectiva

910 2357 1008 2401 voveat
1022 2352 1198 2401 evitationem
1214 2351 1300 2417 culpa
1315 2353 1342 2400 et
1358 2351 1521 2401 solutionem
1542 2363 1629 2413 paenae
1643 2353 1704 2414 poet

910 2419 1018 2484 culpam
1040 2419 1207 2481 admissam,
1238 2420 1285 2484 qui
1313 2419 1380 2470 dum
1406 2419 1552 2471 4444144444
1584 2417 1703 2483 culpam,

910 2489 1098 2540 aimuladdere
1114 2491 1195 2541 debet
1211 2491 1388 2542 omissionem
1398 2503 1484 2555 poeuoe
1494 2493 1587 2542 contra
1598 2493 1703 2540 votum.

908 2562 933 2610 3.
947 2561 982 2612 Ut
996 2560 1158 2624 disjunctive
1174 2565 1272 2611 voveat
1285 2565 1441 2625 utrumque,
1465 2561 1507 2611 vel
1525 2561 1705 2612 evitationem

909 2632 1005 2695 culpae,
1021 2631 1064 2680 vel
1073 2630 1236 2681 solutionem
1252 2644 1348 2694 poenm,
1366 2632 1494 2695 quidum
1513 2631 1620 2696 culpam
1640 2643 1706 2680 cou-

909 2701 1009 2762 iltetur,
1034 2714 1090 2752 nou
1113 2704 1222 2752 tenetur
1246 2705 1413 2753 mentionem
1437 2702 1524 2753 lacera
1553 2702 1621 2764 4441,
1650 2701 1704 2752 4444

907 2771 1063 2822 admisisset
1076 2771 1183 2836 culpam
1204 2773 1299 2824 nolens
1314 2773 1426 2837 implere
1438 2786 1556 2837 paenam,
1568 2777 1587 2826 l.
1601 2775 1627 2835 3,
1639 2787 1665 2838 p.
1679 2775 1704 2834 4,

909 2855 936 2892 4.
952 2845 1005 2892 441.
1022 2843 1072 2902 044
1094 2847 1176 2893 44444
1189 2858 1215 2893 4.
1229 2857 1255 2907 g.
1275 2857 1302 2894 se
1324 2858 1377 2894 non
1399 2843 1532 2894 inebriare
1553 2843 1603 2893 sub
1625 2855 1705 2906 praua

909 2913 1009 2977 aliqua,
1025 2915 1047 2964 si
1057 2914 1116 2964 sine
1131 2913 1250 2978 culpare
1274 2914 1398 2974 inebriet,
1413 2914 1456 2963 vel
1471 2926 1531 2964 cum
1543 2911 1597 2962 1444
1611 2912 1705 2974 culpa,

909 2984 952 3032 vel
966 2997 1027 3034 cum
1040 2985 1117 3046 gravi
1131 2985 1219 3048 culpa,
1234 2985 1280 3035 sed
1296 2986 1439 3035 immemor
1461 2984 1540 3047 plene
1563 2983 1631 3043 voti,
1649 2995 1704 3033 uon

908 3053 1044 3116 obligatur
1066 3055 1100 3104 ad
1119 3069 1237 3118 poenam,
1258 3056 1281 3104 si
1304 3067 1366 3105 cum
1390 3053 1469 3119 culpa
1496 3055 1571 3118 gravi
1600 3065 1707 3105 memor

908 3124 974 3183 voli,
989 3124 1036 3174 sed
1056 3125 1201 3175 immemor
1220 3138 1318 3188 pmnae,
1337 3123 1516 3188 probabiliter
1549 3123 1705 3176 4444414444

908 3207 1025 3258 pmuam,
1041 3195 1092 3244 nisi
1109 3208 1188 3258 poena
1202 3197 1273 3245 esset
1283 3195 1449 3258 gravissima,
1465 3207 1492 3243 4.
1505 3205 1532 3256 g.
1543 3192 1703 3257 Religionis.

908 3265 1052 3320 eastitatis,
1073 3268 1133 3326 444,
1149 3280 1165 3315 4
1180 3279 1206 3316 4.
1222 3267 1277 3317 442.
1293 3265 1344 3324 Qui
1365 3264 1442 3314 vovit
1463 3277 1570 3328 poenem
1596 3264 1702 3314 solvere

907 3336 931 3386 44
946 3335 1180 3397 transgrederetur
1191 3340 1294 3397 444444,
1308 3335 1489 3398 probabiliter
1499 3333 1581 3385 toties
1593 3337 1702 3385 tenatur

908 3405 943 3455 ad
969 3418 1039 3466 eam,
1067 3407 1176 3469 quoties
1196 3405 1406 3470 transgreditur,
1433 3405 1507 3470 quod
1538 3409 1629 3456 tamen
1656 3403 1704 3455 alii

907 3475 1035 3526 44444444
1051 3479 1265 3540 4434444442.
1278 3477 1305 3527 Si
1321 3476 1436 3537 dubitet,
1455 3489 1491 3525 an
1502 3474 1607 3525 voverit
1624 3474 1705 3526 toties

908 3559 1016 3608 pmnam
1044 3547 1159 3610 solvere,
1176 3549 1281 3610 quoties
1303 3547 1536 3611 transgrederetur
1555 3559 1591 3597 aa
1613 3550 1704 3598 autem

908 3619 1013 3667 tantum
1024 3619 1083 3680 post
1093 3618 1206 3680 primam
1218 3619 1464 3681 transgressionem,
1476 3617 1657 3682 probabiliter
1664 3618 1706 3666 te.

907 3692 987 3738 netur
997 3687 1227 3751 totiesquoties;ai
1243 3700 1322 3752 poena
1331 3692 1372 3740 444
1382 3687 1530 3749 ordinaria,
1541 3700 1601 3751 qum
1613 3686 1704 3738 iterari

908 3760 1068 3820 consuevit,
1087 3759 1109 3809 ei
1128 3763 1221 3809 autern
1239 3759 1275 3809 sit
1301 3759 1459 3822 gravissima
1482 3762 1509 3810 44
1533 3758 1703 3821 exorbitant,

908 3841 967 3893 quae
978 3830 1068 3880 iterari
1081 3843 1135 3879 uon
1143 3831 1294 3889 consucvit,
1305 3831 1528 3881 teneturtantum
1538 3827 1703 3894 primariae,

908 3914 934 3950 n.
950 3901 1003 3950 444.
1023 3901 1075 3960 044
1095 3901 1158 3962 4444,
1179 3900 1251 3964 quod
1271 3901 1322 3950 sibi
1338 3913 1446 3964 paenam
1469 3899 1642 3964 imposuerit,
1656 3896 1703 3948 aad

907 3970 994 4020 nescit
1018 3983 1110 4032 quam,
1138 3969 1304 4034 probabilius
1328 3973 1436 4020 tenetur
1454 3982 1536 4019 unam
1567 3967 1700 4019 determi-

907 4053 979 4100 nare,
999 4039 1033 4090 ad
1058 4053 1140 4103 quam
1163 4044 1289 4091 leuetur:
1316 4041 1389 4102 quod
1413 4041 1436 4090 si
1456 4040 1569 4102 neseiat,
1593 4053 1630 4090 an
1650 4037 1701 4087 sub

906 4122 986 4174 poena
1000 4109 1121 4159 emiserit
1136 4113 1239 4170 uotum,
1253 4110 1288 4159 ad
1303 4108 1408 4160 nullam
1429 4113 1547 4172 tenetur,
1561 4123 1578 4159 a
1600 4124 1627 4161 n.
1645 4111 1701 4160 443.

907 4179 958 4240 044
977 4181 1045 4244 petit
1061 4179 1261 4230 absolutionem
1275 4193 1291 4230 a
1305 4185 1369 4229 4444
1388 4180 1493 4230 vitandi
1520 4181 1629 4242 culpam
1646 4179 1698 4230 444

907 4263 996 4315 pmna,
1009 4249 1185 4315 probabiliter
1195 4263 1248 4300 nou
1261 4252 1370 4300 tenetur
1387 4250 1554 4300 mentionem
1569 4248 1700 4300 lacerede

908 4333 995 4385 pmna,
1007 4333 1034 4369 n.
1049 4321 1101 4370 446.
1113 4319 1315 4374 Universaliter.
1327 4318 1435 4383 quaudo
1446 4320 1508 4384 quis
1528 4321 1700 4370 excusatura

907 4393 980 4451 voto,
992 4389 1073 4441 etiam
1084 4393 1253 4439 excusatura
1265 4401 1355 4451 paena.
1366 4402 1393 4439 n.
1406 4391 1460 4440 442.

938 4461 997 4510 Non
1013 4461 1054 4508 est
1063 4457 1191 4522 obligatio
1202 4457 1392 4508 manifestandi
1403 4463 1496 4508 votum
1511 4470 1602 4521 auum,
1616 4463 1648 4512 ut
1662 4459 1702 4510 444

908 4529 955 4594 qui
976 4528 1081 4578 facilins
1096 4528 1184 4578 media
1199 4529 1322 4580 obtineat
1336 4528 1379 4578 vel
1402 4528 1541 4580 licentiam
1558 4529 1625 4580 illud
1644 4529 1697 4580 im·

909 4600 1012 4665 piendi,
1022 4599 1076 4650 nisi
1091 4597 1124 4648 ad
1140 4599 1191 4648 boc
1207 4611 1234 4647 se
1249 4598 1375 4662 obligarit
1388 4599 1484 4648 saltem
1499 4600 1591 4660 tacite,
1604 4612 1632 4650 n.
1643 4600 1698 4652 434.

908 4673 1008 4722 Dolens
1030 4682 1057 4718 se
1079 4668 1183 4732 aliquid
1205 4670 1321 4728 vovisse,
1339 4681 1393 4718 non
1411 4672 1516 4734 peccat.
1530 4669 1657 4731 maxime,
1678 4667 1702 4719 ai

909 4741 1000 4791 minus
1014 4743 1101 4800 caute,
1119 4737 1162 4787 vel
1183 4738 1235 4789 tale
1252 4739 1356 4803 aliquid
1373 4742 1486 4802 voverit,
1501 4744 1612 4804 propter
1627 4740 1701 4804 quod

910 4812 946 4860 sit
966 4810 1017 4873 ipsi
1042 4809 1193 4872 periculum
1211 4809 1320 4872 gravius
1335 4810 1377 4859 vel
1393 4811 1491 4874 septus
1505 4809 1644 4874 peccandi,
1663 4808 1700 4861 ib.

910 4880 978 4931 Vola
992 4879 1061 4929 iacta
1077 4880 1109 4929 de
1124 4879 1240 4930 diversis
1255 4879 1345 4941 rebus,
1361 4893 1421 4944 quae
1435 4881 1546 4932 aliunde
1562 4893 1617 4931 non
1636 4883 1702 4931 aaut

910 4954 1050 5014 praeceptae
1073 4950 1115 4999 vel
1140 4949 1293 5015 pmhibiter,
1314 4953 1378 5001 sunl
1397 4951 1516 5016 ejusdem
1540 4949 1649 5015 speciei,
1671 4951 1700 5000 nl

911 5033 1013 5070 444444
1035 5019 1166 5070 voluisset
1191 5021 1341 5082 materiam,
1363 5033 1443 5086 quam
1466 5022 1542 5072 vovit
1556 5035 1657 5086 ponere
1671 5022 1701 5072 in

911 5090 1024 5141 materia
1047 5089 1120 5139 illius
1140 5091 1259 5151 virtutis,
1276 5105 1310 5140 ex
1323 5085 1517 5152 cujua'motivo
1537 5092 1622 5153 vovit,
1637 5095 1700 5153 eia„

910 5160 929 5211 l.
948 5163 972 5223 6,
991 5175 1015 5224 p.
1035 5162 1059 5221 2,
1079 5173 1105 5211 n.
1126 5163 1193 5210 4366.
1218 5161 1268 5220 044
1294 5162 1371 5211 44444
1392 5163 1516 5225 jejunare
1540 5175 1574 5212 ex
1597 5163 1701 5213 motivo

912 5231 1096 5294 temperantiae
1119 5231 1164 5281 die
1185 5231 1284 5296 jejunii
1307 5231 1342 5282 ab
1365 5232 1481 5282 Ecclesia
1504 5236 1650 5297 praecepto,
1677 5232 1702 5283 al

912 5302 1040 5365 Superior
1052 5315 1084 5350 ax
1100 5302 1194 5350 eodem
1210 5303 1313 5352 motivo
1328 5303 1411 5352 etiam
1426 5303 1542 5366 imperet
1553 5302 1701 5369 4444444444,

912 5373 935 5424 44
951 5385 1005 5422 444
1017 5373 1131 5436 ieiunet,
1143 5373 1194 5421 tria
1205 5372 1292 5435 specie
1305 5376 1411 5436 peccata
1422 5373 1578 5435 committit,
1590 5387 1617 5422 n.
1629 5375 1700 5424 1464.

912 5443 941 5497 Si
969 5444 1064 5494 votum
1089 5441 1171 5494 luerit
1196 5443 1329 5508 juratum,
1359 5443 1535 5508 transgressio
1559 5441 1634 5493 iliius
1660 5449 1701 5498 est
