3974 6348
713 539 988 619 bacausuar‘s.
1618 541 1677 616 sec

66 739 330 822 pruotooeeoetico
343 737 374 799 in
394 736 542 817 electione,
558 757 616 799 non
631 757 697 802 uero
715 759 830 822 suspen·
887 740 1087 820 Disputantes
1115 740 1147 801 in
1176 739 1359 802 alterutram
1388 743 1510 819 partem
1536 739 1568 800 in
1595 742 1679 801 coetu

65 827 273 910 cicolleuefiu'o
287 827 335 889 cel
346 827 383 890 ot
398 824 520 888 Ordine.
885 829 1023 890 virorum
1046 846 1084 889 ac
1106 827 1273 888 mulierum
1301 829 1341 890 de
1374 829 1578 890 Immaculata
1600 830 1679 890 Gen·

14 923 49 970 :en
95 918 152 995 §i
174 916 338 978 Dubitatur
369 934 409 976 an
433 935 602 996 suspensus
626 935 829 996 perannum,
886 917 1029 997 ceptione
1050 918 1084 978 B.
1116 915 1264 994 Virginis.
1291 919 1339 978 10.
1356 915 1536 995 visitantes,
1559 917 1584 979 si
1599 915 1679 978 acci-

65 1009 185 1066 tueatur
197 1005 402 1085 suspensione
426 1004 536 1066 ultimo
560 1005 610 1066 die
625 1007 698 1066 anui
717 1005 832 1067 bissex·
885 1005 974 1086 piant
986 1004 1152 1084 pecuniam
1174 1004 1224 1064 vel
1238 1022 1380 1081 munera,
1395 1003 1468 1084 'qui,
1490 1005 1515 1065 si
1530 1003 1593 1065 sint
1606 1003 1680 1084 Epi-

64 1094 121 1170 uiis,
135 1112 201 1154 nam
213 1093 343 1156 libertas
360 1093 517 1173 promissa
531 1094 677 1156 servienti
702 1113 760 1174 per
777 1112 834 1154 an·
887 1094 984 1173 scopi,
1000 1093 1140 1172 suspensi
1155 1092 1282 1154 suntab
1305 1093 1447 1172 ingressu
1469 1093 1627 1170 Ecclesia,
1652 1091 1678 1153 si

55 1183 123 1242 'num
143 1180 329 1261 acquiritur,
355 1181 380 1242 si
403 1181 546 1242 servierit
569 1184 626 1243 865
651 1182 772 1259 diebus,
795 1185 830 1244 1..
886 1182 1048 1243 inferiores
1073 1182 1239 1260 Episcopo.
1270 1182 1310 1242 ab
1334 1181 1435 1242 officio
1460 1186 1490 1242 et
1513 1180 1676 1258 beneficio,

14 1281 15 1310 ³
66 1267 125 1330 Cum
145 1269 275 1348 teres,§
297 1269 433 1346 Stichus,
451 1273 495 1332 De
516 1273 599 1331 statu
619 1269 708 1332 liberi
726 1291 733 1344 ;
758 1289 833 1350 ergo
887 1289 986 1350 usque
1001 1270 1076 1331 dum
1091 1271 1255 1332 restituant
1269 1270 1411 1349 duplum.
1429 1273 1476 1332 ii.
1502 1271 1602 1332 ludex
1622 1272 1680 1332 Ec·

14 1361 15 1440 J
63 1355 181 1417 similiter
201 1355 263 1418 bic.
290 1358 437 1418 Attamen
462 1361 537 1435 puto
562 1357 740 1435 oppositum
764 1375 833 1417 esse
887 1359 1077 1420 clesiasticus
1093 1358 1165 1437 (non
1181 1358 1364 1438 Episcopus)
1377 1358 1429 1439 qui
1444 1358 1519 1420 iacit
1533 1358 1679 1438 injuriam

14 1441 15 1490 l
63 1442 241 1521 probabilius,
259 1447 329 1506 tum
343 1443 417 1522 quia
431 1443 494 1504 duo
509 1443 553 1504 ilii
568 1443 634 1505 dies
649 1445 681 1504 in
696 1445 834 1505 Februa·
887 1448 997 1507 contra
1020 1445 1174 1526 justitiam
1204 1450 1235 1506 et
1264 1445 1487 1507 conscientiam
1514 1445 1595 1524 parti
1619 1444 1680 1506 liti-

62 1530 99 1593 n'u
113 1531 258 1594 habentur
279 1521 337 1611 pro
362 1550 435 1608 uuo,
461 1537 529 1592 tum
552 1531 646 1593 etiam
671 1533 744 1612 quia
767 1551 833 1593 sus·
887 1532 985 1613 ganti.
1002 1535 1039 1594 V.
1056 1535 1134 1593 Bon.
1151 1530 1181 1592 d.
1199 1535 1229 1608 3,
1246 1551 1278 1611 p.
1295 1536 1324 1595 5.

14 1623 16 1704 ζ
63 1619 219 1696 pensionem
234 1619 340 1680 ierens
355 1620 395 1680 ad
410 1637 540 1697 annum,
562 1619 717 1698 intelligit,
734 1636 833 1698 usque
932 1643 946 1678 u
965 1622 1003 1682 il.
1021 1619 1188 1699 Religiosi:
1206 1623 1234 1681 i.
1251 1624 1409 1700 Apostatae
1423 1621 1609 1700 recipientes
1623 1624 1681 1684 Or-

14 1711 16 1788 3
63 1706 122 1766 dum
140 1725 217 1768 anno
237 1711 391 1787 sequente
412 1711 569 1783 recurret,
596 1711 628 1768 et
654 1706 835 1768 absolvatur
888 1707 976 1768 dines
990 1707 1022 1768 in
1036 1707 1206 1785 apostasia.
1223 1711 1251 1768 2.
1269 1707 1477 1769 Admittuntes
1501 1708 1542 1769 ad
1562 1709 1680 1788 proles·

14 1791 16 1858 i
65 1793 105 1853 bic
117 1793 186 1872 dies,
202 1798 233 1856 et
246 1813 307 1875 per
320 1795 465 1856 accidens
480 1799 538 1873 est,
555 1795 640 1876 quod
662 1795 713 1856 ille
732 1813 834 1856 annus
888 1796 1007 1857 sionem
1028 1802 1100 1857 ante
1126 1814 1243 1857 annum
1267 1797 1459 1875 probationis
1483 1814 1540 1874 per
1560 1799 1676 1858 actum.

14 1865 16 1948 l
63 1881 157 1944 babeat
177 1883 241 1944 dies
264 1887 336 1946 366.
364 1884 470 1946 Videri
495 1889 598 1964 potest
618 1884 733 1946 Dicast.
755 1883 785 1945 d.
802 1888 832 1961 l,
888 1885 917 1946 3.
929 1886 996 1944 Non
1019 1887 1141 1945 utentes
1164 1883 1272 1944 habitu
1297 1887 1328 1946 et
1347 1879 1484 1960 vestitu,
1506 1881 1599 1943 nrcdo
1621 1880 1681 1942 sibi

14 1973 16 2040 ἒ
62 1989 126 2031 nau.
139 1973 184 2046 83,
200 1971 252 2052 qui
269 1971 302 2033 d.
318 1975 349 2049 5,
365 1992 448 2034 num.
466 1977 535 2049 tbi,
553 1975 642 2034 notat
656 1971 835 2051 suspensio·
888 1972 1081 2052 praescripto.
1098 1971 1335 2035 introducentes
1350 1971 1497 2033 mulieres
1512 1971 1544 2031 in
1559 1972 1680 2032 Monac·

14 2099 15 2140 3
63 2075 119 2118 nem
131 2059 294 2139 aliquando
311 2079 378 2122 esse
393 2080 506 2140 puram
521 2079 660 2140 poenam,
680 2059 705 2120 si
721 2078 834 2139 nempe
889 2057 978 2121 teria.

14 2151 16 2208 ἒ
63 2145 93 2204 ad
109 2150 218 2207 certum
244 2151 372 2226 tempus
395 2148 515 2210 feratur
538 2152 667 2227 propter
685 2146 835 2208 delictum
928 2169 943 2206 u
957 2149 1009 2209 ill.
1026 2147 1417 2228 Episcopuszi.0rdinans
1437 2166 1498 2210 nun
1521 2147 1680 2210 subditum

14 2243 15 2248 ’
62 2233 240 2310 preteritum,
271 2239 305 2294 et
331 2233 390 2296 boc
411 2237 552 2314 tempore
573 2234 835 2296 evolutocessarc
889 2253 1058 2315 suspensus
1080 2242 1128 2300 est
1157 2237 1432 2300 aPontiircalibus
1452 2255 1510 2317 per
1537 2251 1679 2307 ennum3

14 2345 16 2420 ᾗ
62 2319 158 2400 absque
184 2320 402 2398 absolutione,
432 2322 602 2402 aliquando
632 2339 700 2381 esse
728 2339 836 2382 censu·
890 2322 1133 2386 Ordinansvcro
1148 2324 1279 2386 invitum
1304 2341 1473 2403 suspensus
1492 2331 1682 2402 estperan·

14 2437 16 2498 ξ
62 2425 124 2484 ram,
138 2408 160 2468 si
174 2407 297 2470 feratur
311 2412 346 2470 ut
360 2409 519 2470 medicina
533 2412 662 2489 prepter
676 2411 837 2469 contuma·
890 2429 965 2471 num
993 2429 1012 2472 a
1041 2413 1260 2476 celebratione.
1282 2416 1312 2474 t.
1338 2411 1514 2474 admittens
1541 2411 1681 2491 resigna-

14 2505 16 2540 t
62 2493 126 2554 ciem
138 2501 323 2574 praesentem
346 2496 565 2576 corrigendam
588 2503 619 2558 et
632 2500 700 2558 tum
715 2494 837 2574 indige·
890 2498 990 2560 tiones
1005 2503 1113 2561 contra
1127 2500 1260 2561 formam
1274 2499 1498 2580 praescriptam.
1512 2501 1541 2560 3.
1558 2501 1683 2560 latrans

14 2593 16 2678 g
62 2581 297 2646 reabsoiutione.
890 2587 1079 2649 Monasteria
1114 2586 1296 2649 Monialium
1323 2587 1390 2648 sine
1418 2587 1611 2649 necessitate.
1641 2585 1680 2645 V.

891 2675 960 2736 Fili.
978 2682 1001 2736 t.
1020 2679 1068 2744 Π,
1089 2693 1155 2758 cop.
1174 2679 1205 2738 5.

14 2719 17 2830 i
930 2785 945 2822 u
971 2765 1062 2841 Resp.
1089 2766 1126 2826 li.
1150 2767 1268 2827 Praeter
1291 2764 1348 2825 bas
1369 2763 1588 2843 suspensiones
1611 2759 1681 2823 aliae

14 2835 16 2920 Ϊ
305 2855 501 2921 DUBIUM
532 2860 579 2920 11,
891 2849 1026 2910 suntab
1050 2851 1187 2930 homine,
1212 2870 1281 2931 quoe
1304 2851 1329 2913 si
1353 2851 1415 2913 sint
1437 2869 1560 2932 graves,
1580 2849 1683 2930 requi·

14 2939 16 3016 i
893 2941 965 3000 runt
978 2937 1102 3018 culpam
1117 2941 1292 3008 mortalem,
1309 2959 1340 3002 v.
1362 2959 1393 3020 g.
1411 2944 1445 3001 ut
1460 2939 1530 3020 quis
1551 2957 1684 3018 suspen-

14 3019 16 3036 '
892 3026 985 3087 datur
998 3027 1039 3087 ab
1053 3029 1197 3090 omuibus
1213 3029 1336 3091 actibus
1350 3027 1396 3089 sni
1413 3027 1517 3096 cilicii,
1532 3027 1583 3088 vel
1602 3027 1684 3088 fruc·

891 3115 975 3176 tibus
1002 3115 1094 3177 unius
1126 3118 1211 3179 anni.
1233 3120 1339 3180 Potest
1370 3122 1477 3178 tamen
1508 3115 1621 3195 aliquis
1642 3117 1683 3177 cb

14 3227 16 3278 3
892 3207 1056 3282 peccatum
1085 3207 1207 3268 veniale
1233 3205 1348 3286 privari
1378 3223 1439 3268 uno
1473 3209 1556 3282 actu,
1588 3223 1619 3266 v.
1648 3223 1680 3285 g.

14 3281 16 3330 l
892 3291 1038 3353 aliendi.

14 3331 43 3506 μ
96 3375 201 3454 nitesp.
217 3375 243 3436 i.
262 3373 492 3452 Suspensiones
506 3373 591 3436 luris
606 3371 837 3434 communiones
931 3310 955 3438 ri
966 3384 1057 3460 Resp.
1083 3384 1135 3445 ill.
1162 3384 1287 3444 Habens
1308 3381 1526 3463 Episcopalem
1547 3380 1684 3442 nuntnn.

14 3509 16 3518 .
62 3465 120 3523 sunt
130 3467 306 3542 sequentes.
892 3473 986 3532 tatem
1002 3475 1105 3549 potest
1118 3471 1282 3534 absolvere
1298 3491 1317 3532 a
1330 3471 1535 3551 suspensione
1555 3488 1619 3532 non
1633 3489 1684 3531 re-

14 3523 18 3648 i
76 3571 108 3648 .''.
117 3551 138 3612 l·
160 3549 362 3649 Clerici-ipso
383 3549 456 3631 jure
471 3548 613 3649 suspecti
629 3553 711 3610 suni·
735 3551 763 3610 1·
780 3552 837 3610 lie·
891 3565 1015 3622 servata
1031 3564 1062 3622 et
1080 3561 1287 3622 communiter
1301 3560 1449 3639 Religioni
1464 3578 1502 3620 ex
1511 3559 1684 3640 privilegiis

14 3655 17 3736 ζ
62 3641 190 3714 crprentes
208 3637 343 3699 Ordines
357 3655 463 3698 sacros
478 3637 519 3697 ab
534 3638 636 3698 aheno
659 3636 709 3698 vel
731 3655 838 3715 apro·
890 3653 1024 3726 possunt
1049 3648 1212 3710 nbsnlnnnn
1236 3649 1277 3709 nn
1300 3648 1385 3709 nmni
1413 3647 1618 3726 suspensione
1651 3647 1683 3706 in

61 3722 427 3801 iii⁰i¹18150¹1²d5ffi00552
443 3723 575 3785 velsissss
590 3727 682 3786 &iaie
697 3724 838 3802 legitima
892 3735 958 3797 iore
980 3737 1189 3813 conscientie,
1209 3740 1240 3798 et
1259 3736 1432 3815 Episcopus
1456 3739 1560 3815 potest
1583 3734 1684 3796 absol-

14 3817 16 3898 l
62 3815 105 3870 issi
117 3811 307 3888 dimisssffl'iist
325 3815 380 3911 aqi
392 3811 560 3911 fiiflle'el
580 3815 667 3873 exim
681 3819 835 3890 iefflpffl'ss,
891 3843 964 3884 vere
979 3824 1019 3885 ab
1034 3824 1117 3886 omni
1132 3823 1335 3903 suspensione
1346 3824 1438 3904 juris,
1454 3823 1480 3884 si
1497 3823 1569 3885 Sedi
1585 3825 1684 3903 Apos-

14 3911 17 3988 ξ
62 3903 173 3962 88ῑῦοΠ
196 3899 329 3961 seriatis
352 3898 536 3968 ffliefsfififfl»
562 3900 612 3959 iel
635 3917 692 3978 Pei
710 3900 835 3976 salium,
891 3913 991 3974 tolicee
1020 3912 1196 3992 specialiter
1224 3918 1385 3976 reservata
1407 3931 1470 3973 non
1494 3911 1545 3988 sit,
1570 3914 1681 3990 Luym.

61 3987 100 4046 eei
112 3988 139 4048 iu
153 3989 356 4064 censura,vel
367 3987 503 4066 denique
518 3992 590 4066 post
603 3987 837 4050 Matrimonium
890 4019 955 4082 nnn,
971 4005 1001 4079 4,
1017 4021 1097 4062 nnn,
1114 4004 1144 4069 2,
1162 4020 1200 4061 nn
1223 4004 1301 4063 ΝΠ,
1320 4003 1411 4064 Snnn
1429 4006 1488 4062 nnn,
1507 4002 1573 4061 nnn
1589 4001 1684 4062 snnnn

14 4087 16 4158 ἓ
62 4074 837 4155 ffliflfflrqfli⁰ffl1¹0⁵ffl¹⁸p0⁰³isuniflbexefflfifflss
891 4088 932 4149 ab
951 4089 1020 4156 hac,
1050 4089 1075 4149 si
1095 4089 1258 4168 proveniat
1279 4109 1318 4150 ex
1340 4089 1454 4150 delicto
1479 4089 1627 4157 occulto.
1653 4091 1685 4150 et

61 4163 206 4241 (infinum,
224 4163 287 4224 nisi
304 4163 435 4225 fecerint
449 4163 567 4243 absque
582 4162 665 4239 (1010,
682 4168 714 4225 ei
735 4162 761 4223 Si
783 4164 837 4224 01·-
892 4193 954 4236 non
976 4175 1109 4236 deducto
1133 4175 1173 4236 ad
1197 4175 1301 4236 iorum
1329 4173 1571 4254 contentiosum,
1603 4178 1682 4239 Bon.

61 4250 121 4312 dine
135 4257 270 4329 utantur,
287 4253 368 4313 irunt
380 4250 580 4332 irregulares.
597 4254 627 4312 2.
652 4252 838 4312 Excommu-
885 4281 919 4344 p,
935 4262 992 4324 ωε,
1015 4281 1053 4322 nn
1066 4262 1151 4324 Tnid,
1172 4281 1237 4324 sess,
1258 4267 1307 4341 nn,
1324 4281 1389 4344 nnn,
1409 4267 1439 4326 6,

14 4336 19 4404 i
62 4338 164 4418 niceas,
179 4340 387 4420 suspendens,
397 4344 452 4401 aut
461 4339 648 4402 interdicens
659 4339 725 4400 siue
740 4339 838 4419 scrip-

61 4428 129 4506 tura,
143 4435 173 4491 et
186 4447 291 4490 causa
306 4428 515 4507 expressione,
533 4431 580 4490 est
598 4445 767 4506 suspensus
781 4447 837 4507 per

14 4505 16 4600 ξ
60 4533 108 4594 per
126 4535 265 4578 mensem
285 4517 326 4578 ab
352 4517 495 4596 ingressu
522 4516 681 4593 Ecclesia,
711 4516 770 4577 nisi
798 4515 839 4577 sit

61 4599 194 4664 Praeiatus
209 4603 375 4684 regularis.
391 4605 421 4664 3.
438 4603 546 4664 Clerici
566 4603 700 4664 scienter
723 4604 838 4684 eligen-

61 4691 297 4771 tcsEpiscopum
310 4691 360 4753 vel
375 4691 551 4752 Paroohum
570 4691 745 4770 indignum,
771 4711 839 4752 sus-

61 4776 225 4852 penduntur
249 4797 269 4840 a
288 4777 448 4839 beneficiis
466 4776 604 4841 biennio.
620 4781 651 4839 i.
671 4779 836 4855 Ordinans,
936 4772 1043 4849 Oueeet.
1059 4780 1109 4838 47.
1120 4811 1161 4823 -
1172 4776 1250 4853 Quid
1263 4779 1340 4840 cerco
1354 4780 1416 4842 boec
1429 4787 1572 4861 pretereo
1585 4780 1626 4842 sit
1639 4799 1687 4841 no·
1712 4779 1754 4827 *θ*

62 4864 258 4928 etordiuatus
272 4865 452 4943 simoniace,
470 4869 518 4927 est
531 4884 700 4945 suspensus
721 4866 761 4928 ab
785 4869 840 4929 Or·
894 4861 1041 4924 tondum?
1063 4867 1156 4944 Resp.
1173 4866 1191 4943 ἓ
1210 4868 1238 4927 1.
1257 4867 1483 4946 Suspensiones
1497 4866 1530 4927 in
1554 4869 1687 4947 particu-

14 4965 16 5054 j
62 4949 182 5015 dinibus.
198 4957 229 5016 5.
243 4953 378 5015 Parecbi
388 4953 557 5034 jungentes
571 4972 703 5032 sponsos
713 4954 840 5015 alterius
893 4950 950 5010 lari
965 4950 1027 5013 iate
1042 4957 1207 5013 enumerat
1220 4953 1336 5015 Dicast.
1353 4953 1384 5016 d.
1401 4959 1432 5031 l,
1449 4951 1517 5016 dub.
1534 4958 1564 5016 7.
1591 4955 1685 5017 Dubi-

14 5055 16 5098 z
62 5039 207 5103 Parucbiae
231 5043 299 5103 sine
322 5041 457 5105 licentia.
482 5041 511 5103 6.
537 5044 708 5104 Graeantes
731 5041 840 5102 alienis
894 5043 940 5100 tat
962 5043 1068 5102 autem
1091 5041 1226 5103 chricx
1247 5035 1283 5104 de
1306 5041 1416 5104 Ordine
1437 5051 1540 5125 quest.
1557 5046 1587 5111 8,
1603 5063 1683 5105 num.

14 5101 18 5184 i
62 5124 162 5191 debitis
175 5130 333 5192 Ecclesiae
347 5130 405 5192 sibi
420 5129 614 5192 commissas.
631 5134 660 5191 7.
678 5131 842 5209 Occupan-
894 5130 944 5204 85,
961 5146 1000 5188 an
1015 5134 1178 5207 promotus
1192 5131 1233 5192 nd
1252 5149 1377 5193 sacrum
1401 5131 1551 5193 Ordinem
1565 5132 1686 5212 absque

62 5215 101 5276 tes
112 5215 191 5280 buna
205 5217 258 5279 vel
271 5236 382 5280 census
396 5217 553 5296 Ecclesia,
570 5216 713 5279 beneficii
732 5218 782 5278 vel
796 5218 842 5279 al·
895 5214 984 5275 titulo
998 5215 1170 5277 sufficiente
1186 5217 1326 5279 incurret
1339 5216 1586 5296 suspensionem,
1613 5217 1687 5296 quia

60 5304 145 5366 unus
165 5306 208 5386 pii
230 5307 302 5368 loci.
328 5311 358 5370 8.
384 5307 565 5370 Sodomiam
589 5309 779 5382 exercentes,
803 5306 842 5367 si·
895 5303 968 5363 licet
994 5303 1027 5364 id
1055 5303 1210 5366 habeatur
1233 5307 1309 5382 Gap.
1336 5305 1516 5379 Neminem,
1550 5308 1583 5365 et
1610 5305 1684 5383 Cap.

62 5394 195 5472 moniaci,
210 5399 420 5474 provocantes
434 5395 475 5456 ad
499 5395 650 5472 duellum,
668 5394 717 5455 vel
731 5413 843 5474 accep·
897 5391 1083 5470 Sanctorum,
1104 5392 1176 5453 dist.
1192 5396 1242 5469 70,
1258 5397 1364 5454 tamen
1388 5410 1482 5471 prena
1497 5389 1550 5452 illa
1564 5392 1686 5453 videtur

62 5483 150 5544 urus
176 5487 321 5564 raptores
347 5483 397 5545 vel
424 5483 600 5563 praebentes
624 5481 785 5544 auxilium.
810 5486 840 5545 9.
898 5477 1054 5558 abrogari,
1079 5480 1153 5559 Cap.
1181 5479 1254 5543 Cum
1280 5479 1436 5541 secundum
1469 5479 1636 5558 Apostolum
1657 5483 1688 5544 et

14 3049 16 3114 f
63 3057 120 3134 (lau
140 3061 196 3124 sint
221 3062 419 3144 suspensiones
442 3061 472 3121 in
493 3061 692 3143 particulari,
719 3071 747 3123 el
774 3062 838 3144 ques

14 3153 15 3156 ¹
251 3157 291 3220 ab
307 3158 633 3240 eispocsitubsolcere?

1160 4563 1414 4629 annuunt.
