3946 6346
330 639 353 710 L
672 641 795 713 inlinit
816 643 989 714 CASUUM.
1311 641 1335 714 17

20 829 198 960 17775077100777,
212 831 286 896 qnod
300 831 440 883 advenita
458 832 599 885 voluntate
623 835 803 900 Legislatoris,

29 935 35 950 .
83 913 108 950 0.
127 903 181 952 aar.

47 973 92 1022 Lea
112 973 135 1022 si
161 986 215 1024 non
240 973 339 1025 habeat
356 977 489 1028 motivum
514 977 706 1038 intrinsecum,
729 983 802 1029 recte

20 1043 159 1106 colligimus
175 1044 291 1106 intendi,
308 1046 339 1094 ut
352 1047 509 1098 observetur
526 1062 559 1098 ex
577 1049 682 1100 motivo
697 1050 803 1099 extrin-

20 1116 186 1173 77700137

46 1176 91 1226 707
105 1177 352 1243 7777777770717077
370 1180 451 1230 etiam
474 1181 508 1230 ad
531 1182 634 1246 aliquid
656 1182 795 1232 moraliter

20 1245 182 1309 impassibile,
199 1246 217 1296 l.
234 1252 257 1309 t,
274 1261 348 1298 num.
369 1251 422 1300 rsa.
439 1251 524 1300 Etiam
548 1253 662 1315 positiva
683 1253 717 1302 od
745 1251 796 1302 hoc

19 1316 151 1379 aliquado
166 1317 279 1382 obligat,
296 1321 478 1370 cornmuniter
495 1327 588 1372 autern
609 1336 671 1384 non,
688 1337 714 1372 n.
741 1325 795 1372 781.

18 1386 50 1438 td
64 1385 146 1450 legam
166 1388 301 1453 obligatus
317 1390 399 1440 077770
419 1391 555 1456 obligatur
576 1393 610 1444 ad
630 1393 801 1456 procuranda

20 1457 98 1508 770777
108 1455 255 1520 ordinario,
270 1462 298 1510 et
317 1473 364 1523 per
384 1471 411 1512 se
430 1463 590 1524 0000777777,
613 1476 629 1512 7
649 1477 724 1512 07777.
740 1465 797 1514 787.

19 1529 346 1593 7070077000777070077777
361 1532 422 1595 Legi
437 1533 471 1583 de
485 1547 513 1582 sc
528 1534 681 1597 impediens
692 1537 794 1596 peceat,

18 1609 104 1650 77707.
122 1599 177 1650 rae.
193 1600 245 1661 Qui
260 1603 410 1654 nonestis
427 1616 460 1652 00
474 1607 546 1654 statu
558 1605 583 1652 in
600 1617 654 1667 quo
669 1606 723 1655 Lex
739 1617 803 1654 eum

21 1671 44 1720 in
61 1673 118 1720 astu
136 1671 225 1734 priroo
244 1672 364 1735 obliget,
384 1687 438 1725 nou
459 1677 568 1726 tenetur
588 1677 614 1724 ri
629 1675 704 1726 illius
727 1676 804 1738 Legis

19 1738 46 1790 sd
55 1753 111 1790 0777
121 1744 225 1792 statum
253 1756 281 1792 se
292 1744 446 1806 transferre,
457 1757 533 1796 num.
544 1749 597 1797 787.

45 1812 129 1876 lagos,
138 1813 201 1862 7770
215 1818 347 1878 praecepta
367 1817 502 1866 naturalia
525 1817 656 1881 obligent,
676 1833 710 1870 00
736 1819 800 1882 quis

20 1881 234 1946 impedimentum
250 1897 344 1936 eornm
362 1885 547 1936 observationi
569 1892 698 1951 0000077,
719 1890 802 1940 etiarn

18 1953 110 2017 eliquat
122 1953 231 2016 diebus,
246 1960 396 2020 autequam
409 1957 543 2020 incipiant
558 1958 687 2023 obligare,
704 1974 731 2010 u.
746 1963 800 2011 778.

20 2021 62 2082 bui
75 2024 204 2086 proeridet
218 2026 290 2088 quod
309 2026 371 2089 Legi
387 2026 487 2076 divinos
502 2031 564 2090 post
578 2031 723 2081 octiduum
744 2044 800 2082 nou

19 2094 92 2158 077777
107 2095 273 2157 miletensis,
288 2100 382 2162 007077
396 2111 451 2148 non
467 2099 669 2162 praeveniendo,
683 2103 755 2152 sicut
775 2107 802 2150 et

19 2177 68 2285 aar}
77 2166 275 2228 prevenientes
298 2181 339 2228 07,
355 2181 415 2232 quae
439 2169 544 2220 violant
568 2171 649 2234 Leges
667 2173 801 2233 Ecclesia,

21 2249 44 2284 a.
69 2239 106 2288 st.

45 2307 118 2371 70077
131 2308 189 2359 7770
204 2309 339 2373 Praecepta
354 2309 474 2360 bumana
493 2310 642 2362 secundum
668 2325 749 2362 usum
774 2315 801 2364 et

20 2377 260 2442 btameationsm
274 2392 446 2431 communem
457 2393 513 2430 non
537 2381 670 2444 obligant,
689 2396 723 2434 ne
740 2383 802 2447 quis

19 2447 201 2512 impedimenta
215 2453 335 2514 apponat
352 2450 458 2513 aliquot
472 2451 577 2510 diebos,
588 2455 736 2516 antequam
754 2467 801 2504 ur·

18 2523 186 2586 0077077777.
209 2521 265 2570 797.
288 2520 340 2580 Qui
363 2521 450 2584 pridie
469 2536 496 2572 70
516 2522 607 2574 reddit
621 2523 799 2587 impotentem

47 2589 201 2642 conbanem
216 2600 250 2640 ex
264 2603 293 2642 70
303 2601 358 2640 non
373 2589 506 2651 illicitam,
516 2589 551 2642 ad
571 2593 666 2656 Legem
681 2593 802 2657 aliquam

51 2667 155 2714 7777770
181 2658 388 2720 observandem,
413 2661 436 2713 77
461 2661 532 2710 absit
550 2662 665 2714 intentio
689 2662 798 2714 dcirco·

19 2728 89 2780 7777717
104 2729 212 2794 Legem.
227 2743 282 2780 non
298 2735 400 2794 peccat,
415 2745 493 2781 nnm.
508 2733 561 2782 797.

45 2801 131 2865 beses,
153 2800 264 2865 quaudo
284 2801 422 2864 0777777777
439 2804 539 2866 epponi
563 2803 799 2866 impedimentum,

18 2873 158 3000 modo
172 2881 238 2932 non,
253 2885 286 2921 ex
300 2885 350 2922 usu
365 2875 391 2921 et
404 2873 508 2935 judicio
525 2873 700 2936 prudentium
708 2875 800 2939 colligi

111 2955 138 2990 7.
161 2941 212 2992 797.

45 3009 119 3074 teges
143 3009 186 3062 ael
204 3013 337 3075 praecepta
361 3012 476 3062 condere
493 3015 599 3075 potesis
616 3016 637 3064 1.
662 3015 734 3079 7700
753 3029 801 3080 070

18 3083 66 3132 aa
79 3081 203 3132 Ecclesia.
218 3083 241 3132 2.
257 3082 408 3134 Concilium
423 3083 548 3145 generale
569 3096 615 3145 pro
635 3086 691 3134 tota
714 3086 801 3136 neate-

19 3151 61 3213 777,
74 3154 94 3206 77
107 3152 219 3206 accedet
233 3151 401 3205 confirmatio
417 3153 503 3218 Papae.
528 3155 551 3204 7.
576 3154 693 3205 Nuntius
714 3156 800 3218 7007·

19 3222 106 3276 7077077
119 3237 169 3288 070
183 3235 232 3273 sua
247 3224 398 3274 Provincia.
408 3225 431 3273 7.
447 3223 594 3288 Episcopus
609 3236 659 3288 070
667 3237 716 3274 soe
731 3225 801 3274 17707-

18 3295 78 3355 cssi;
92 3308 142 3348 nec
158 3308 228 3359 opus
242 3298 292 3354 est,
309 3298 340 3344 ut
363 3295 385 3344 si
400 3299 582 3355 consecratus,
603 3295 752 3346 dnmmodo
766 3296 801 3345 sit

17 3364 188 3418 mensus.
200 3363 413 3428 archiepiscopi,
433 3365 595 3416 7777777017εο
619 3367 648 3415 07
670 3366 801 3434 primates

18 3445 118 3500 mana
133 3434 259 3495 bioecesi,
281 3439 313 3484 ut
327 3433 374 3483 alii
395 3435 528 3498 Episcopi,
552 3439 580 3486 07
603 3449 658 3486 000
676 3449 723 3499 070
743 3437 800 3486 7070

19 3505 253 3570 707700770007777,
278 3507 333 3556 7777
356 3519 419 3554 0770
436 3519 569 3556 00070700
589 3505 800 3556 Prouincialium

19 3575 210 3640 mimoporum.
233 3579 256 3625 5.
281 3575 438 3639 Capitulum
466 3575 634 3627 cathedrale.
661 3577 728 3627 Sede
752 3589 800 3626 va-

17 3651 97 3708 nata,
115 3659 163 3711 070
177 3651 234 3700 7077
249 3647 372 3698 [77070077.
391 3649 415 3696 6.
433 3647 539 3698 7771777
564 3648 695 3700 babentes
715 3649 800 3711 juris-

19 3713 241 3782 777777077070077777
257 3717 443 3782 Episcopnlem
460 3718 592 3781 07010077
610 3718 663 3768 sibi
692 3719 800 3782 subjac-

19 3788 89 3840 7777.
111 3790 237 3850 7770707,
257 3789 406 3840 7777777770
434 3792 462 3838 07
482 3789 616 3840 77070070
639 3789 800 3840 71οο7717777

18 3859 219 3925 770777070ψο
234 3860 337 3910 similes
360 3859 580 3922 independenter
596 3873 644 3923 pro
667 3861 725 3910 suis
743 3860 802 3910 710-

17 3934 145 3984 077707777,
159 3935 183 3983 8.
197 3931 360 3998 Respublica
376 3931 462 3982 libera
484 3944 533 3994 pro
550 3931 606 3980 suis
623 3932 751 3984 ltembris
774 3935 801 3984 07

18 4001 171 4055 1777777707.
185 4006 210 4054 i.
227 4004 375 4068 imperator
390 4017 440 4068 pro
452 4007 509 4054 7070
524 4003 640 4066 imperio
656 4003 799 4066 0070010-

17 4075 126 4137 01770710.
144 4077 182 4125 17.
202 4075 287 4138 Reges
308 4077 336 4124 et
350 4075 487 4138 Principes
510 4086 559 4136 070
576 4072 633 4122 suis
659 4072 757 4136 Regula
774 4076 801 4124 07

17 4143 172 4196 masuetus.
189 4148 228 4196 11.
253 4145 374 4206 Femina,
394 4144 417 4194 77
443 4145 479 4194 077
497 4143 581 4207 770077
604 4143 699 4204 beree,
723 4144 801 4207 cujus

17 4214 189 4266 0777777777ηο
204 4213 433 4278 ipsinsconsensu
449 4214 520 4276 leges
534 4213 670 4262 70770000
687 4214 798 4280 poterit,

16 4287 74 4344 da,
89 4284 107 4336 l.
124 4288 147 4346 1,
159 4297 235 4336 unm.
260 4285 315 4335 767.
331 4284 382 4343 Qui
398 4286 511 4348 possunt
530 4282 598 4332 70770
613 4282 693 4345 10007,
719 4283 800 4332 0777777

17 4359 121 4416 0077707
142 4354 213 4406 70770
230 4357 372 4418 07000077,
396 4354 468 4416 quod
493 4353 577 4402 etism
600 4355 688 4416 potest
711 4352 801 4416 quiris

14 4423 83 4476 dias
107 4425 228 4489 07777777
253 4425 397 4487 Superior,
425 4427 456 4475 ut
483 4427 559 4488 pater
584 4426 709 4488 respecto
741 4423 799 4484 tilii,

15 4503 87 4544 anm.
101 4497 153 4546 aas.
168 4496 219 4546 1707
233 4493 358 4546 77701070
368 4493 437 4544 levis
447 4506 502 4544 nnn
516 4495 556 4542 077
570 4505 617 4556 007
626 4505 654 4542 70
665 4492 801 4556 loquendo

17 4575 97 4630 capax
112 4566 286 4630 obligationis
299 4565 399 4628 gravis,
420 4577 494 4616 num.
510 4565 566 4624 7717,
581 4565 635 4614 667.
651 4564 801 4626 7707077777

13 4639 56 4684 777
72 4642 151 4701 rapax
175 4635 352 4700 obligationis
375 4635 453 4694 levis,
477 4647 552 4684 num.
572 4637 628 4694 677,
648 4636 703 4684 6677.
718 4635 800 4698 Signa

14 4703 182 4770 obligationis
194 4706 285 4771 gravis
299 4705 365 4770 legis
384 4709 464 4756 suut:
481 4708 503 4754 t.
522 4704 549 4756 Si
566 4703 678 4755 07770777
693 4705 728 4754 777
743 4717 802 4768 077-

16 4775 65 4838 vis,
78 4780 171 4829 07707
188 4781 294 4829 constet
311 4778 478 4828 contrarium
493 4777 526 4826 de
548 4774 688 4826 voluntate
704 4776 799 4841 praeci-

11 4847 118 4912 0770777
128 4853 153 4902 7.
167 4850 289 4902 77777177
304 4862 429 4914 magnam
443 4849 500 4897 vim
510 4847 638 4908 17070077,
654 4851 701 4899 ut:
721 4847 799 4911 jube·

11 4928 88 4981 nna,
105 4919 292 4972 interdicimus
306 4919 335 4969 in
349 4921 450 4972 virtute
466 4922 493 4972 S.
509 4919 688 4978 Obedieutim,
710 4918 754 4968 vel
772 4919 799 4970 ri

13 4989 81 5050 sati,
96 4995 139 5043 777
149 4992 308 5056 suffimenti,
322 4991 364 5041 vel
378 4991 498 5054 graviter
510 4989 682 5052 mandamus,
701 4992 752 5040 etc.
776 4992 799 5040 7.

14 5057 46 5112 Oi
62 5073 154 5126 777077
176 5075 256 5127 00777
273 5061 427 5126 adjiciatur,
451 5063 481 5111 ut
499 5058 799 5122 excommnuicationis,

15 5131 67 5183 ea.
78 5133 103 5182 7.
117 5133 144 5185 si
157 5135 193 5185 770
207 5133 261 5184 7077
275 5147 342 5183 7777
356 5137 383 5184 07
397 5132 567 5182 consuetudo
578 5132 650 5181 inter
660 5131 762 5195 peritos
772 5134 799 5182 et

18 5201 161 5266 timoratos,
184 5218 259 5254 0777.
270 5205 330 5254 ets.
355 5202 591 5266 Etiamobligntio
612 5201 702 5265 077777
725 5215 801 5254 0077,-

17 5271 188 5336 manliensi,
202 5275 226 5325 77
242 5273 384 5325 7007777000
393 5275 436 5324 vel
450 5272 572 5326 concilia
587 5271 691 5336 aliquid
706 5271 801 5322 decer-

17 5346 86 5396 aaut
93 5344 119 5394 in
128 5344 335 5410 0770777077νί,
349 5359 424 5396 nona
439 5347 494 5395 679.
508 5345 535 5397 Si
550 5345 632 5395 rerba
647 5345 714 5408 10077
723 5355 800 5408 7000·

19 5413 81 5464 hiis
99 5416 218 5472 omnibus
242 5417 458 5468 circumstantiis
483 5416 600 5482 intelligi
629 5414 735 5480 possint
765 5415 799 5466 de

1596 651 1652 731 777

858 834 1006 896 dubitetur,
1022 847 1057 886 aa
1071 835 1190 899 graviter
1205 835 1248 886 vel
1264 836 1361 886 leviter
1370 837 1490 904 obligare
1501 837 1653 899 7017707777,

859 905 987 960 standum
1015 911 1056 958 077
1083 920 1132 971 070
1171 907 1339 970 obligatione
1376 909 1463 975 07077,
1486 921 1566 962 vtirius,
1593 907 1652 963 tta.

859 975 972 1036 Quando
989 979 1118 1028 77070707
1145 976 1251 1039 dicunt,
1274 977 1362 1042 100070
1380 979 1502 1048 obligare
1519 973 1653 1045 07077777,

858 1057 912 1098 000
932 1060 1038 1111 7077007
1056 1045 1217 1112 intelligunt
1243 1048 1297 1097 sub
1315 1049 1440 1110 mortali„
1450 1047 1516 1099 ibid.
1536 1051 1587 1102 Pro
1606 1063 1652 1104 ao·

858 1118 1011 1178 gnoscenda
1026 1117 1192 1181 obligatione
1205 1119 1281 1181 gravi
1300 1120 1343 1168 rel
1360 1120 1414 1170 teri
1430 1115 1513 1170 rosim
1527 1114 1653 1177 adimus:

858 1188 1032 1252 7771700710,
1046 1188 1094 1240 sed
1108 1189 1245 1240 ordinarie
1261 1192 1376 1254 spectari
1390 1189 1561 1244 debetetions
1570 1191 1652 1250 obse,

859 1256 926 1318 lnte,
941 1261 968 1306 et
990 1271 1045 1308 7700
1064 1259 1176 1322 precise
1199 1261 1321 1322 respectu
1347 1257 1380 1310 ed
1404 1262 1502 1322 totum,
1522 1259 1653 1327 suinae

858 1327 986 1390 spectetis
999 1329 1130 1378 omnibus
1143 1327 1359 1378 circumstantiis
1373 1330 1411 1380 sit
1425 1329 1468 1380 707
1483 1344 1536 1385 nau
1548 1331 1584 1385 sit
1599 1330 1652 1390 ali·

858 1397 924 1462 quid
940 1399 1068 1460 notabile,
1083 1397 1155 1462 quod
1170 1413 1203 1449 ex
1224 1400 1305 1450 variis
1320 1399 1410 1464 colligi
1436 1405 1538 1466 potest,
1562 1415 1588 1452 7.
1630 1415 1652 1452 7.

858 1483 890 1522 077
906 1471 1084 1533 repugnantia
1099 1484 1180 1534 quam
1204 1470 1286 1528 babet
1308 1485 1371 1522 cum
1390 1477 1487 1524 natura
1505 1415 1653 1533 777707οῗ70

858 1554 891 1591 ex
912 1541 1003 1591 verbis
1026 1539 1104 1604 logis,
1128 1555 1159 1590 077
1182 1542 1320 1606 Scriptura
1345 1555 1435 1602 sncrn;
1458 1543 1652 1607 excommun

857 1625 989 1664 000707777
1003 1611 1209 1676 theologorum,
1226 1617 1288 1674 etc,
1309 1627 1388 1675 07707.
1399 1616 1453 1665 tte.
1473 1614 1517 1678 bd
1534 1628 1651 1682 0000777·

859 1682 924 1730 777770
935 1681 1063 1731 inducere
1078 1681 1121 1732 vel
1133 1683 1263 1745 abrogare
1277 1683 1363 1747 possit
1377 1684 1474 1748 100007,
1491 1683 1523 1734 V·
1543 1683 1653 1750 GWW·

859 1751 928 1802 todo.
944 1752 1058 1812 omacio
1077 1754 1134 1802 vim
1148 1752 1215 1816 legis
1230 1753 1347 1816 7770777
1370 1753 1569 1804 declarationes
1591 1753 1653 1820 tion

857 1821 1000 1881 dinatium,
1028 1822 1180 1874 decisiones
1203 1823 1285 1873 710777.
1310 1825 1341 1874 ll.
1361 1819 1515 1874 7007770707.
1539 1823 1578 1874 70
1597 1822 1653 1874 rim

858 1893 1054 1956 1007777707777
1068 1893 1174 1956 17007710
1190 1894 1372 1944 cancellarie.
1384 1893 1415 1946 V.
1432 1890 1590 1960 Concede-ia
1603 1891 1652 1944 770·

858 1977 944 2012 mona.

890 2029 944 2082 Len
972 2033 1053 2084 etium
1082 2034 1265 2086 nodosissima
1293 2034 1408 2098 requirit
1435 2035 1654 2100 acceptationem

858 2106 967 2168 majoris
990 2106 1085 2226 saltzrarr
1109 2106 1195 2170 077777
1219 2105 1402 2167 7777770770,
1422 2091 1613 2170 occulerent
1630 2107 1652 2166 7,

857 2190 884 2226 n.
900 2178 985 2237 biba
1002 2190 1029 2226 u.
1076 2179 1100 2228 7.

890 2248 942 2297 Lex
963 2259 1130 2298 concernens
1148 2261 1190 2298 res
1209 2247 1284 2296 Fidei
1304 2248 1387 2298 etiarn
1406 2247 1507 2312 0777077
1520 2237 1583 2313 λ000
1606 2259 1653 2306 ac-

857 2322 970 2381 ceptam.
996 2317 1069 2367 idem
1094 2321 1143 2378 est,
1170 2321 1193 2367 si
1217 2331 1248 2367 07
1272 2317 1377 2381 aliquid
1399 2317 1520 2381 7770007,
1544 2329 1572 2366 0.
1596 2318 1652 2384 ste.

857 2387 1041 2438 dullacense
1064 2400 1100 2436 an
1124 2391 1152 2438 et
1178 2400 1248 2452 quos
1270 2387 1380 2450 obligat.
1405 2387 1436 2438 V.
1463 2387 1538 2450 777770
1560 2387 1651 2454 Ceae.

856 2458 963 2508 8771771777
978 2459 1037 2508 sina
1057 2472 1137 2510 causa
1157 2458 1244 2522 legem
1264 2471 1321 2508 707
1338 2461 1510 2521 acceptantes
1523 2461 1651 2524 0000707,

856 2543 883 2580 n.
904 2531 958 2580 637.
977 2530 1091 2589 Quando
1116 2531 1155 2578 077
1178 2542 1259 2588 cauea
1284 2528 1464 2588 rationabilis,
1480 2528 1587 2589 licitum
1610 2521 1653 2578 077

856 2600 992 2664 appellare
1005 2600 1049 2649 vel
1074 2599 1227 2664 supplicare
1247 2603 1342 2650 contre
1367 2599 1464 2662 100077,
1478 2612 1505 2648 0.
1526 2600 1580 2659 nst.
1592 2601 1650 2663 ,700

856 2671 999 2734 pollutione
1030 2671 1074 2722 vel
1109 2669 1309 2734 supplicatione
1336 2665 1452 2730 durante
1475 2670 1650 2732 ,samninus

855 2741 986 2804 obligatio
1003 2741 1071 2805 legis
1094 2742 1278 2805 sirapeoditur,
1294 2755 1321 2792 7.
1336 2737 1391 2792 dtis.
1406 2741 1434 2793 tii
1450 2741 1579 2805 Superior
1599 2755 1650 2806 70·

855 2811 912 2860 dita
926 2812 1108 2876 appellatione
1123 2813 1164 2863 vel
1179 2812 1377 2875 supplicatione
1397 2815 1496 2873 777007,
1509 2811 1649 2866 ordinaris

854 2873 907 2924 hoc
922 2875 979 2938 ipso
999 2879 1125 2926 censetor
1138 2888 1263 2924 rovocare
1278 2874 1376 2938 700077,
1392 2888 1417 2924 0.
1437 2869 1491 2926 did.

887 2945 922 2996 t't
935 2945 979 2996 lex
995 2959 1052 2996 non
1069 2949 1207 3010 acceptata
1227 2946 1309 2998 etiam
1334 2946 1473 3010 7077077770
1497 2943 1651 3010 legislatore

855 3011 973 3075 desinat,
997 3015 1167 3078 probabilius
1190 3014 1339 3077 requiritur
1361 3013 1534 3076 decennium,
1550 3029 1577 3066 0.
1592 3013 1649 3078 677,

855 3097 883 3133 0.
899 3085 954 3133 6377.
1550 3131 1551 3136 ,

888 3155 941 3204 Lex
963 3153 1105 3204 Pontiticia
1121 3153 1273 3204 concedens
1295 3153 1457 3217 potestatem
1471 3149 1650 3218 dispensandi

856 3224 1082 3290 impersonaliter,
1100 3228 1225 3290 censetur
1243 3237 1304 3274 0707
1323 3221 1471 3276 concedere
1492 3223 1642 3288 Episcopls,

856 3296 873 3346 l.
888 3299 912 3356 6,
928 3309 953 3359 0.
969 3297 993 3356 3,
1009 3309 1035 3344 0.
1054 3297 1109 3346 aas.
1125 3294 1304 3346 Probabilitcr
1318 3295 1401 3344 etiarn
1420 3293 1464 3344 lex
1479 3288 1595 3344 concilii
1610 3295 1647 3344 ita

858 3365 1019 3426 concedens,
1038 3366 1105 3416 ibid.

888 3438 944 3486 Lex
966 3435 1087 3487 invalida
1102 3435 1132 3487 lit
1152 3435 1253 3497 ralida,
1269 3436 1292 3485 77
1309 3436 1411 3487 subditi
1426 3450 1485 3490 0770
1500 3435 1652 3502 acceptent,

855 3507 877 3556 si
893 3503 1050 3556 invaliditas
1068 3505 1150 3556 luerit
1165 3521 1197 3557 ex
1219 3520 1263 3568 eo,
1277 3506 1349 3570 quod
1367 3502 1471 3572 aliquid
1490 3507 1653 3573 0770070070·

855 3581 900 3628 777
913 3580 1005 3627 000777
1019 3577 1065 3640 tus
1081 3575 1253 3628 subditorum
1266 3597 1273 3638 ς
1287 3577 1355 3627 01777
1368 3590 1417 3642 007
1429 3575 1646 3644 acceptationem

855 3661 910 3698 non
925 3647 955 3697 iit
969 3647 1060 3698 valida
1074 3648 1096 3697 si
1112 3647 1269 3698 insoliditas
1284 3647 1366 3698 luerit
1380 3661 1413 3698 077
1428 3661 1470 3709 00,
1486 3647 1559 3720 quod
1574 3647 1653 3714 legis·

856 3717 926 3770 lator
940 3719 1082 3770 excederet
1095 3733 1172 3770 suam
1188 3723 1361 3784 potestatem,
1376 3717 1436 3780 1.,1,
1451 3734 1477 3770 n
1493 3718 1548 3781 671,
1568 3771 1570 3783 .

887 3792 939 3840 Les
956 3791 1136 3855 obligat,.niei
1151 3791 1187 3840 sit
1204 3792 1309 3855 iniquo,
1324 3805 1350 3841 7.
1364 3794 1417 3842 561.
1434 3788 1520 3842 Etiam
1537 3789 1651 3856 0717077,

855 3864 980 3926 quamvis
994 3863 1136 3914 dubitetur
1149 3858 1182 3914 de
1196 3861 1304 3912 lustitia
1320 3862 1396 3926 legis,
1406 3863 1471 3924 imo,
1481 3857 1545 3913 licet
1559 3863 1652 3932 000770

855 3934 995 3984 iristitiam
1009 3933 1077 3996 10077
1091 3935 1147 3984 0777
1161 3935 1280 3984 77770007
1293 3929 1456 3996 0707777107,
1471 3946 1498 3982 7.
1514 3935 1569 3982 777.
1585 3929 1652 3996 lata

855 4005 1034 4068 adprensis,
1052 4005 1075 4054 si
1100 4005 1211 4068 puciitra
1235 4005 1324 4066 ltegoa
1345 4001 1512 4068 possideant,
1535 4001 1648 4068 0717077,

856 4075 921 4124 sein.
938 4076 997 4124 non
1020 4073 1202 4138 obligataln
1226 4073 1262 4123 sa
1279 4071 1444 4124 sufficienter
1468 4058 1648 4141 promulgato,

855 4158 882 4194 n.
896 4147 952 4205 tat,
967 4157 982 4193 a
997 4157 1024 4194 n.
1040 4143 1160 4204 777577.
1176 4143 1269 4202 Qualis
1283 4139 1462 4216 promulgatio
1480 4141 1548 4207 lcgle
1561 4138 1652 4206 requi·

854 4218 937 4266 rator.
953 4215 984 4264 V.
1001 4213 1173 4278 Promolgnls'o
1192 4211 1264 4278 70077.
1280 4215 1362 4278 Leges
1380 4207 1540 4274 7007770770,
1555 4226 1605 4280 007
1623 4225 1651 4271 ae

855 4284 1002 4348 loquendo,
1017 4285 1139 4348 obligant
1154 4287 1241 4336 totum
1257 4285 1362 4345 orbem,
1376 4285 1399 4334 si
1414 4285 1575 4338 1707700707
1588 4297 1651 4349 pro·

855 4356 991 4420 7777100770,
1007 4369 1023 4404 a
1038 4369 1065 4406 7.
1081 4357 1135 4406 tis.
1153 4357 1235 4418 Leges
1254 4357 1393 4412 irritantes
1412 4358 1581 4408 contractum
1596 4367 1652 4406 707

855 4425 958 4474 1707007
977 4424 1042 4486 vim,
1065 4425 1117 4474 nisi
1138 4425 1344 4490 promulgentur
1362 4425 1391 4476 in
1408 4423 1522 4487 singulis
1537 4423 1651 4474 770770-

855 4495 913 4555 ciis,
929 4509 955 4544 0.
974 4496 1018 4544 tat
1043 4497 1083 4544 70
1098 4499 1124 4544 07
1143 4495 1251 4558 quando
1270 4493 1377 4558 legibus
1397 4493 1453 4544 suis
1467 4497 1595 4546 teneatur
1614 4490 1651 4545 lc-

854 4565 978 4629 gislator.
994 4563 1025 4616 V.
1037 4565 1185 4629 Legislotar.

888 4636 1006 4699 Legibus
1028 4636 1185 4700 obligantur
1207 4634 1256 4685 soii
1282 4633 1387 4688 subditi
1406 4635 1511 4688 ratione
1535 4638 1651 4696 77077707,

855 4707 893 4758 770
905 4711 1038 4756 uteorum
1056 4706 1269 4768 transgressione
1292 4709 1405 4770 peccent
1417 4705 1435 4756 l.
1453 4705 1586 4767 1,77.777.
1603 4705 1651 4756 Lc-

853 4777 935 4840 gibus
963 4776 1087 4828 Ecclesiae
1110 4776 1290 4840 probabiliter
1308 4788 1364 4826 707
1391 4773 1547 4840 0777070707
1574 4779 1652 4840 07077

853 4853 917 4898 7070
939 4848 1113 4911 septennium
1145 4846 1330 4911 completum
1357 4845 1536 4911 probabiliter
1560 4841 1651 4901 7777077

854 4917 1011 4982 obligentur
1035 4918 1085 4978 illi,
1105 4930 1220 4981 quarum
1244 4917 1355 4968 materia
1378 4930 1473 4968 corum
1497 4917 1587 4969 0707777
1611 4922 1653 4969 077

854 4990 1027 5050 0007077007,
1046 5001 1106 5053 quaa
1128 4990 1263 5048 0077077770
1277 4989 1360 5038 077777
1378 4989 1406 5038 70
1429 4990 1506 5052 praxi
1532 4992 1573 5040 est
1593 5001 1652 5040 suo·

854 5059 955 5120 denda,
970 5074 998 5110 0.
1013 5062 1068 5110 oto.

887 5133 969 5194 Leges
990 5132 1127 5196 iactasset
1151 5132 1191 5182 ab.
1211 5131 1329 5190 70010777
1352 5131 1547 5195 approbentur,
1563 5134 1653 5196 potest

856 5203 986 5266 Superior
1009 5203 1105 5256 Laiens
1128 5203 1266 5266 imponere
1284 5201 1398 5263 clerica,
1416 5217 1470 5254 non
1487 5217 1552 5254 vero
1575 5201 1653 5262 alias,

852 5287 881 5322 r.
900 5286 926 5336 g.
943 5287 977 5333 no
1000 5271 1154 5336 lieligionee
1177 5274 1280 5322 certum
1304 5285 1450 5322 0777707070
1475 5274 1652 5338 Personarum

855 5343 998 5402 excedant,
1012 5343 1055 5392 rel
1070 5346 1170 5392 certam
1185 5342 1369 5404 quantitatem
1382 5341 1541 5404 rediimus,
1556 5355 1590 5394 ne
1608 5339 1651 5404 777-

853 5411 1008 5476 gradientes
1022 5411 1127 5464 7017777
1144 5411 1216 5460 Laici
1231 5411 1372 5464 conterant
1386 5412 1463 5475 plura
1480 5414 1553 5463 bona
1565 5411 1652 5462 mebi·

19 5483 176 5549 obligatione
199 5489 261 5551 leri,
282 5499 338 5538 non
370 5485 451 5538 debet
481 5487 591 5537 extendi
618 5485 651 5536 ad
680 5499 799 5550 gravem3
851 5486 890 5538 tta
909 5479 1062 5546 Religionis,
1080 5495 1161 5546 quam
1175 5481 1209 5532 ad
1225 5483 1402 5534 700777777777
1416 5487 1506 5534 aaron
1527 5495 1651 5536 necessa·

19 5556 92 5621 qaod
104 5557 125 5606 77
140 5557 222 5610 rerba
234 5559 388 5624 7707170077
409 5558 604 5624 obligationem
626 5570 748 5622 gravem,
771 5559 799 5606 et

112 5643 212 5702 doux.

855 5556 894 5612 ria
909 5559 983 5618 aunt,
999 5559 1061 5621 070,
1077 5569 1103 5606 7.
1118 5555 1172 5610 tro.

1531 5641 1559 5700 77
