3986 6350
599 559 650 620 DE
672 555 835 620 orrlclls
859 553 1125 617 CONFIlSSAltll.
1610 533 1686 607 '45¹1

39 741 113 806 citra
127 741 256 822 culpam
267 744 512 826 transgreditur;
529 744 624 806 debet
633 743 720 804 illum
735 742 774 804 dc
789 741 836 802 in·
891 739 953 802 sit?
975 742 1012 801 ll.
1039 741 1105 800 lloc
1128 739 1196 817 ipso
1217 736 1348 799 solvitur
1371 731 1584 797 Confessarius
1598 729 1689 792 resti-

36 830 116 910 justo
131 848 241 891 errore
256 850 397 910 monere,
423 851 461 893 ue
485 832 602 894 diutius
616 833 646 892 in
663 832 722 892 hec
736 835 837 892 trans·
891 827 998 891 tuendi
1023 845 1127 902 onere,
1152 825 1226 906 quia
1248 825 1314 886 sola
1336 823 1419 884 illius
1442 819 1625 882 anctoritate
1646 819 1685 880 ad

39 917 197 998 gressione
213 925 404 997 perseveret.
426 920 458 983 Si
474 941 490 982 e
504 926 614 983 contra
628 919 782 983 Sacerdos
797 919 837 978 ad
891 934 953 976 non
969 915 1195 976 restituendum
1206 913 1351 974 inductus
1362 915 1430 973 erat
1443 909 1607 989 poenitetia,
1620 907 1688 968 haec

40 1006 248 1068 confessionis
275 1008 503 1069 mutilationem
526 1009 692 1070 omissione
714 1011 837 1068 tantum
891 1008 997 1065 autem
1011 1007 1156 1064 revocato
1168 1002 1296 1063 consilio
1307 1004 1460 1081 quantum
1474 999 1549 1060 satis
1564 1001 1621 1074 est,
1638 1014 1688 1056 re-

39 1112 161 1156 sussen
178 1099 342 1173 nocenter,
362 1114 416 1157 seu
430 1097 556 1158 innoxie
571 1096 746 1169 concurrit;
763 1101 837 1156 ωηο
891 1094 1046 1152 movetur.

39 1199 96 1242 non
111 1182 210 1244 debet
224 1182 266 1244 ad
282 1185 512 1245 emendandum
533 1203 671 1246 errorem
685 1183 837 1264 poeniten·
931 1178 1071 1256 Denique
1095 1176 1121 1236 si
1145 1175 1357 1238 confessarius
1379 1174 1410 1234 in
1435 1174 1584 1234 damnum
1612 1171 1688 1232 alie-

38 1275 98 1329 tem
120 1272 305 1349 convenire,
330 1291 464 1353 eumque
488 1275 528 1336 ad
549 1293 673 1336 sacrum
687 1271 837 1336 Tribunal
891 1286 966 1328 num
991 1267 1057 1326 sola
1072 1265 1239 1327 omissione
1254 1263 1421 1339 concurrit,
1438 1263 1477 1323 de
1492 1260 1686 1321 restitutione

41 1355 201 1433 iuducere,
230 1359 306 1438 quia
320 1359 533 1422 confessarius
549 1361 618 1440 lege
633 1358 836 1439 procurandae
891 1356 1034 1416 facienda
1057 1355 1262 1434 poenitantem
1286 1373 1348 1416 non
1367 1349 1586 1421 admonendo;
1612 1352 1687 1410 tunc

39 1444 225 1522 integritatis
249 1446 366 1509 directa
390 1465 452 1508 non
467 1448 681 1528 obstringitur,
700 1447 755 1508 sed
770 1465 838 1525 poe·
891 1445 956 1505 sive
971 1448 1129 1519 nocenter,
1142 1443 1207 1504 sive
1218 1443 1342 1504 innoxie
1353 1437 1599 1502 admonitionem
1609 1453 1686 1514 prae-

40 1529 135 1593 nitens
159 1532 230 1612 ipso
255 1534 417 1597 duntaxat.
444 1536 659 1596 confessarius
673 1537 778 1596 autem
793 1535 837 1593 in·
891 1531 1069 1608 termiserit,
1093 1531 1176 1592 illius
1209 1535 1313 1593 autem
1336 1528 1457 1590 silentio
1481 1525 1626 1586 inductus
1647 1523 1688 1584 sit

40 1624 197 1698 [arrogare
223 1621 329 1699 debet,
350 1623 425 1702 quia
437 1623 557 1686 ludicis
572 1630 677 1703 partes
691 1622 766 1702 agit,
784 1620 836 1701 qui
891 1620 1046 1699 poenitens
1068 1620 1099 1679 in
1124 1637 1274 1695 errorem,
1295 1621 1382 1698 ratus
1396 1614 1514 1695 aliquid
1528 1613 1577 1673 vel
1591 1612 1685 1672 licere

40 1707 92 1768 nisi
102 1709 301 1787 causaplene
312 1711 438 1789 cognita
449 1711 836 1788 fuerit,sententiamrecta
892 1708 976 1787 quod
991 1706 1185 1786 prohibetur,
1197 1707 1247 1767 vel
1257 1704 1416 1785 prohiberi
1431 1701 1515 1782 quod
1529 1699 1617 1772 licet;
1633 1699 1686 1759 de·
1780 1739 1783 1744 ι

41 1796 115 1856 ferre
129 1813 194 1856 non
207 1801 322 1872 potest.
339 1799 416 1860 Lata
429 1817 504 1859 vero
515 1799 679 1874 sententia,
694 1797 758 1878 jam
770 1815 837 1855 mu·

41 1903 108 1945 nere
131 1900 189 1945 suo
201 1883 328 1945 functus
344 1888 391 1947 est
405 1891 437 1948 et
450 1904 544 1947 onere
559 1885 772 1966 interrogandi
787 1903 837 1946 so-

40 1971 128 2032 lutus.
145 1973 307 2032 Praeterea
321 1973 388 2052 ipse
400 1992 568 2036 causanon
584 1975 652 2052 erit,
670 1993 725 2034 cur
737 1972 836 2052 poeni-

42 2063 103 2120 teus
125 2059 277 2137 deinceps
292 2060 407 2121 omissa
427 2062 458 2120 in
474 2061 533 2123 hac
548 2062 747 2123 confessione
763 2079 837 2140 pec-

42 2151 106 2207 cata
126 2147 187 2207 rita
212 2151 248 2208 ut
272 2146 376 2225 debet,
392 2150 592 2228 postmodum
609 2168 670 2211 non
686 2150 833 2229 deponat.

44 2235 172 2307 Quodsi
197 2253 261 2296 non
286 2235 405 2312 fecerit,
432 2237 464 2297 id
488 2256 549 2299 ηοη
572 2239 766 2301 confessario
782 2237 835 2317 qui

43 2323 113 2384 nibil
137 2324 178 2384 ad
204 2323 266 2385 hoc
281 2326 422 2402 contulit,
447 2327 501 2388 sed
516 2328 566 2389 vel
580 2327 742 2406 imperitiae
757 2343 833 2404 suar,

42 2413 85 2472 rel
98 2412 249 2473 oblivioni
264 2413 376 2474 merito
391 2415 607 2493 imputabitur.

77 2499 149 2562 Dico
164 2505 195 2560 'l.
222 2500 254 2561 Si
276 2502 428 2563 erraverit
442 2503 655 2565 confessarius
670 2502 701 2562 io
716 2501 832 2580 aliquo,

43 2587 119 2667 quod
133 2588 175 2648 ad
190 2588 374 2666 poenitentis
384 2595 439 2649 aut
453 2590 586 2652 aliorum
601 2590 834 2651 incommodum

42 2673 207 2752 temporale
218 2675 394 2752 pertineat;
412 2679 487 2736 tunc
497 2677 753 2755 distinguendum
768 2683 831 2737 est:

43 2761 86 2820 rel
100 2761 217 2823 erravit
231 2761 339 2840 aliqua
352 2762 485 2839 actione,
497 2783 552 2824 seu
569 2764 683 2825 diserte
698 2781 834 2842 pronun·

43 2847 156 2921 tiand03
172 2867 232 2908 non
242 2847 333 2924 debes,
346 2854 401 2910 aut
412 2849 493 2910 debes
503 2852 671 2918 restituere:
682 2853 729 2912 vel
740 2851 835 2912 omis-

44 2935 121 2996 sione
144 2936 212 2996 sola
232 2937 359 3012 erravit,
377 2937 494 2998 scilicet
508 2938 547 2998 dc
562 2939 756 3000 restitutione
772 2957 833 3000 nou

44 3024 202 3086 monendo.
220 3025 255 3087 Si
265 3025 361 3104 priori
372 3026 477 3102 modo,
494 3046 602 3088 rursus
617 3046 695 3107 opus
710 3033 757 3090 est
770 3028 834 3088 dis-

44 3111 204 3173 tinctione:
219 3113 269 3173 vcl
285 3113 368 3174 euim
383 3114 500 3176 erravit
513 3116 607 3194 culpa
619 3117 708 3195 gravi
723 3119 833 3176 contra

41 3197 195 3277 justitiam,
222 3205 254 3259 et
275 3203 351 3260 tunc
375 3200 469 3262 debet
487 3202 615 3263 omniuo
629 3203 833 3281 penitentem

44 3301 161 3346 monere
176 3287 217 3347 de
233 3305 359 3361 errore;
381 3289 495 3368 alioqui
512 3290 537 3350 si
553 3307 615 3350 non
630 3296 767 3368 moneat,
783 3292 833 3352 rel

45 3371 211 3434 simonitus
226 3375 383 3451 poenitens
392 3374 460 3454 jam
472 3375 634 3437 restituere
646 3395 708 3439 non
723 3377 831 3457 possit,

45 3475 107 3518 cum
121 3459 274 3538 potuisset
288 3464 391 3536 antea,
409 3461 474 3540 ipsc
485 3463 700 3525 confessarius
713 3465 753 3525 ad
768 3483 834 3524 res-

46 3545 212 3608 titutionem
227 3547 429 3627 obligabitur.
447 3550 503 3623 Qui
520 3552 603 3611 enim
618 3551 718 3613 sciens
734 3557 764 3614 et
778 3570 834 3613 ro-

44 3631 103 3694 lens
123 3633 153 3694 in
179 3635 299 3696 furtum
323 3655 351 3696 v.
367 3655 399 3715 g.
425 3639 592 3715 concurrit,
612 3639 730 3700 illatum
747 3640 832 3701 dum·

45 3739 110 3780 num
124 3727 274 3801 praestare
289 3723 393 3785 dehet.
410 3726 509 3804 Igitur
523 3726 618 3787 etiam
634 3729 686 3808 qui
702 3729 831 3790 consilio

45 3827 94 3869 suo
107 3827 201 3870 cansa
214 3809 283 3886 fuit,
297 3827 415 3871 curres
427 3813 530 3874 aliena
545 3831 607 3875 non
622 3815 662 3876 sit
676 3815 830 3891 restituta,

46 3913 143 3974 parem
157 3897 314 3960 contrabit
328 3898 561 3979 obligationem.
576 3904 652 3963 Cum
663 3922 737 3964 vero
752 3905 833 3964 Con-

45 3985 181 4047 fessarius
203 3986 270 4047 sine
290 3987 384 4066 culpa
403 3989 466 4048 ulla
481 3989 629 4050 damnum
646 3990 773 4070 aliquod
787 3990 833 4050 in·

44 4073 125 4150 tulit,
150 4079 223 4136 tunc
246 4075 379 4154 pariter,
403 4075 428 4136 si
452 4077 550 4155 possit
573 4078 692 4158 absque
715 4079 832 4139 incom-

46 4161 139 4237 modo,
164 4161 258 4225 debet
280 4181 418 4224 errorem
434 4164 610 4243 depellere:
635 4165 750 4246 alioqui
763 4166 831 4245 jam

46 4249 212 4323 paenitentis
233 4249 412 4328 ignorantia
434 4252 477 4312 illi
501 4253 611 4315 merito
631 4255 828 4316 adscribitur.

47 4335 124 4395 Ratio
138 4340 196 4413 est,
222 4337 296 4416 quia
309 4340 434 4399 tenetur
455 4340 586 4420 quisque
603 4341 732 4420 justitiae
747 4344 828 4422 lege,

46 4439 100 4482 non
120 4424 214 4486 modo
237 4424 358 4486 nullum
381 4425 420 4485 de
439 4426 593 4489 industria
607 4429 696 4490 alteri
712 4430 831 4492 incom-
852 4457 857 4466 ·

46 4512 163 4573 modum
186 4531 304 4588 creare,
324 4513 379 4574 sed
395 4513 489 4575 etiam
503 4535 615 4576 cavere
631 4519 830 4596 quantumin

45 4613 74 4656 sc
95 4598 186 4660 situm
207 4603 265 4675 est,
291 4617 331 4659 ne
355 4618 393 4660 ex
416 4601 538 4662 actione
562 4620 619 4663 sua
641 4603 767 4682 aliquod
787 4604 830 4664 illi

46 4683 184 4748 damnum
198 4688 369 4768 contingat.
387 4691 427 4750 At
440 4688 464 4748 si
481 4707 542 4750 nou
559 4691 657 4768 possit
670 4693 830 4754 Confessa-

46 4772 101 4834 rius
115 4775 231 4854 absque
245 4793 302 4836 suo
317 4775 406 4855 gravi
417 4776 628 4854 incommodo,
646 4779 766 4840 illatum
781 4799 831 4840 re-

47 4863 150 4923 sarcire
164 4863 312 4924 domnum
328 4867 359 4925 et
373 4881 511 4926 errorem
527 4866 684 4945 depellere
700 4886 762 4928 non
778 4887 831 4929 co-

46 4947 128 5022 gitur.
145 4953 221 5012 Cum
235 4952 318 5012 enim
330 4951 479 5031 obligatio
492 4954 671 5034 hujusmodi
686 4955 753 5015 sine
765 4955 829 5036 jus-

45 5036 111 5098 titire
133 5038 256 5100 lesione
281 5045 441 5103 contracta
463 5043 513 5119 sit,
539 5043 619 5103 adon
638 5043 745 5103 stricta
759 5061 830 5103 cen-

890 1796 945 1857 bet
966 1794 1180 1857 Confessarius
1202 1793 1227 1854 si
1251 1791 1414 1854 commodo
1426 1790 1545 1869 potest,
1563 1786 1686 1866 ignora-

890 1883 974 1944 tione
989 1882 1048 1943 hec
1063 1883 1268 1960 poenitentem
1283 1879 1453 1954 exsolvere,
1475 1876 1549 1957 quis
1562 1877 1686 1938 tenetur

891 1969 1023 2049 quisque
1044 1987 1083 2029 ex
1115 1969 1253 2030 caritatis
1273 1969 1344 2046 lege
1374 1967 1449 2028 darc
1478 1980 1618 2042 operam,
1646 1979 1684 2020 na

890 2056 1057 2118 omissione
1068 2057 1195 2136 quidem
1205 2076 1262 2118 sua
1272 2057 1351 2116 alius
1361 2054 1402 2116 ad
1416 2054 1579 2132 peccatum
1591 2048 1685 2110 ctiam

890 2144 1014 2205 innoxia
1029 2145 1286 2207 committendum
1303 2143 1480 2204 inducatur.

932 2321 1039 2396 Οιιιωῐ.
1065 2325 1094 2384 2.
1119 2355 1160 2367 -
1184 2321 1259 2396 Quos
1279 2330 1307 2382 et
1333 2320 1412 2382 circa
1432 2335 1498 2400 quer
1521 2314 1685 2395 obstringat

891 2405 917 2469 C
917 2408 1088 2489 onfcaiom's
1100 2409 1227 2490 sigillum
1239 2417 1254 2472 f

930 2501 1023 2576 Resp.
1036 2516 1123 2577 seqq.
1137 2502 1165 2558 l.
1179 2498 1385 2559 Confessiouis
1397 2496 1533 2576 sigillum
1547 2498 1595 2556 est
1608 2493 1684 2554 illud

890 2603 968 2646 onus
991 2584 1171 2664 impositum
1195 2603 1233 2645 ex
1255 2585 1376 2647 silentio
1400 2582 1538 2664 tegendi,
1564 2601 1634 2662 quaa
1651 2583 1683 2641 in

889 2673 1087 2734 confessione
1101 2672 1320 2734 sacramentali
1334 2672 1442 2734 audita
1456 2675 1539 2734 sunt.
1556 2670 1684 2736 Confes-

888 2762 934 2823 sio
949 2767 1054 2822 cirtem
1078 2761 1311 2822 sacramentalis
1334 2780 1373 2822 ca
1393 2759 1494 2823 omnis
1512 2764 1543 2822 et
1556 2759 1622 2820 sola
1636 2758 1684 2817 in-

887 2849 1057 2928 telligenda
1079 2853 1135 2926 est,
1160 2867 1253 2928 quam
1273 2849 1430 2928 poenitens
1443 2848 1527 2927 apud
1542 2864 1614 2907 eum
1629 2845 1683 2906 ho-

888 2938 1005 2998 minem
1027 2937 1160 3016 peragit,
1186 2956 1280 3016 quem
1298 2936 1461 2998 bonafide
1481 2934 1682 2998 Sacerdotem

888 3042 956 3084 esse
980 3023 1145 3101 existimat,
1172 3043 1271 3104 eoque
1287 3024 1391 3086 animo
1407 3028 1441 3086 ut
1454 3023 1682 3086 absolutionem

888 3115 1106 3191 consequatur,
1129 3117 1184 3174 aut
1207 3112 1318 3173 saltem
1341 3111 1381 3173 ad
1402 3112 1489 3172 illam
1504 3114 1590 3174 certo
1605 3117 1683 3174 tem·

887 3218 963 3278 pore
988 3199 1190 3261 obtinendam
1214 3200 1273 3262 rite
1301 3219 1335 3261 sc
1358 3203 1529 3278 comparet.
1553 3197 1613 3274 Eo,
1638 3199 1683 3259 in·

888 3307 994 3368 quam,
1017 3289 1138 3348 animo:
1162 3307 1236 3349 nam
1254 3289 1327 3350 licet
1340 3289 1508 3368 aliquando
1523 3287 1685 3366 contingat

887 3374 1091 3455 paenitentem
1119 3376 1323 3438 absolutionis
1354 3376 1506 3437 beneficio
1530 3374 1617 3455 justa
1643 3375 1683 3435 de

888 3481 983 3524 causa
997 3464 1130 3541 excludi,
1147 3464 1280 3544 ideoque
1293 3465 1452 3527 Confessio
1466 3469 1541 3525 ωηο
1556 3463 1682 3525 omuino

888 3552 1122 3613 sacramentalis
1146 3570 1208 3614 nou
1231 3554 1291 3626 sit;
1316 3553 1398 3614 lianc
1420 3557 1524 3614 ωιηοη
1542 3570 1580 3612 ex
1595 3555 1683 3630 parte

888 3659 955 3701 esse
970 3639 1151 3720 hujusmodi
1171 3645 1311 3720 spectato
1326 3639 1505 3720 poenitentis
1520 3639 1624 3701 auimo
1638 3638 1683 3698 in·

888 3727 1064 3787 dubitatum
1079 3731 1136 3788 cst.
1154 3729 1255 3799 Quare
1270 3732 1400 3807 peccata
1410 3745 1480 3807 quae
1490 3727 1565 3787 lnce
1582 3724 1683 3785 mani-

887 3817 999 3876 festata
1021 3819 1103 3892 sunt,
1129 3815 1230 3894 sigillo
1254 3815 1472 3878 sacramentali
1489 3815 1606 3876 includi
1620 3827 1682 3874 non

886 3903 990 3963 minus
1009 3920 1104 3981 quam
1126 3903 1151 3962 si
1169 3903 1272 3982 reipsa
1288 3902 1464 3964 confectum
1479 3907 1561 3963 esset
1581 3918 1682 3962 sacra-

886 3995 1038 4066 mentum,
1051 3993 1199 4052 Doctores
1210 3989 1348 4052 unanimi
1359 4009 1452 4051 sensu
1467 3989 1679 4068 pronuntiant.

887 4079 976 4141 Unde
1000 4098 1016 4138 a
1040 4082 1149 4139 contra
1173 4096 1211 4139 ca
1233 4077 1391 4140 Confessio
1413 4078 1503 4156 sigilli
1520 4077 1682 4157 obligatio-

887 4184 959 4227 ucm
970 4183 1168 4246 nequaquam
1178 4164 1308 4240 inducit,
1321 4183 1391 4245 quae
1401 4165 1442 4226 sit
1454 4164 1604 4225 irridendi
1614 4169 1681 4224 tan-

885 4257 953 4314 tum
976 4259 1030 4314 aut
1053 4251 1220 4312 seducendi
1245 4269 1340 4313 causa
1362 4252 1584 4324 Sacerdotem
1609 4269 1681 4312 cnm

886 4346 960 4403 tunc
983 4360 1056 4402 vere
1078 4340 1312 4402 sacramentalis
1335 4340 1418 4402 nullo
1441 4359 1479 4400 ex
1502 4341 1603 4420 capite
1619 4341 1681 4402 dici

885 4430 993 4510 possit.
1020 4433 1126 4509 Neque
1142 4435 1247 4490 tamen
1262 4429 1393 4508 requirit
1406 4429 1553 4510 sigillum,
1577 4433 1613 4491 ut
1627 4431 1680 4492 Sa-

886 4519 996 4579 cerdos
1019 4517 1179 4596 poeniteuti
1204 4537 1295 4579 aures
1319 4519 1457 4597 praebeat
1480 4518 1584 4578 animo
1609 4537 1680 4579 eum

886 4607 944 4668 rite
959 4605 1154 4682 absolvendi,
1181 4625 1219 4668 ac
1242 4626 1351 4668 rernm
1377 4606 1560 4669 conficiendi
1579 4625 1680 4668 sacra-

885 4699 1043 4767 mentum;
1061 4695 1178 4774 alioqui
1191 4695 1504 4775 enimpoeoitentium
1522 4695 1680 4756 securitati

886 4779 959 4840 satis
974 4782 1150 4842 consultum
1174 4800 1235 4843 non
1252 4787 1356 4845 essct:
1383 4787 1566 4845 vererentur
1586 4783 1680 4862 siqui-

885 4866 957 4926 dem
972 4867 1027 4940 illi,
1046 4887 1084 4929 ne
1095 4871 1280 4950 plerumque
1294 4871 1367 4932 huic
1381 4871 1536 4933 sacerdoti
1551 4875 1681 4950 peccata

885 4955 1126 5032 committerent,
1150 4957 1203 5037 qui
1226 4963 1312 5020 ntea
1327 4958 1489 5038 divulgare
1506 4963 1611 5038 posset
1624 4959 1680 5020 im·

884 5058 979 5118 pune,
996 5061 1088 5104 sures
1103 5063 1141 5104 cn
1155 5044 1222 5104 sola
1236 5045 1415 5107 curiositate
1434 5045 1597 5107 autetiam
1611 5064 1679 5124 par·

47 5123 132 5184 sanda
147 5143 205 5184 non
222 5131 279 5202 est,
291 5133 326 5186 ut
336 5127 437 5186 locum
448 5128 564 5190 habeut
578 5134 664 5205 tunc,
680 5147 752 5190 cum
768 5149 829 5190 non
885 5128 1002 5190 nicioso
1017 5130 1118 5209 magis
1128 5131 1257 5194 consilio
1268 5133 1487 5194 confitentibus
1501 5131 1676 5192 adhiberet.

48 5209 105 5270 siue
118 5209 202 5290 gravi
217 5212 415 5275 incommodo
428 5218 530 5293 potest
544 5217 663 5280 illatum
678 5217 829 5278 damnum
925 5220 954 5276 Ξ.
972 5216 1127 5296 Obligatio
1138 5235 1233 5298 quam
1243 5219 1326 5298 parit
1338 5219 1474 5298 sigillum
1484 5219 1680 5282 sanctissima

48 5297 167 5360 sarcire.
884 5308 941 5380 est,
958 5304 1038 5365 adeo
1053 5309 1087 5365 ut
1101 5305 1186 5366 nullo
1202 5323 1339 5384 unquam
1352 5325 1437 5381 casu,
1454 5305 1679 5385 cujuscumque

81 5379 168 5447 Dices
197 5386 260 5448 Sed
287 5387 373 5466 quid,
403 5389 427 5449 si
452 5390 607 5468 poenitens
637 5409 777 5454 errorem
811 5412 830 5454 a
883 5391 956 5452 boni
972 5392 1183 5471 consequendi
1199 5397 1253 5454 ant
1263 5394 1337 5454 mali
1352 5393 1554 5454 convertendi
1570 5410 1676 5468 causa,

48 5469 227 5536 confessario
243 5475 381 5553 edoctus,
395 5478 557 5542 restituere
573 5479 658 5558 nolit,
677 5497 748 5541 cum
760 5499 830 5564 pos·
885 5497 939 5540 seu
951 5481 1054 5542 adhuc
1064 5481 1241 5562 superstite,
1254 5500 1307 5542 seu
1318 5480 1449 5562 jamjam
1460 5481 1678 5547 vitadofuncto
