3974 6348
601 583 653 648 on
675 588 707 650 s.
731 557 941 649 concinna
967 585 1109 648 sumu.

50 797 181 878 negligunt
193 801 301 876 Horas,
320 817 380 861 non
397 817 488 879 posse
503 799 588 862 dicta
604 799 806 880 Compositio·

49 887 85 946 nis
95 887 170 948 Bulla
182 887 221 948 ad
234 888 463 950 restituendum
477 888 627 968 gaudere.

77 979 101 1036 l.
122 977 193 1052 llos,
221 975 274 1056 qni
303 977 399 1037 Bullae
435 977 566 1038 fidentes
594 975 804 1056 peccaverint,

49 1082 119 1142 posse
131 1063 248 1143 reliquls
263 1065 362 1127 Bullrc
376 1065 546 1146 privilegiis
561 1065 710 1146 gaudere,
728 1083 808 1145 prce-

50 1158 164 1229 terquam
177 1149 369 1231 indulgentia
383 1153 423 1212 ad
435 1153 601 1214 articulum
611 1153 719 1214 mortis
733 1171 808 1214 con-

50 1257 125 1314 cessa,
139 1238 174 1298 dc
188 1257 247 1317 qua
262 1259 360 1319 supra
378 1244 410 1302 et
432 1241 627 1321 indulgentia
650 1241 807 1319 Composi-

50 1327 121 1388 tionis
140 1327 299 1406 bonerum,
330 1349 399 1410 quae
427 1330 544 1392 debent
571 1330 711 1402 restitui;
734 1329 808 1408 qnia

50 1413 162 1493 exceptio
175 1417 276 1478 firmat
290 1419 431 1498 regulam
442 1419 473 1479 in
485 1419 677 1480 contrarium
692 1422 722 1479 et
737 1435 808 1478 cum

49 1503 170 1581 goudium
187 1505 288 1565 solum
314 1507 444 1568 istorum
472 1507 706 1586 privilegiorum
729 1505 809 1565 exci-

50 1591 146 1668 piatur,
173 1591 364 1672 reliquorum
392 1595 626 1673 privilegiorum
658 1593 809 1674 gaudium

50 1679 208 1758 indulgetur,
224 1683 353 1744 Covarr.
366 1683 397 1743 r'n
408 1683 537 1765 requloc.
548 1694 698 1766 peccatum
708 1688 737 1760 a,
750 1684 806 1760 ἐξ).

78 1770 101 1828 5.
126 1769 296 1830 Meretrices
323 1789 413 1850 posse
441 1773 580 1850 gaudere
608 1773 713 1844 Bolla3
735 1771 810 1851 quin

51 1855 155 1916 exclusis
168 1860 306 1936 personis
325 1860 404 1939 aliis,
420 1862 487 1922 ista
507 1880 569 1924 non
588 1860 806 1922 excluduntur.

51 1945 133 2021 leque
162 1945 273 2022 obstat,
309 1947 392 2027 quod
421 1950 609 2011 contrariam
644 1951 810 2027 sequentes

52 2031 197 2108 opinionem
224 2035 395 2116 objiciunt,
422 2056 534 2118 nempe
564 2039 807 2114 eleemosynam,

52 2137 104 2196 qua
115 2138 163 2199 pra
177 2123 262 2184 Bulla
284 2125 441 2202 tribuitur,
459 2127 573 2189 debere
598 2125 664 2186 fieri
679 2146 716 2186 er
732 2125 810 2184 bonc's

51 2205 177 2268 n'liolleo
193 2209 317 2289 collolr's,
344 2212 426 2274 utin
445 2214 514 2292 ipsa
532 2215 620 2275 Bulla
638 2214 761 2293 legitur,
779 2218 811 2273 et

52 2293 114 2355 bona
125 2314 186 2375 qnae
196 2299 377 2360 meretrices
387 2299 418 2359 in
427 2301 659 2380 eleemosynam
672 2301 809 2362 tribuere

52 2389 162 2460 possunt,
177 2403 195 2445 a
208 2386 363 2465 daemone,
380 2392 434 2450 aut
448 2407 505 2468 per
520 2396 684 2468 peccatum
704 2391 811 2471 acqui-

53 2467 96 2530 sita
111 2473 298 2548 proveniunt.
316 2478 382 2536 Non
399 2476 511 2556 obstat,
529 2479 668 2559 inquam,
686 2479 759 2560 quia
774 2499 811 2540 cx

53 2557 103 2616 aliis
121 2559 211 2638 bonis,
231 2568 444 2644 praeterquam
468 2586 505 2626 ex
528 2586 586 2628 usu
608 2587 742 2630 venereo
759 2587 811 2629 ac-

54 2645 156 2725 quisitis,
167 2650 397 2730 eleemosynam
407 2654 542 2716 tribucre
557 2661 706 2734 possunt3
728 2658 811 2719 unde

54 2735 113 2794 ratio
125 2738 248 2799 cessabit
262 2741 413 2818 scrupuli.
435 2743 538 2820 Ultra,
560 2744 634 2824 quia
648 2746 745 2808 verba
759 2748 812 2808 illa

54 2817 265 2886 retroactae
280 2827 343 2888 Deo
352 2829 466 2890 collatis
480 2831 667 2912 significant,
678 2836 811 2897 elcemo-

14 2987 15 2990 ,
54 2927 139 2986 synam
163 2913 225 2976 lieri
252 2915 370 2977 debere
404 2937 442 2978 ex
470 2920 604 3000 propriis
631 2923 812 3001 accipientis

14 3043 16 3062 2
54 2995 812 3092 bonis,nonexalienisinjustepossessis,etquam-

55 3085 89 3145 ris
99 3090 229 3152 meretrix
242 3093 272 3152 in
284 3095 379 3154 modo
390 3096 531 3158 lucrandi
543 3105 661 3178 peccet,
674 3101 813 3180 possidet

57 3177 134 3236 baren
144 3178 220 3258 jaste
234 3201 304 3262 qnae
319 3185 468 3246 lucratur.

15 3309 16 3312 η
85 3265 279 3332 llinoinlertur
289 3278 388 3350 sexte,
401 3292 462 3334 non
474 3293 565 3354 posse
575 3278 713 3356 gaudere
723 3279 813 3340 bulla

56 3369 119 3431 eom,
133 3361 179 3434 qui
193 3377 228 3418 ex
241 3359 335 3422 bonis
348 3363 429 3423 male
451 3383 507 3442 per
526 3365 654 3440 lurtum,
672 3387 811 3445 usuram,

56 3439 92 3499 rel
104 3443 154 3503 alio
167 3447 272 3524 quovis
283 3448 378 3509 medo
389 3449 429 3510 ad
440 3450 668 3515 restitutionem
683 3461 813 3534 cogente

56 3525 158 3608 habitis,
181 3534 411 3614 eleemosynam
440 3555 497 3616 pro
525 3546 655 3620 accepta
682 3545 814 3622 largitur

17 3651 18 3654 =
57 3615 133 3680 ltnlln.
152 3622 234 3684 Ratio
255 3627 313 3702 est,
341 3625 414 3704 quia
435 3625 520 3688 bona
540 3627 593 3688 illa
611 3647 674 3691 non
697 3631 814 3693 tributa

57 3710 208 3770 suntabeo
229 3711 283 3788 illi,
310 3713 363 3792 qui
383 3732 421 3774 es
442 3713 533 3775 bonis
556 3734 613 3794 per
631 3716 813 3796 injustitiam

58 3790 146 3890 labilis
165 3799 394 3878 eleemosynam
414 3822 470 3882 pro
493 3805 584 3865 Bnlla
611 3806 729 3868 tribuit.
752 3809 814 3870 Sed

58 3897 76 3938 sr
88 3900 117 3942 ex
128 3887 215 3949 mixta
229 3907 265 3950 ex
280 3889 395 3970 injuste
406 3897 437 3954 et
443 3892 526 3973 juste
546 3894 653 3956 habita
668 3897 811 3974 pecunia,

58 3968 812 4068 luteleemosyna,poteritacceptagaudereBulla‚

59 4073 115 4133 qua
126 4063 191 4123 tunc
205 4071 348 4126 censetur
362 4067 562 4147 eleemosyna
572 4089 609 4130 ex
622 4071 749 4150 propria
763 4093 816 4152 pe-

59 4147 228 4230 cuuiadare,
250 4154 406 4234 siquidem
430 4155 497 4237 ejus
518 4157 649 4222 intentio
669 4165 716 4222 est
736 4161 816 4222 acci·

59 4249 116 4308 pere
135 4238 247 4301 Bullam
261 4260 299 4304 eo
318 4244 412 4305 modo
427 4264 489 4325 quo
504 4245 563 4307 sibi
581 4249 693 4326 prosit;
708 4255 815 4312 elnon

60 4325 272 4407 eslputandum,
299 4329 434 4394 invalide
458 4335 558 4413 egisse
578 4337 676 4414 illum,
693 4338 745 4419 qui
762 4358 817 4400 vu-

60 4405 107 4469 lide
118 4430 200 4491 ogere
214 4419 324 4496 potuit.
340 4421 416 4500 Lop.
434 4422 466 4482 r'n
482 4421 504 4483 l.
521 4425 571 4502 tl,
589 4425 635 4487 tic.
663 4430 710 4505 ll,
729 4447 762 4509 p.
779 4432 814 4502 5;

61 4495 397 4582 contaminamur.
415 4513 463 4588 ll,
480 4531 540 4573 oo.
558 4519 594 4588 23
620 4517 703 4577 Men.
724 4537 754 4578 o.
780 4522 815 4590 5;

62 4585 121 4684 ling.
139 4591 164 4650 in
178 4598 205 4670 P,
214 4615 245 4676 p.
262 4604 285 4658 t.
302 4600 331 4675 2,
349 4605 387 4659 tr.
404 4602 434 4673 2,
451 4609 490 4661 tr.
507 4601 543 4662 de
556 4602 672 4672 Bulla:
686 4606 818 4666 Accosta

61 4691 83 4732 nr
96 4676 173 4740 Bulla
186 4682 265 4748 Creo.
290 4704 320 4767 q.
341 4691 394 4760 12;
416 4689 504 4768 cha
526 4699 548 4751 t.
573 4694 603 4767 P,
628 4711 703 4754 snm.
724 4713 749 4755 c.
766 4696 816 4770 34,

61 4781 104 4824 roc.
117 4771 145 4842 '13
160 4773 243 4836 blan.
260 4783 299 4836 tr.
314 4777 361 4853 ll,
377 4775 443 4839 Res.
457 4779 531 4852 1093
548 4779 630 4840 Men.
647 4800 676 4841 n.
693 4783 723 4842 6.

257 5043 513 5109 surrectus
538 5045 581 5106 ll.

66 5213 147 5284 Utrum
156 5221 361 5308 Coraciumeni,
376 5229 478 5298 Pueri,
491 5231 590 5300 Fului,
605 5229 820 5294 Eccommccoi-

107 5321 156 5380 coti
170 5331 194 5383 ct
213 5323 351 5389 Heerctc'cc‘
369 5328 497 5410 paudere
509 5329 625 5409 possint
642 5327 758 5390 Bulla?

95 5511 170 5594 llcsp.
194 5521 221 5581 l.
243 5523 488 5587 catechumenos
511 5544 572 5588 non
600 5544 702 5605 posse.
729 5527 817 5590 llntio

1598 589 1657 652 365

862 775 919 846 est,
936 772 1011 851 quia
1026 772 1181 852 quidquid
1195 771 1226 832 in
1241 772 1331 832 Bulla
1346 772 1533 849 continetur,
1549 773 1598 834 vel
1610 777 1658 836 est

860 867 948 922 actus
960 859 1197 940 jurisdictionis,
1215 863 1249 922 ut
1263 865 1349 938 puta,
1371 860 1538 941 delegandi
1561 861 1658 922 lacul-

861 953 958 1010 tatem
985 949 1026 1008 acl
1055 951 1128 1009 vota
1154 948 1378 1010 commutanda
1401 953 1432 1010 et
1458 949 1520 1010 alia
1542 949 1658 1010 similia

861 1036 1055 1113 exercenda,
1082 1036 1132 1097 vel
1161 1040 1250 1098 actus
1274 1036 1421 1115 proprius
1443 1037 1599 1114 clavium,
1622 1041 1658 1098 ut

861 1123 983 1201 aperire
998 1123 1144 1184 Ecclesiae
1159 1124 1333 1200 thesauros,
1353 1125 1535 1202 elargiendo
1554 1124 1658 1185 indul-

860 1210 982 1289 gentias
997 1215 1027 1272 et
1041 1211 1288 1290 dispensationes
1310 1211 1362 1292 qui
1385 1217 1473 1273 actus
1495 1215 1568 1273 sunt
1583 1230 1659 1291 pro-

862 1297 921 1376 prii
937 1297 1082 1376 clavium,
1100 1305 1131 1360 et
1145 1315 1207 1359 non
1219 1299 1434 1371 oratiomcro3
1453 1316 1588 1379 quorum
1603 1317 1654 1360 ac-

862 1390 952 1446 tuum
967 1386 1086 1446 nullum
1100 1387 1185 1448 valet
1199 1387 1341 1449 Pontifex
1360 1405 1436 1465 erga
1457 1386 1658 1447 catechume-

862 1491 919 1533 nos
934 1491 1090 1550 exercere,
1108 1475 1181 1554 quia
1196 1479 1283 1535 extra
1303 1474 1475 1534 Ecclesiam
1496 1491 1563 1534 esse
1583 1491 1658 1534 cen-

863 1564 981 1639 sentur,
998 1561 1153 1643 siquidem
1176 1561 1281 1622 adhue
1302 1580 1359 1639 per
1382 1562 1555 1639 speciosam
1575 1563 1658 1639 Rap-

863 1649 945 1708 tismi
961 1655 1085 1728 portam
1107 1667 1171 1709 non
1193 1649 1358 1709 intrarunt.
1376 1651 1459 1728 llrgo
1483 1649 1550 1709 istis
1569 1649 1659 1708 Bulla

863 1737 991 1798 minime
1006 1738 1154 1817 prodesse
1169 1737 1293 1816 polerit,
1314 1737 1427 1798 blenda
1443 1757 1472 1798 n.
1493 1742 1523 1799 7.

905 1829 998 1904 llesp.
1019 1829 1048 1886 P.
1072 1828 1189 1885 Pueros
1211 1829 1242 1886 ct
1265 1827 1381 1886 Fatuos
1405 1842 1496 1907 posse
1519 1826 1658 1904 gaudere

864 1914 1021 1993 aliquibus
1040 1914 1137 1974 Bnllce
1160 1913 1342 1992 privilegiis,
1369 1931 1503 1992 quorum
1526 1931 1659 1992 capaces

863 2003 1075 2079 inveniuntur,
1093 2007 1127 2063 ut
1141 2009 1227 2080 puta,
1246 2002 1331 2081 qnod
1352 2002 1430 2062 tales
1449 2001 1574 2080 sepeliri
1590 2023 1660 2082 pos·

863 2092 926 2153 sint
939 2091 1064 2150 medica
1077 2107 1194 2167 pompa
1208 2093 1349 2168 tempore
1371 2089 1528 2151 interdicti
1544 2090 1659 2152 virtute

864 2180 960 2241 Bullae
984 2177 1016 2238 in
1039 2178 1108 2238 loco
1130 2176 1562 2257 sne1·o;etqu0dineodem
1581 2183 1661 2239 tem-

864 2285 940 2346 pore
960 2265 1057 2345 possit
1080 2265 1218 2325 exbiberi
1243 2269 1391 2325 extremar
1419 2265 1660 2326 Sacramentum

865 2353 1026 2417 Unctionis
1039 2353 1136 2430 fatuo,
1152 2354 1202 2412 vel
1217 2352 1333 2413 luriose
1357 2351 1567 2428 moribundo,
1586 2356 1618 2413 et
1633 2351 1659 2411 si

866 2462 935 2524 quae
950 2448 1022 2504 sunt
1035 2443 1097 2503 alia
1110 2442 1275 2520 privilegia
1289 2441 1420 2517 similia,
1438 2458 1572 2521 quornm
1589 2440 1659 2502 usui

865 2532 978 2592 mentis
992 2531 1043 2591 ille
1058 2530 1187 2591 morbus
1203 2548 1264 2591 non
1276 2530 1388 2592 obstet.
1407 2529 1573 2606 Probatur,
1586 2529 1661 2609 quia

866 2635 929 2677 non
949 2618 1105 2696 ostrado,
1131 2619 1204 2697 quia
1223 2618 1332 2680 talium
1352 2617 1403 2680 isti
1423 2617 1661 2697 privilegiorum

866 2709 1053 2767 censeantur
1067 2706 1244 2784 incapaces,
1265 2725 1368 2786 neque
1387 2706 1477 2768 bulla
1496 2705 1662 2785 distinguit

867 2794 950 2855 inter
968 2799 1094 2868 aetates3
1112 2801 1304 2874 quapropter
1324 2794 1560 2873 interpretativa
1578 2794 1660 2875 judi·

866 2885 989 2959 cantur,
1007 2887 1037 2943 et
1051 2901 1140 2961 puer,
1167 2887 1197 2944 et
1220 2883 1324 2968 fatuus
1349 2888 1474 2961 petere,
1501 2881 1585 2961 quod
1601 2881 1660 2942 sibi

866 2969 941 3031 utile
962 2970 1056 3031 luerit
1078 2975 1109 3030 et
1131 2971 1327 3048 proficuum
1353 2975 1385 3030 et
1408 2970 1505 3046 fatuo,
1530 2969 1585 3050 qui
1609 2970 1660 3048 pie

866 3059 952 3135 vixit,
969 3058 1044 3118 dum
1059 3058 1171 3118 mentis
1186 3058 1286 3119 extitit
1306 3075 1444 3136 compos,
1470 3075 1574 3138 neque
1598 3060 1663 3120 Eu·

867 3147 1015 3209 charistia
1028 3151 1170 3226 negatur,
1193 3165 1249 3208 nec
1273 3147 1384 3209 Unctio
1409 3149 1578 3220 Extrema;
1603 3147 1662 3209 ita-

867 3254 928 3316 que
943 3235 1057 3314 poterit
1071 3235 1114 3296 illi
1130 3236 1234 3296 adhue
1257 3235 1414 3298 interdicti
1438 3239 1582 3314 tempore
1606 3233 1663 3293 mi·

867 3323 991 3385 nistrari
1007 3328 1039 3384 et
1051 3327 1192 3402 ternpore
1215 3323 1325 3402 quovis
1344 3324 1542 3403 indulgentia
1564 3322 1662 3384 Bullae

867 3410 1017 3490 applicari
1029 3410 1180 3489 plenaria,
1197 3411 1373 3490 poteritque
1388 3411 1428 3472 ab
1443 3409 1663 3472 excommuni-

868 3500 990 3561 catione
1005 3499 1135 3575 absolri,
1152 3499 1265 3561 ltlendo
1280 3519 1360 3560 num.
1378 3503 1427 3561 lP.

908 3590 1000 3664 Resp.
1019 3588 1048 3646 3.
1072 3586 1383 3648 Excommunicatum
1405 3606 1497 3667 posse
1521 3587 1663 3666 gaudere

868 3675 964 3737 Bullae
978 3673 1159 3752 privilegiis,
1177 3675 1314 3752 exceptis
1337 3676 1562 3755 indulgentiis3
1589 3675 1664 3754 quia

869 3763 1011 3844 quamvis
1025 3763 1083 3823 iste
1098 3768 1234 3843 nequeat
1247 3764 1397 3843 gaudere,
1422 3781 1479 3824 nec
1501 3764 1546 3826 uti
1568 3763 1664 3842 privi-

868 3853 957 3932 legiis
979 3851 1105 3912 aliunde
1133 3851 1247 3913 habitis
1275 3857 1306 3913 et
1334 3851 1480 3928 obtentis,
1497 3851 1665 3930 privilegia

868 3948 974 4002 tamen
988 3940 1085 4001 Bullae
1107 3959 1168 4001 non
1191 3939 1372 4001 obtinentur
1392 3939 1432 4001 ab
1450 3939 1663 4002 excommuni-

869 4031 950 4106 cato,
967 4028 1022 4089 sed
1038 4047 1056 4090 a
1071 4031 1155 4108 llege
1170 4027 1331 4090 obtinente
1345 4028 1478 4090 Bullam.

909 4118 1002 4178 Dixi:
1024 4118 1164 4198 Ecccptc's
1187 4116 1395 4198 r'ndulpentir's,
1422 4117 1496 4196 quia
1519 4135 1665 4178 necessa·

870 4207 934 4268 rius
949 4212 996 4266 est
1010 4209 1108 4267 status
1123 4205 1231 4284 gratiae
1255 4206 1296 4266 ad
1318 4205 1486 4266 lucrandas
1500 4205 1664 4285 indulgen·

869 4296 940 4372 tias,
957 4301 989 4355 et
1002 4295 1027 4356 si
1042 4294 1329 4356 excommunicatus
1352 4297 1399 4355 est
1420 4293 1581 4372 pertinax,
1600 4312 1663 4355 non

871 4390 918 4447 est
930 4385 962 4445 in
977 4388 1059 4446 statu
1074 4383 1193 4462 gratita.
1212 4383 1273 4444 Sed
1288 4383 1314 4443 si
1329 4400 1391 4444 non
1401 4381 1496 4444 luerit
1507 4381 1662 4461 pertinax,

871 4477 903 4534 et
917 4470 1008 4533 estin
1023 4470 1142 4549 gratia,
1168 4473 1199 4530 ct
1221 4468 1346 4530 aliunde
1371 4487 1434 4530 non
1458 4471 1603 4548 provenit
1622 4471 1663 4531 ab

871 4562 951 4639 ipso,
976 4559 1061 4638 qnod
1075 4558 1141 4637 ipse
1156 4576 1219 4619 non
1236 4557 1417 4620 absolvatur
1430 4557 1471 4619 ab
1486 4577 1664 4620 exeommu-

873 4648 1038 4723 nicationc,
1055 4647 1081 4708 si
1100 4647 1162 4708 alia
1175 4647 1279 4708 media
1298 4647 1338 4707 ad
1353 4646 1564 4726 indulgentias
1585 4645 1667 4708 obti-

873 4734 1166 4800 nendasadhibeat.
1190 4735 1382 4796 credendum
1406 4739 1451 4794 est
1476 4735 1538 4814 pie,
1560 4735 1667 4796 Eccle-

874 4825 952 4886 siam
966 4824 1097 4885 Matrem
1112 4821 1369 4899 amantissimam,
1386 4822 1468 4883 nolle
1490 4840 1563 4883 eum
1578 4839 1597 4882 a
1610 4821 1667 4882 bo·

874 4928 986 4973 norum
1019 4913 1178 4972 tantorum
1219 4909 1456 4989 participatione
1486 4909 1665 4984 excludere,

874 4999 987 5064 Mende
1001 5019 1032 5059 n.
1050 5001 1098 5076 13,
1115 5015 1187 5060 cum
1201 4999 1273 5061 vill.
1299 5001 1377 5061 Nav.
1404 4999 1499 5061 ltedr.
1522 4998 1619 5060 Trull.
1636 5003 1668 5058 et

875 5087 953 5163 aliis,
971 5104 1049 5167 quos
1063 5085 1148 5148 citat.

915 5177 1008 5252 Resp.
1037 5178 1065 5235 l.
1090 5176 1185 5235 Posse
1213 5175 1308 5236 etiam
1336 5174 1501 5236 haereticos
1527 5173 1668 5253 gaudere

874 5262 971 5326 bullae
985 5261 1167 5342 privilegiis,
1184 5262 1332 5324 eomodo
1347 5263 1453 5340 etiam,
1470 5280 1534 5340 quo
1544 5279 1669 5323 excom-

874 5351 1041 5412 municatis
1055 5349 1268 5427 concedimus,
1287 5351 1362 5430 quia
1376 5350 1488 5410 eadem
1503 5367 1580 5428 erga
1593 5349 1669 5412 istos

874 5441 1032 5502 invenitur
1046 5439 1136 5500 ratio.
1154 5438 1245 5511 Quod
1259 5439 1437 5522 nonlsolum
1461 5438 1500 5499 de
1520 5437 1668 5500 haeretico

875 5527 997 5591 interno
1012 5527 1251 5607 intelligendum
1267 5532 1323 5605 est,
1340 5532 1377 5590 ut
1389 5525 1670 5594 aitbndevieuscle
