3974 6348
674 541 725 610 DE
752 539 1015 613 miraracula.

47 724 117 790 circa
133 728 380 809 Sacramentum,
397 731 452 794 sed
476 733 517 794 ud
541 750 699 794 summum
722 737 822 796 mate-

46 817 116 879 rialis
127 818 209 880 circa
222 823 430 883 contractum.

5 909 25 958 Ι
76 907 148 984 445.
167 908 269 970 Metus
292 927 355 970 non
379 911 591 990 presumitur,
608 929 681 974 oum
702 911 743 972 sit
765 910 822 972 ali-

46 993 107 1073 quid
120 994 199 1072 43344,
213 996 271 1056 sed
290 997 331 1058 ab
346 1015 383 1059 ao
398 994 579 1077 probandus
603 1006 651 1062 est
673 999 766 1078 plena
790 1001 822 1059 34

5 1113 6 1116 ¹
44 1081 257 1162 concludenter,
274 1085 328 1165 qui
343 1105 377 1148 se
391 1087 423 1147 in
438 1105 475 1148 eo
490 1088 611 1166 fundat,
629 1089 675 1151 uti
691 1105 729 1148 ex
744 1089 820 1149 4333

45 1173 70 1230 34
88 1173 231 1232 ductores
255 1172 451 1237 demonstrat
473 1177 604 1256 Sperell.
626 1175 686 1238 dec.
711 1179 761 1251 49,
789 1195 818 1236 3.

43 1258 84 1331 44,
101 1257 146 1327 38,
160 1261 211 1319 tu.
229 1261 268 1321 nt
290 1260 479 1341 conjecturae
493 1264 632 1343 quidem,
649 1282 687 1324 cx
708 1262 821 1343 quibus

5 1363 7 1432 ξ
44 1343 234 1420 concluditur,
251 1345 446 1410 debentesse
456 1350 652 1432 propinquae,
670 1353 701 1410 et
713 1350 821 1408 immo-

5 1433 7 1486 }
44 1429 175 1580 diqtailli
199 1434 297 1512 actui,
314 1437 367 1515 qui
390 1437 521 1516 geritur,
547 1435 725 1499 Masabard.
744 1437 821 1514 Spe-

44 1535 71 1579 re
92 1539 141 1582 .u.
155 1525 206 1582 44.

5 1615 27 1748 p
74 1607 145 1686 §lt¹
174 1611 285 1691 Signa,
315 1613 398 1674 unda
426 1617 593 1677 sumuntur
620 1612 818 1692 conjectura,

5 1755 7 1766 ,
45 1695 114 1775 qood
135 1697 340 1762 intervenerit
353 1702 400 1762 vis
413 1703 463 1763 vel
477 1706 591 1780 metus,
607 1707 689 1762 suut.
708 1703 736 1761 4.
753 1700 822 1761 Ρ34-

5 1799 7 1808 ’
44 1785 82 1844 133
93 1786 190 1848 vultus
200 1792 234 1850 et
247 1807 309 1851 vox
323 1789 489 1868 submissa,
503 1809 566 1871 qua
580 1809 695 1870 sponsa
704 1788 822 1868 aliquo-

5 1885 10 1956 4
45 1872 91 1934 ties
106 1873 298 1956 interrogata
320 1895 340 1938 a
363 1879 516 1957 Parnaco,
541 1879 669 1941 tandem
693 1894 822 1938 consen-

5 1995 7 2028 :
45 1978 100 2022 sum
112 1965 273 2043 expressit.
291 1970 320 2028 4.
346 1966 444 2029 Multa
466 1967 622 2030 festinatio
646 1965 678 2026 in
697 1969 822 2028 contra-

1614 547 1671 608 lto

877 734 902 794 si
917 735 1040 814 copula,
1057 737 1113 796 aut
1125 731 1206 796 alius
1219 737 1308 796 actus
1322 735 1480 811 externus,
1495 751 1523 796 v.
1535 751 1568 814 g.
1582 752 1673 796 oscu-

875 822 953 899 lum,
964 828 1130 904 postquam
1145 823 1279 884 cessavit
1291 841 1388 884 causa
1401 829 1515 899 metus,
1531 822 1587 884 liat
1600 839 1672 883 cum

875 909 997 972 sincero
1012 913 1124 973 affectu
1138 910 1307 991 conjugali,
1318 910 1350 970 id
1365 913 1422 987 est,
1433 910 1539 972 animo
1553 927 1587 972 sc
1603 927 1672 989 per-

875 1001 970 1075 petuo
993 996 1131 1058 habendi
1155 1003 1306 1077 tanquam
1330 995 1492 1078 conjuges,
1518 997 1607 1078 cujus
1631 997 1673 1056 si-

875 1103 973 1164 gnum
996 1089 1053 1163 est,
1083 1085 1109 1146 si
1137 1085 1257 1146 habens
1280 1085 1427 1162 copulam
1450 1084 1609 1163 putaverit
1635 1103 1670 1145 se

874 1173 957 1234 licita
980 1191 1094 1253 agere,
1120 1173 1281 1252 probabile
1306 1176 1353 1234 est
1376 1171 1450 1252 poni
1481 1190 1671 1234 consensum

875 1259 1092 1339 sufficientem,
1110 1280 1182 1322 nam
1204 1265 1360 1340 supponet
1383 1265 1416 1322 et
1438 1260 1523 1322 volet
1545 1279 1578 1322 se
1603 1279 1671 1322 esso

875 1347 1034 1425 maritum,
1051 1349 1136 1428 quod
1160 1348 1366 1427 probabiliter
1387 1347 1522 1410 sufficiet
1538 1349 1579 1409 ad
1593 1349 1672 1409 vali-

876 1435 1015 1497 dandum
1029 1437 1104 1499 illud
1115 1437 1360 1512 matrimonium,
1374 1435 1517 1514 quamvis
1531 1435 1584 1497 alii
1599 1455 1671 1498 oum

875 1525 982 1587 Mastr.
999 1543 1030 1587 n.
1046 1528 1097 1602 40,
1114 1530 1234 1604 putent,
1252 1524 1398 1603 copulam
1413 1522 1452 1584 de
1476 1541 1509 1584 se
1525 1540 1587 1584 uon
1602 1539 1670 1582 csse

876 1613 1000 1692 signum
1019 1612 1177 1674 sufficiens
1200 1612 1314 1674 interni
1338 1629 1519 1686 consensus,
1536 1609 1670 1688 ideoque

876 1701 992 1781 requiri
1017 1701 1102 1763 aliud
1117 1700 1242 1780 signum
1256 1705 1329 1761 anta
1353 1700 1403 1760 vel
1426 1699 1458 1759 in
1483 1699 1596 1778 copula
1619 1716 1672 1758 ex-

876 1789 1050 1869 pressivum
1065 1807 1236 1851 cousensus
1257 1788 1420 1865 maritalis,
1437 1787 1521 1866 quod
1544 1786 1671 1848 omnino

876 1879 972 1940 tutius
987 1882 1044 1940 est.
1058 1878 1206 1940 Sitamen
1222 1878 1299 1940 tales
1315 1876 1419 1958 quiete
1430 1876 1523 1937 simul
1538 1874 1673 1936 vixerint

876 1984 933 2045 per
953 1985 1069 2028 annum
1085 1972 1117 2027 et
1131 1965 1306 2042 dimidium,
1323 1981 1449 2043 semper
1470 1962 1670 2041 presumitur

5 2067 7 2134 4
45 2047 141 2112 bondo.
161 2054 190 2113 3.
213 2053 415 2116 Antecadens
439 2055 537 2116 animi
564 2053 698 2130 aversio,
718 2058 750 2114 et
773 2070 822 2112 re·
876 2059 979 2116 ratum
1000 2071 1068 2114 esse
1083 2053 1329 2128 matrimonium,
1346 2051 1391 2112 ita
1411 2068 1483 2112 cum
1500 2049 1570 2112 aliis
1591 2050 1668 2111 Gob.

5 2171 7 2216 3
45 2137 198 2216 pugnantia
217 2139 370 2203 nubendi.
390 2145 421 2202 4.
443 2141 686 2204 Protestationes
700 2143 822 2202 antece·
876 2163 956 2204 aum.
973 2146 1042 2215 2613
1060 2142 1178 2204 Sebild.
1191 2151 1231 2203 tr.
1248 2145 1277 2219 6,
1294 2162 1320 2203 3.
1336 2147 1366 2217 7,
1378 2141 1396 2218 5
1409 2142 1439 2202 3.
1456 2138 1546 2202 Unde
1560 2139 1671 2200 saltem

46 2223 137 2285 dentes
150 2225 190 2286 da
204 2245 270 2289 non
284 2229 418 2290 volendo
433 2230 529 2292 talem
539 2228 697 2306 maritum,
710 2229 736 2289 si
750 2246 822 2306 pos-
876 2233 930 2293 ubi
945 2230 1030 2293 Trid.
1054 2248 1118 2292 non
1133 2236 1180 2291 est
1202 2234 1374 2309 receptum,
1391 2245 1448 2306 per
1462 2227 1521 2288 hoo
1536 2225 1671 2288 convali-

47 2311 184 2373 teaetiam
201 2320 394 2378 concurrant
412 2317 538 2378 aliunde
549 2315 818 2396 praesumptiones.
877 2317 971 2380 datur
997 2318 1255 2394 Matrimonium,
1288 2316 1372 2396 quod
1399 2318 1470 2395 post
1496 2314 1671 2376 nullitatem

45 2401 69 2458 4.
85 2397 122 2461 oi
143 2401 220 2462 nulli
246 2404 471 2484 consanguinei
499 2404 591 2482 illius,
622 2405 675 2485 qui
703 2409 822 2466 metum
877 2404 989 2483 prioris
1012 2405 1201 2469 Matrimonii
1225 2410 1312 2467 tanto
1345 2407 1486 2482 tempore
1510 2400 1672 2466 cohabita-

5 2539 7 2566 ,
45 2503 137 2566 possus
155 2493 212 2566 est,
243 2492 480 2556 intervenerint.
502 2497 532 2556 6.
562 2495 593 2556 Si
623 2493 711 2574 quasi
740 2495 823 2555 clam
877 2493 949 2571 rint,
966 2499 1020 2556 aut
1034 2498 1143 2575 sponte
1163 2494 1309 2575 copulam
1330 2491 1509 2570 habuerint,
1526 2492 1671 2571 quamvis

5 2619 6 2664 3
46 2578 70 2636 et
87 2581 172 2638 noctu
200 2579 298 2642 initus
321 2581 361 2644 sit
378 2587 567 2644 contractus.
589 2587 620 2646 t.
642 2582 675 2645 Si
703 2587 822 2643 metum
877 2581 937 2642 levi
960 2587 1046 2644 metu
1069 2587 1241 2660 extortam,
1266 2599 1327 2643 non
1356 2586 1483 2657 tamen,
1509 2581 1534 2641 si
1558 2579 1669 2661 gravi,

5 2685 7 2722 l
46 2661 161 2726 iniamus
179 2666 419 2730 volueritcelari
440 2669 688 2732 matrimonium.
704 2672 823 2731 Potest·
877 2669 991 2731 Saneh.
1019 2670 1041 2731 l.
1066 2674 1096 2748 4,
1121 2669 1151 2732 d.
1172 2673 1228 2747 l8,
1254 2671 1285 2730 et
1309 2667 1427 2730 Sebild.
1453 2686 1536 2750 supr.
1564 2667 1672 2729 Refert

46 2767 94 2828 que
107 2750 200 2814 videri
215 2754 280 2816 late
303 2755 342 2817 de
367 2756 416 2816 his
439 2757 596 2820 disserens
611 2758 741 2837 Sperell.
758 2756 820 2818 dec.
877 2757 1005 2837 quidem
1019 2759 1148 2821 Barbos.
1166 2758 1199 2818 ia
1214 2755 1336 2819 Collect.
1352 2753 1527 2825 Bellorum,
1556 2753 1590 2816 V.
1607 2756 1673 2817 Mo-

45 2840 69 2912 5,
81 2842 124 2918 44,
138 2844 186 2919 49,
202 2845 256 2921 aa,
274 2844 326 2906 ubi
340 2845 517 2924 specialiter
530 2845 590 2908 dec.
604 2850 633 2921 5,
651 2847 820 2923 examinat,
876 2843 1056 2914 trimontium,
1071 2863 1104 2926 p.
1120 2847 1171 2921 45,
1188 2845 1270 2906 bano
1289 2841 1534 2904 declarationem
1553 2844 1669 2923 Gongr.

5 2967 7 3010 q
46 2929 229 3005 quandonam
243 2937 356 3010 metus,
371 2934 420 2994 vel
435 2934 503 3016 ejus
517 2934 670 2996 inferendi
685 2933 821 3013 suspicio
876 2929 961 2992 rrid.
978 2930 1202 2992 Matrimonium
1216 2937 1431 2990 contractumo
1443 2926 1513 3008 filia
1532 2947 1590 3009 per
1613 2948 1671 2990 me

46 3012 129 3078 4334434
145 3020 392 3084 matrimonium.
405 3025 561 3084 Praeterea
570 3023 621 3084 hio
637 3022 689 3084 ubi
704 3023 821 3102 ubique
877 3028 938 3080 tom
953 3038 972 3082 a
985 3029 1081 3082 matre
1094 3019 1226 3088 illatum,
1238 3027 1277 3080 ert
1287 3017 1464 3086 inualidum,
1480 3017 1596 3080 etiamsi
1608 3037 1671 3080 mre

5 3103 8 3162 l
47 3103 158 3181 Sperell.
187 3108 329 3171 admittit
355 3111 497 3190 regulam
524 3111 628 3188 istam,
658 3110 743 3191 quod
771 3127 819 3187 ea,
877 3108 935 3170 tier
956 3118 1063 3171 metam
1078 3129 1167 3191 pasca
1178 3127 1234 3190 per
1247 3107 1355 3168 multos
1369 3125 1459 3168 aanor
1471 3115 1536 3187 posi
1549 3116 1672 3170 mortem

47 3208 103 3270 qua
115 3213 174 3256 non
188 3197 328 3276 probant
340 3199 475 3279 singula,
492 3199 584 3260 simul
605 3203 731 3278 sumpta
749 3215 822 3277 pro·
873 3199 1068 3277 pamamcrit
1088 3217 1154 3260 cum
1168 3197 1287 3273 marito,
1302 3205 1331 3257 et
1352 3195 1431 3276 filios
1448 3196 1672 3276 procreaverit:

5 3333 7 3362 ,
47 3277 248 3362 hampossiut.
261 3289 305 3348 lle
320 3287 508 3367 conjecturis
517 3287 596 3350 illati
610 3292 712 3349 metus
726 3287 822 3348 etiam
876 3285 1033 3365 sedLugo
1057 3286 1090 3346 ia
1110 3284 1198 3366 44333.
1215 3282 1294 3344 Mor.
1311 3281 1334 3345 l.
1351 3283 1381 3359 3,
1398 3280 1466 3344 dab.
1490 3285 1539 3352 46,
1561 3302 1592 3344 a.
1618 3285 1669 3360 45,

5 3371 7 3412 ῑ
47 3366 133 3448 aliqua
145 3372 244 3437 habet
256 3375 296 3436 da
310 3378 395 3437 buca
408 3375 443 3437 de
456 3374 563 3437 Mostr.
579 3374 633 3438 dr'r.
650 3379 680 3438 6.
876 3377 965 3450 33434
983 3372 1053 3434 ideo
1069 3391 1147 3448 essa,
1165 3370 1240 3452 quia
1258 3369 1465 3449 congregatio
1484 3370 1673 3450 loquebatur

5 3413 29 3506 b
76 3456 146 3535 444.
163 3461 221 3534 034
238 3479 276 3522 ex
294 3465 380 3524 metu
394 3463 482 3542 gravi
497 3464 656 3525 consensit
668 3463 700 3524 in
715 3463 821 3525 matri·
876 3459 915 3520 de
935 3460 1004 3522 loco
1026 3460 1079 3522 ubi
1094 3459 1315 3522 'tridentinum
1328 3462 1411 3518 esset
1424 3463 1598 3537 receptum,
1614 3476 1672 3538 pro

5 3547 6 3584 ³
47 3546 176 3627 nonium,
192 3567 259 3612 nou
273 3555 376 3630 potest
389 3552 506 3614 babere
522 3569 614 3614 usum
628 3550 821 3614 matrimonii
876 3565 938 3626 quo
949 3548 1115 3610 videbatur
1125 3565 1264 3624 censere,
1277 3545 1362 3627 quod
1372 3545 1485 3608 iterum
1496 3547 1673 3626 requirere-

5 3603 15 3750 4
47 3633 102 3694 etsi
114 3635 264 3717 impedire
278 3643 390 3718 potest,
407 3646 462 3703 aut
476 3641 500 3702 si
515 3640 556 3702 sit
569 3640 744 3719 periculum
754 3644 822 3702 tur·
875 3641 927 3700 tur
943 3636 1119 3700 assistentia
1130 3636 1277 3720 Perconi,
1290 3641 1322 3696 et
1335 3635 1472 3697 testium.
1485 3633 1570 3696 Daui:
1587 3641 1673 3714 post-

47 3720 84 3798 pis
105 3740 292 3803 cousensus,
321 3729 490 3808 nequidem
518 3727 699 3808 permittere
727 3727 822 3789 debet
876 3743 971 3804 quam
986 3725 1121 3788 cessavit
1139 3743 1235 3788 causa
1249 3727 1362 3801 metus,
1379 3741 1442 3785 non
1456 3721 1482 3783 si
1497 3741 1593 3786 caasa
1606 3741 1672 3784 me-

5 3793 7 3844 4
47 3812 334 3890 wardastalla,
349 3815 454 3895 reipsa
468 3815 552 3876 enim
572 3816 635 3876 tale
659 3816 821 3878 matrimo-
875 3812 1039 3875 tusadhuc
1057 3813 1159 3890 durat,
1176 3817 1265 3874 actus
1279 3809 1672 3892 quantumlibet'diuseou-

5 3907 7 3958 l
48 3897 116 3960 34333
129 3907 174 3965 334
191 3903 389 3966 invalidum:
413 3923 489 3987 ergo
504 3906 574 3986 plus
588 3905 633 3966 eis
647 3922 710 3967 non
734 3903 817 3982 licet,
876 3903 1132 3982 tuspraeeumitur
1146 3921 1184 3962 ex
1198 3899 1672 3981 praecedentimetugestusmeo

5 3959 8 4040 4
48 4001 124 4063 quam
137 3991 264 4054 omnino
279 3992 398 4055 solutis.
875 3997 992 4070 purgat
1013 3993 1132 4052 metum
1147 3988 1398 4063 antecedentem,
1416 3985 1460 4047 uti
1483 4003 1520 4047 ex
1540 3987 1616 4048 4333
1641 3991 1673 4050 34

76 4075 146 4154 tlt.
162 4080 252 4154 Quod
266 4085 390 4162 gestum
404 4085 452 4144 cst
464 4101 522 4162 per
535 4087 666 4153 matum,
684 4083 709 4144 si
725 4100 821 4144 33333
875 4078 1064 4140 Auctoribus
1081 4079 1195 4158 probat
1217 4076 1348 4156 Sperell.
1374 4073 1434 4135 dcc.
1452 4076 1500 4151 44,
1524 4093 1555 4134 3.
1580 4078 1629 4152 49,
1645 4084 1673 4138 cc

49 4171 131 4228 uem
151 4172 263 4246 cesset,
288 4171 478 4232 convalescit
498 4189 555 4251 per
577 4171 820 4252 subsequentem
876 4163 937 4226 dec.
953 4169 1003 4244 80,
1021 4185 1083 4228 aa.
1100 4170 1131 4226 4.

49 4253 268 4318 mtitimtionem
281 4257 376 4320 etiam
390 4259 516 4322 tacitam
530 4264 653 4323 tantum
665 4261 685 4336 ¹,
701 4263 736 4321 ut
754 4259 820 4338 plu-

49 4338 117 4404 ribus
134 4344 273 4408 declarat
289 4347 420 4426 Sperell.
437 4347 497 4410 dec.
514 4351 565 4412 80.
588 4347 821 4411 Matrimonium
876 4343 916 4404 ad
931 4341 1076 4421 copulam
1090 4345 1221 4422 cogatur
1234 4344 1321 4402 metu
1341 4340 1461 4417 mortis,
1479 4341 1557 4402 Nav.
1582 4339 1668 4417 Sylv.

48 4429 134 4493 tamen
147 4451 184 4494 ex
198 4441 286 4496 metu
300 4434 411 4496 initum
429 4437 603 4498 secundum
620 4453 821 4498 communem
875 4430 1004 4511 Henriq.
1029 4430 1144 4492 Saneh.
1161 4427 1242 4491 Kon.
1259 4430 1351 4491 Pont.
1368 4433 1400 4490 et
1420 4426 1471 4490 alii
1494 4428 1602 4491 dicunt
1615 4445 1672 4506 po-

5 4541 7 4580 r
48 4520 435 4601 conmanducatam.
453 4525 821 4602 l9,nonvalidaturper
875 4519 937 4582 tius
952 4519 1067 4582 debere
1089 4518 1195 4580 subire
1209 4522 1356 4594 mortem,
1374 4535 1470 4596 quam
1488 4517 1673 4582 4334333333-

5 4591 7 4702 4
48 4608 171 4685 copulam
194 4611 338 4674 similiter
351 4631 389 4674 ex
401 4618 488 4675 metu
503 4614 629 4692 factam,
646 4619 700 4675 aut
718 4631 756 4674 ex
771 4630 821 4672 er·
875 4609 994 4687 pulum,
1011 4608 1085 4687 qnia
1098 4606 1189 4669 sicuti
1205 4606 1440 4669 Matrimonium
1455 4625 1493 4667 ex
1510 4607 1563 4668 tali
1585 4610 1671 4668 metu

5 4705 7 4752 l
49 4709 114 4773 rore,
128 4701 211 4779 quod
231 4700 336 4762 valeat
349 4702 595 4780 matrimonium,
613 4707 668 4764 aut
681 4719 719 4762 ex
732 4717 821 4761 mera
875 4701 1070 4759 contractum
1085 4702 1132 4759 est
1146 4716 1185 4757 cx
1199 4695 1402 4774 dispositione
1422 4695 1569 4758 Ecclesia
1583 4695 1673 4756 invu-

5 4773 7 4864 4
48 4779 166 4865 libidine,
190 4787 428 4867 multominus,
454 4791 650 4853 sillatcum
674 4807 821 4870 expresso
874 4784 985 4862 lidum,
1012 4785 1056 4848 ita
1079 4783 1253 4847 invalidum
1277 4784 1427 4862 manebit,
1454 4784 1597 4865 quamvis
1617 4781 1672 4844 tali

5 4915 7 4974 q
48 4866 209 4938 trimonou
223 4875 371 4939 manendi
386 4878 417 4940 in
431 4878 641 4942 Matrimonio.
658 4879 683 4942 ll
698 4883 817 4954 contro,
875 4874 988 4952 copula
1007 4877 1253 4951 consummetur,
1270 4876 1381 4953 peccat
1403 4876 1510 4936 autem
1532 4870 1672 4936 mortali-

914 4255 995 4332 §¹9-
1018 4253 1049 4316 Si
1074 4257 1200 4316 coactus
1224 4252 1265 4314 ad
1289 4251 1550 4330 contrahendum,
1576 4253 1671 4314 etiam
1697 4263 1739 4310 333

75 5218 226 5285 *omentum
241 5223 306 5272 tenet
319 5233 351 5272 ec
364 5223 390 5274 S.
406 5223 434 5274 C.
448 5223 570 5288 rescripto
585 5223 611 5272 ia
625 5221 724 5286 4443334.
733 5224 762 5272 44
773 5221 786 5272 4
790 5237 821 5271 u·
876 5221 967 5282 batur,
980 5219 1104 5271 adhibita
1119 5233 1212 5270 rursus
1226 5215 1347 5284 ejusdem
1361 5215 1474 5271 concilii
1494 5217 1588 5268 formu.
1603 5215 1672 5267 idam

50 5285 152 5352 aditos,
167 5291 205 5342 aa
225 5291 329 5342 3334433
350 5293 434 5344 Hodie
455 5297 516 5358 post
538 5291 727 5343 'tridentinum
750 5292 822 5342 Cou-
869 5290 976 5340 recoluit
990 5291 1016 5340 S.
1033 5290 1060 5340 C.
1076 5291 1102 5338 in
1112 5289 1413 5354 Constantinopolitano
1429 5291 1458 5339 ld
1472 5287 1584 5339 Decernd.
1602 5289 1671 5347 4434,

50 5353 124 5408 tilium
146 5363 349 5413 Matrimonium
380 5366 452 5414 metu
481 5366 670 5424 contractum,
702 5366 729 5413 34
756 5375 822 5427 pur·
876 5359 1140 5412 ctinllintimiliensi
1156 5361 1317 5410 4434343344
1333 5359 1671 5425 44334443444433444444,

49 5431 98 5486 4444
105 5435 174 5483 metu
188 5447 237 5498 per
252 5433 484 5485 cohabitationem
498 5447 561 5484 cum
575 5435 821 5494 consummatione,
877 5447 932 5496 quor
945 5432 1055 5480 34433433
1067 5431 1090 5480 Τ.
1107 5433 1134 5489 73
1149 5429 1197 5480 Tb.
1208 5431 1294 5481 443334.
1302 5445 1328 5494 3.
1341 5433 1384 5481 464
1399 5433 1423 5478 et
1437 5431 1490 5480 tol.

51 5492 151 5563 ultorque
163 5507 239 5554 aelus
263 5515 319 5554 non
333 5503 509 5565 convalidari,
526 5505 580 5556 uisi
600 5505 699 5556 iterum
714 5509 821 5554 contra·
