3986 6350
689 581 967 650 necaremus
1598 583 1657 651 337

26 760 172 832 meede
195 771 228 830 et
245 767 374 832 mucre
400 769 594 832 coarctatam
621 768 733 832 habuit
752 789 808 850 ap·
861 769 936 832 satis
951 786 1030 847 esse,
1046 767 1131 850 quod
1145 765 1242 832 semel
1256 769 1449 850 approbatus
1463 769 1504 832 sit
1517 788 1574 850 pro
1589 789 1653 832 una

26 857 247 938 probationem.
263 857 325 920 Sed
340 857 466 938 quando
481 859 666 938 approbatio
680 859 810 922 restrin-
862 857 1005 934 Dioecesi,
1022 862 1056 919 ιιι
1069 856 1168 936 possit
1181 857 1254 937 eligi
1269 857 1300 919 in
1315 876 1364 936 ea,
1381 858 1514 921 durante
1529 858 1604 926 vita.
1621 865 1654 921 et

25 944 99 1026 gion
115 943 155 1007 ob
168 944 204 1006 id
218 949 353 1024 tautum,
371 944 457 1026 quod
472 946 513 1007 ad
534 945 810 1026 quadragesimum
858 943 1074 1026 jurisdictione
1089 945 1245 1026 Episcopi,
1261 964 1280 1008 a
1294 965 1356 1027 quo
1371 945 1430 1010 fuit
1444 947 1651 1027 approbatos,

28 1033 118 1096 atatis
131 1051 253 1096 annum
267 1052 329 1096 non
344 1033 534 1114 pervenerit,
549 1039 585 1097 ιιι
605 1036 813 1099 communiter
862 1033 921 1094 nisi
935 1033 1014 1096 forte
1028 1033 1134 1113 aliqua
1147 1033 1366 1114 urgentissima
1381 1035 1532 1098 exstiterit
1545 1053 1652 1114 causa,

26 1121 96 1182 solet
113 1138 132 1183 a
147 1120 290 1183 Praelatis
305 1122 468 1200 coarctari,
484 1122 623 1186 secunda
635 1122 740 1203 opinio
753 1122 812 1185 de·
859 1121 995 1204 juridice
1017 1122 1170 1201 probata,
1195 1127 1230 1185 ut
1259 1124 1325 1204 ipse
1347 1125 1555 1204 reprobetur;
1580 1123 1655 1205 quia

26 1213 69 1270 cet
94 1227 110 1270 e
140 1209 395 1290 quibuscumque
423 1210 496 1290 eligi
532 1228 623 1290 posse
655 1211 807 1290 personis.
863 1209 937 1272 dieti
956 1209 1168 1274 Mendicantes
1188 1211 1328 1290 gaudent
1348 1211 1602 1293 hocprivilegio;
1619 1215 1655 1272 ut

26 1298 115 1368 onam
141 1299 325 1377 opinionem
348 1298 430 1360 ultra
444 1298 550 1378 plures
565 1299 807 1380 ejusrluctores‚
863 1298 1027 1378 approbati
1054 1297 1151 1359 semel
1178 1299 1218 1360 ab
1245 1318 1308 1362 nno
1331 1301 1486 1381 Episcopo
1509 1319 1566 1380 pro
1589 1317 1655 1360 una

26 1383 212 1464 probabilem
238 1386 336 1448 etiam
359 1386 473 1448 docent
494 1385 630 1449 Thomas
648 1385 810 1450 sanabat
863 1386 1007 1464 Dioecesi,
1022 1404 1085 1446 non
1108 1386 1228 1466 possint
1248 1387 1280 1448 in
1304 1389 1416 1450 cadem
1435 1387 1595 1468 reprobari
1613 1383 1654 1448 nb

26 1471 113 1533 Ιιιιιιιιι
134 1471 224 1534 citati
250 1492 270 1534 a
296 1473 477 1537 Trullencb.
493 1474 585 1538 Bosio
607 1479 638 1538 et
656 1478 744 1553 Lugo
766 1472 810 1534 ci·
863 1473 975 1536 eodem
988 1473 1223 1553 Episcoposine
1238 1493 1343 1538 cause.
1359 1478 1469 1555 ltaque
1484 1475 1654 1536 inrevoca-

24 1559 71 1621 tati
95 1578 113 1620 a
134 1559 284 1623 Leandro
301 1580 309 1634 ;
335 1561 478 1643 quamvis
505 1565 592 1644 Lugo
620 1559 809 1625 contrariam
862 1561 1000 1624 tionibus
1013 1562 1223 1640 generalibus,
1240 1581 1317 1644 quas
1331 1563 1511 1643 promulgat
1524 1563 1654 1643 Episco-

24 1653 172 1728 requatur,
201 1652 237 1711 nt
261 1650 370 1712 ridere
389 1651 462 1714 licet
484 1653 568 1730 apud
594 1650 707 1714 Mando
731 1647 806 1732 disp.
862 1669 921 1730 pus
935 1651 1021 1712 circa
1036 1651 1278 1730 approbationes
1292 1651 1571 1728 confessariorum,
1591 1670 1654 1715 nen

24 1737 64 1814 ιι,
76 1755 153 1798 arcu.
171 1739 224 1799 68.
862 1737 1301 1802 revocanturMendioantinm
1312 1739 1565 1819 approbationes,
1576 1757 1655 1818 quos

54 1828 81 1886 t.
96 1825 184 1898 Quod
198 1825 224 1886 si
236 1824 308 1905 quis
318 1825 515 1903 approbatus
525 1831 637 1905 estpro
649 1843 711 1888 uno
724 1827 805 1906 loco,
862 1827 958 1889 semel
973 1825 1169 1905 approbavit.
1187 1828 1300 1904 Quare,
1317 1827 1421 1896 adbuc
1439 1831 1511 1906 post
1524 1845 1655 1889 revoca-

23 1929 48 1976 ι.
61 1932 89 1992 g.
99 1913 302 1989 rusticorum,
313 1914 455 1993 quamvis
465 1915 554 1977 multi
564 1913 804 1994 sentiantpossc
861 1915 962 1978 tiones
977 1933 1040 1992 eas,
1057 1919 1188 1992 possunt
1201 1914 1251 1976 isti
1266 1915 1350 1995 eligi,
1366 1914 1481 1976 virtnte
1496 1914 1603 1976 Bulla.
1616 1915 1657 1976 nt

23 1999 124 2080 ubique
147 2018 206 2079 per
220 2001 341 2061 bullam
365 2001 449 2080 eligi,
470 2001 522 2064 alii
546 1999 730 2080 advertunt,
754 2001 806 2063 alii
861 2003 929 2065 baec
944 2006 991 2064 est
1004 2001 1146 2062 emnium
1160 2002 1335 2064 communis
1350 2000 1466 2081 opinio.

23 2091 206 2168 supponunt,
231 2087 318 2168 quod
342 2087 367 2148 si
387 2088 454 2150 baec
477 2088 646 2152 connotatio
667 2106 724 2168 pro
744 2106 807 2150 uno
900 2094 930 2155 8.
947 2088 1036 2163 Quod
1050 2106 1123 2149 oum
1137 2087 1169 2148 in
1183 2089 1272 2149 Bulla
1281 2089 1392 2151 Latina
1403 2090 1549 2168 legantur
1558 2087 1656 2150 verba

23 2173 80 2236 loco
93 2181 138 2236 est
151 2176 193 2237 ob
208 2175 349 2237 scientiae
364 2175 532 2256 defectum,
545 2195 607 2238 non
621 2177 720 2256 possit
734 2177 808 2256 eligi
860 2180 921 2241 ista
937 2198 946 2239 :
962 2176 1008 2238 Et
1027 2177 1106 2258 quod
1122 2175 1293 2257 deputares,
1318 2178 1373 2260 qui
1389 2176 1478 2238 senei
1495 2174 1656 2258 approbati

23 2263 71 2324 nisi
83 2263 121 2325 ab
138 2263 253 2325 incolis
274 2263 343 2345 ejus
364 2264 435 2327 loci.
453 2265 570 2328 Leand.
590 2271 697 2328 tamen
711 2265 807 2326 sentit
860 2267 992 2348 sumat:
1005 2264 1130 2326 videtur
1142 2264 1300 2342 sullicere,
1318 2265 1403 2344 quod
1418 2266 1590 2344 Regulares
1604 2283 1655 2326 se·

24 2352 107 2431 qnod,
136 2351 285 2434 quamvis
312 2352 482 2415 coarctatio
510 2353 551 2416 sit
578 2352 619 2414 ob
646 2352 804 2414 defectum
861 2353 922 2414 mel
944 2350 1168 2431 approbentur,
1185 2356 1220 2411 nt
1240 2367 1375 2431 semper,
1401 2357 1433 2414 et
1454 2352 1487 2412 in
1510 2350 1653 2430 qualibet

22 2439 155 2516 menna,
171 2438 275 2519 possit
289 2438 361 2518 eligi
383 2437 415 2499 in
439 2444 505 2502 totu
523 2439 667 2516 Dioecesi‚
685 2441 716 2500 et
731 2456 807 2500 con·
860 2439 1012 2512 Dioecesi;
1029 2442 1061 2500 et
1073 2438 1140 2500 sine
1154 2437 1339 2500 limitatione
1353 2436 1653 2519 aliquapossinteli·

22 2534 175 2608 sequenter
188 2531 316 2606 poterat
335 2545 486 2604 asserere,
503 2528 619 2607 ubique
643 2525 715 2606 eligi
730 2544 807 2605 pos·
860 2528 892 2608 gi
909 2547 916 2588 :
933 2529 1008 2608 quia
1029 2525 1194 2607 privilegia
1210 2526 1308 2588 bullae
1329 2526 1515 2606 explicanda
1528 2529 1602 2588 sunt
1616 2543 1655 2586 ea

23 2627 61 2686 sc,
71 2613 141 2692 quia
149 2614 233 2676 ratio
245 2614 379 2676 Leandri
391 2615 554 2694 aequaliter
566 2614 680 2694 probat
689 2617 806 2676 utrum·
859 2613 1033 2693 latitudine,
1059 2632 1122 2694 qua
1139 2615 1286 2687 favores;
1313 2619 1344 2677 et
1357 2615 1410 2678 illa
1424 2615 1523 2678 verba
1543 2614 1576 2674 in
1591 2612 1652 2676 hoo

23 2715 84 2778 que.
100 2700 161 2764 Sed
177 2701 424 2782 consequentius
438 2702 549 2783 reliqui
564 2704 807 2783 negantAucto-
860 2719 953 2764 sensu
977 2703 1044 2764 sine
1067 2702 1214 2765 violentia
1240 2701 1531 2782 interpretationem
1558 2703 1652 2764 istum

22 2803 78 2862 ras,
101 2787 176 2870 qnia
199 2789 389 2869 approbatio
410 2794 458 2852 est
480 2808 570 2870 uque
593 2789 806 2852 testimonium
861 2789 1041 2853 admittunt.

23 2874 156 2952 seientia,
174 2895 215 2938 ac
228 2875 392 2956 gravitatis
406 2895 542 2954 morum,
555 2877 648 2957 etqui
659 2876 700 2938 ob
711 2875 805 2956 hujus
900 2881 930 2940 9.
946 2877 1036 2951 Quod
1051 2877 1224 2956 Regularis,
1237 2895 1332 2958 qoem
1349 2877 1533 2957 Superiores
1547 2876 1595 2939 sui
1611 2875 1651 2940 ab

6 2961 171 3041 {gravitatis
195 2964 356 3026 defectum
378 2982 440 3025 non
462 2964 656 3044 approbatur
678 2962 737 3024 nisi
766 2962 806 3024 ad
860 2965 1024 3028 audiendis
1036 2966 1204 3045 pmhibent
1217 2965 1475 3042 confessionibus,
1492 2966 1517 3027 si
1539 2981 1656 3043 appro-

24 3049 184 3116 audiendos
194 3053 352 3129 homines,
366 3053 504 3114 sentiunt
514 3070 622 3116 omnes
631 3052 734 3132 ipsum
745 3069 807 3113 non
860 3055 952 3116 batus
973 3059 1020 3115 est
1041 3054 1082 3116 nb
1105 3053 1292 3131 Ordinario,
1317 3054 1417 3133 possit
1439 3053 1512 3134 eligi
1539 3053 1655 3116 virtute

6 3153 100 3216 ¹posse
120 3159 140 3202 a
159 3141 289 3203 feminis
315 3141 388 3222 eligi
410 3160 467 3220 per
488 3142 621 3203 Bullam.
639 3143 734 3221 Ergo,
751 3139 806 3219 qui
860 3141 968 3220 Bulloe,
985 3141 1060 3222 quia
1073 3142 1104 3204 in
1120 3143 1172 3205 illo
1194 3148 1385 3206 concurrunt
1399 3161 1507 3204 omues
1524 3141 1657 3221 requisi·

22 3225 56 3288 ob
74 3227 232 3290 deiectum
254 3227 391 3289 scientim
415 3246 478 3288 non
506 3227 713 3306 approbatur,
741 3227 799 3288 nisi
861 3228 1116 3294 taeconditiones.
1129 3232 1175 3291 An
1187 3233 1307 3308 peccet,
1318 3247 1427 3306 necne,
1440 3227 1571 3290 audiens
1583 3244 1655 3290 con·

23 3329 72 3392 pro
84 3332 143 3377 uno
156 3315 243 3392 loco,
265 3312 318 3393 qui
334 3319 381 3374 est
394 3311 594 3392 rusticorum,
610 3331 672 3375 non
687 3314 802 3393 poterit
862 3318 1012 3380 fessiones
1034 3321 1144 3380 contra
1165 3317 1341 3397 Superioris
1360 3322 1570 3396 praeceptum,
1592 3315 1658 3378 col·

7 3397 83 3480 eligi
105 3401 144 3462 ab
167 3401 225 3478 iis,
255 3418 313 3480 pro
342 3400 454 3482 quibus
473 3399 635 3481 judicatur
658 3399 803 3480 ignarus,
861 3405 915 3486 ligi
931 3409 1034 3485 potest
1047 3423 1085 3465 ex
1094 3403 1347 3482 circumstantiis,
1358 3404 1504 3482 almodo,
1520 3419 1582 3484 quo
1593 3401 1656 3466 tale

7 3487 150 3550 <macer
164 3498 239 3550 tom.
256 3492 288 3566 5,
307 3498 394 3550 trnct.
410 3491 440 3566 5,
456 3488 532 3570 disp.
550 3492 597 3566 ll,
614 3497 717 3570 quest.
733 3493 784 3552 69.
863 3499 1057 3575 praeceptum
1071 3491 1253 3570 impositum
1267 3491 1335 3555 fuit.

7 3579 9 3646 Ῐ
54 3578 82 3638 b.
97 3577 196 3654 llum,
215 3577 269 3660 qui
292 3577 485 3658 approbatus
507 3576 566 3639 fnit
586 3595 645 3656 pro
658 3576 806 3640 determi-
904 3585 952 3646 ιι).
969 3583 1064 3642 Posse
1078 3579 1174 3642 etiam
1187 3578 1259 3658 eligi
1275 3576 1507 3640 Confessarium
1522 3579 1654 3658 ltegulo·

7 3668 87 3726 ¹atate
110 3671 268 3746 tempore,
290 3683 381 3746 posse
404 3684 462 3745 per
479 3664 601 3726 Bullam
622 3663 711 3745 eligi,
732 3669 808 3728 tem·
863 3687 941 3745 rem,
966 3667 991 3729 si
1013 3666 1205 3746 approbatus
1223 3667 1325 3728 estab
1347 3665 1530 3743 ordinario,
1547 3684 1659 3748 quem·

7 3765 92 3832 ,pore
102 3752 210 3816 adbuc
224 3758 394 3815 transacto.
410 3755 449 3814 nt
468 3752 611 3832 quamvis
630 3752 809 3832 opinionem
862 3755 910 3816 vis
924 3773 944 3815 a
958 3753 1125 3833 Superiora
1143 3752 1270 3832 proprio
1290 3751 1461 3815 confuerit
1483 3757 1657 3832 presente·

7 3837 105 3918 g'ntam
125 3859 190 3904 non
214 3841 352 3904 sentiant
367 3839 577 3904 communiter
594 3842 747 3903 ductores
760 3859 809 3902 so-
862 3848 924 3919 tus,
941 3844 1031 3905 Suar.
1048 3851 1071 3903 t.
1086 3845 1117 3919 l,
1133 3842 1165 3904 ιιι
1179 3844 1209 3919 3,
1218 3861 1250 3922 p.
1266 3839 1296 3902 d.
1313 3844 1364 3918 28,
1379 3849 1447 3902 sect.
1463 3842 1494 3918 5,
1511 3859 1542 3901 n.
1560 3845 1609 3904 lt.

7 3925 123 3992 {eunde
145 3931 322 4011 opinionis,
342 3935 447 3993 tamen
467 3929 549 3990 hanc
563 3927 678 3992 docent
693 3932 809 3992 Acesta
904 3933 952 3991 ll.
972 3929 1133 3996 ficarium
1145 3927 1290 4005 Parochi,
1307 3931 1474 4008 postquem
1496 3929 1653 3990 Parocbus

7 4009 133 4094 findat.
150 4027 257 4100 quaest
273 4022 324 4096 39,
340 4023 372 4080 ct
380 4017 523 4081 Leander
532 4017 584 4079 ubi
599 4027 806 4100 supraquest.
864 4015 978 4080 desinit
991 4017 1150 4080 Parecbus
1164 4033 1243 4092 esse,
1260 4015 1319 4076 uisi
1328 4014 1445 4078 babeat
1458 4015 1654 4096 approbatio·

7 4103 67 4182 {rt
81 4107 142 4170 Sed
160 4107 228 4186 hic,
243 4125 306 4169 non
321 4106 473 4180 absolute,
490 4105 545 4168 sed
569 4123 655 4182 casu,
673 4125 734 4186 quo
756 4107 810 4168 illa
864 4123 936 4166 nem
951 4105 1011 4167 alio
1026 4105 1127 4182 titulo,
1143 4122 1205 4166 non
1220 4121 1312 4204 posse
1326 4102 1398 4182 eligi
1413 4102 1528 4166 virtute
1542 4104 1652 4179 bullam

7 4185 163 4274 {temporis
178 4193 350 4256 coarctatio
365 4211 385 4254 a
398 4193 465 4254 sola
478 4195 602 4254 tantum
616 4192 738 4255 Praelati
753 4211 809 4254 vo·
864 4193 939 4295 quia
952 4194 1010 4256 etsi
1025 4193 1194 4270 Parocbns,
1211 4209 1264 4272 qur
1256 4189 1454 4252 voluntarie
1464 4191 1655 4254 renuntiavit

7 4249 132 4372 {mate
156 4283 295 4360 fluxerit,
312 4299 374 4344 non
394 4285 500 4344 autem
522 4280 548 4342 si
572 4281 612 4341 ab
635 4279 697 4343 alia
714 4299 810 4344 cansa
863 4282 1041 4346 animarum
1063 4278 1385 4359 curea,pussiteligi‚
1406 4284 1441 4342 ut
1457 4277 1654 4357 dictumest,

7 4359 229 4458 iproeesserit3
253 4369 397 4452 quamvis
420 4368 610 4433 conformius
630 4368 671 4430 ad
692 4369 809 4448 prinoi—
864 4368 924 4432 hoc
945 4371 1016 4432 ideo
1039 4367 1169 4445 accidit,
1187 4366 1262 4447 qnia
1279 4365 1377 4428 babet
1396 4363 1657 4444 approbationem

7 4473 79 4548 pra,
90 4459 334 4542 consequentius
348 4460 506 4521 affirmare
520 4461 627 4540 posset
638 4474 740 4538 magis
755 4457 810 4520 ab·
863 4458 904 4519 ab
926 4457 1077 4534 Ecclesia,
1095 4462 1128 4517 ut
1148 4453 1291 4516 minister
1304 4452 1372 4535 ejus
1393 4452 1549 4533 publicus.
1566 4452 1661 4516 Vica-

7 4541 116 4620 {tolnte
129 4549 288 4612 Leander.
304 4547 407 4612 Minus
422 4547 518 4609 babet
532 4543 786 4626 probabilitatis'
778 4563 810 4606 ιιι
863 4545 929 4608 rios
943 4549 1050 4608 autem
1064 4561 1127 4605 non
1146 4543 1242 4604 habet
1265 4541 1359 4604 talem
1380 4539 1656 4620 approbationem,

7 4625 79 4736 {boc
90 4640 212 4715 puncto
227 4635 367 4698 secunda
381 4633 498 4714 opinio.
864 4634 923 4696 nisi
939 4641 1093 4715 quatenus
1107 4631 1189 4712 gerit
1202 4629 1336 4694 Parochi
1357 4629 1453 4692 vices.
1481 4630 1555 4690 Haec
1574 4626 1658 4688 dioto

7 4725 86 4787 e
108 4725 203 4800 Quod
228 4724 373 4806 quamvis
392 4728 530 4803 nequeat
552 4723 640 4803 eligi,
665 4723 719 4803 qui
740 4725 812 4802 post
864 4725 937 4786 sunt
946 4724 1174 4801 consequenter
1183 4719 1224 4780 ad
1234 4735 1415 4800 opinionem
1426 4732 1572 4796 primam
1585 4713 1659 4795 quia

8 4795 286 4894 *approbationem
305 4813 810 4894 reprobatusfuitjustaoausa,
864 4807 1058 4874 insecundo
1082 4806 1228 4888 opinione
1252 4802 1457 4866 asserendum
1482 4807 1529 4865 est
1548 4817 1656 4863 conse·

8 4881 145 5074 {nando
160 4905 270 4963 temen
285 4901 447 4964 evidenter
461 4901 580 4982 absque
598 4919 694 4964 causa
707 4916 811 4980 repro·
865 4901 998 4981 quanter
1013 4894 1084 4974 eligi
1099 4913 1202 4973 posse.

76 5007 112 5049 ns
134 4989 207 5065 fnit,
223 4987 295 5067 eligi
316 5004 407 5067 posse
430 4987 569 5050 sentiunt
583 4986 738 5060 multi3in
754 4986 812 5048 du·
907 4983 1299 5060 l2.llv1denterrneptum
1314 4976 1660 5060 quamvrsapprobatns

8 4993 85 5154 ξῆο,
95 5094 136 5138 an
150 5093 251 5138 cansa
264 5075 304 5136 ιιι
314 5074 409 5156 poste
425 5077 475 5138 vel
486 5094 560 5154 non
572 5075 667 5138 debet
676 5073 812 5155 pudicam
869 5074 921 5152 sit,
937 5092 1000 5136 non
1015 5089 1106 5152 posse
1120 5069 1314 5151 perltullam
1329 5065 1413 5146 eligi,
1424 5067 1474 5127 vel
1487 5064 1660 5166 ineptitudo

797 5159 1107 5239 -snperrenerit,
1124 5157 1173 5218 iel
1193 5153 1422 5218 antecesserit'
1413 5169 1526 5233 ipsam,
1542 5151 1617 5233 quia
1636 5153 1662 5213 si

867 5246 1073 5326 precesserit,
1090 5243 1184 5306 debet
1197 5240 1385 5321 approbatio
1400 5255 1520 5302 censeri
1512 5239 1664 5317 snbrep-

57 5343 88 5402 'l
102 5339 340 5404 confessarium
354 5338 542 5419 Regularenr
561 5338 685 5401 Ordrnrs
696 5337 814 5402 blandi
866 5335 946 5400 titia.
967 5337 1006 5404 at
1028 5335 1055 5396 si
1076 5331 1215 5397 constitit
1233 5332 1273 5393 de
1288 5327 1522 5407 ineptitudine
1513 5326 1571 5406 rpsi
1590 5325 1665 5428 Epi·

24 5426 117 5493 natis
130 5427 234 5509 (quod
256 5427 342 5488 idem
355 5427 453 5491 sentio
476 5427 516 5489 de
540 5444 739 5509 quocumque
753 5426 815 5488 alio
867 5441 974 5502 scopo,
990 5422 1066 5484 data
1080 5421 1174 5484 etiam
1188 5417 1375 5499 approbatio
1392 5433 1458 5476 non
1473 5415 1558 5476 valet
1566 5413 1665 5493 ,quia

8 5501 132 5632 ¹iilroline
146 5515 317 5598 prrmlegra
325 5514 530 5595 participante
540 5514 813 5596 Mendicantium),
869 5528 933 5575 non
948 5509 1046 5572 babet
1061 5506 1313 5590 jurisdictionem
1338 5501 1555 5584 approbandi
1547 5521 1578 5564 ιιι
1593 5500 1664 5564 des·
