3976 6348
709 615 761 678 un
782 617 986 680 cruscula.
1613 605 1672 682 tra

60 801 158 880 mosius,
179 801 263 865 retuli
287 801 458 865 sententias
481 821 514 865 n.
531 805 570 866 65
585 805 617 866 et
630 802 749 886 aliquid
765 803 818 866 ad·
874 804 1004 866 modum
1017 802 1096 884 legis
1110 822 1165 866 seu
1180 803 1285 867 statuti
1301 804 1486 883 communis,
1503 803 1572 866 lateo
1587 803 1671 866 enim

25 900 27 903 ’
62 892 118 952 dam
129 909 156 952 u.
170 893 233 952 303.
875 897 947 952 sunt
961 897 1123 971 perpetua,
1139 911 1214 969 nou,
1230 892 1256 953 si
1271 893 1311 954 ab
1329 891 1454 954 homine
1470 912 1527 972 per
1541 893 1671 954 modum

35 1028 37 1033 ,
88 981 152 1060 §tu
167 978 310 1042 Voluntas
325 997 381 1041 seu
398 998 566 1043 cousensus
583 981 665 1042 illius
680 981 711 1042 iu
732 981 821 1063 cujus
876 983 1036 1040 sentenuae
1052 979 1083 1039 in
1098 999 1265 1059 personam
1280 981 1514 1060 particularem.

60 1069 170 1130 furorem
181 1085 326 1130 concessa
341 1068 399 1130 fuit
410 1087 551 1147 censura,
569 1070 683 1130 sufficit
697 1070 738 1132 ad
752 1089 822 1132 sus·
914 1069 933 1146 5
948 1069 995 1129 13.
1023 1068 1054 1130 Si
1077 1071 1093 1132 J
1098 1069 1179 1130 udex
1194 1070 1355 1149 precipiat
1369 1071 1461 1131 Petro
1476 1071 1597 1131 solvere
1613 1069 1672 1132 sub
1701 1081 1741 1127 toa

60 1156 223 1237 pendendam
238 1175 416 1235 censuram,
437 1176 476 1218 ne
491 1157 680 1235 incurratur,
697 1176 728 1219 v.
746 1177 778 1237 g.
794 1157 820 1218 si
877 1156 1199 1219 excommunicatione
1221 1157 1288 1235 ipso
1313 1157 1394 1219 facto
1418 1157 1620 1235 incurrendo,
1646 1157 1672 1218 si

60 1243 167 1304 creditor
178 1243 337 1324 indulgeat
350 1246 399 1306 vel
421 1249 569 1324 proroget
591 1245 761 1306 terminum
775 1245 823 1305 in·
876 1263 939 1306 non
955 1245 1056 1306 solvat
1069 1249 1140 1307 aute
1156 1263 1308 1323 mensem,
1321 1251 1352 1308 ot
1365 1249 1475 1308 Petrus
1491 1251 1562 1308 ante
1576 1247 1673 1308 linem

61 1335 97 1392 tra
115 1350 195 1411 quem
216 1331 341 1394 debitor
361 1336 429 1394 erat
441 1333 565 1394 futurus
579 1336 772 1410 consumtus,
790 1333 822 1394 ui
876 1331 993 1393 mensis
1003 1351 1065 1394 non
1076 1333 1188 1412 solvat,
1206 1334 1261 1395 sed
1275 1337 1394 1396 mutato
1410 1333 1569 1396 domicilio
1584 1352 1674 1396 exce·

59 1419 173 1495 solveret,
188 1418 309 1482 debitor
323 1437 386 1481 uon
401 1419 510 1482 incidit
524 1419 556 1480 in
572 1439 749 1498 censuram,
767 1437 823 1480 uc·
877 1421 931 1481 dat
945 1441 962 1482 e
976 1422 1133 1484 territorio
1148 1422 1279 1499 iudicis,
1292 1423 1388 1503 aliqui
1400 1422 1508 1484 dicunt
1522 1441 1595 1484 eum
1609 1441 1673 1484 nou

59 1524 104 1586 pue
116 1509 206 1568 buren
221 1507 359 1568 creditor
373 1526 430 1586 per
443 1508 503 1569 hoc
514 1513 639 1570 exercet
653 1513 759 1570 actum
770 1507 823 1588 ju·
879 1509 1049 1587 incurrere,
1067 1511 1141 1591 quia
1155 1512 1180 1572 si
1194 1512 1298 1573 medio
1315 1515 1456 1590 tempore
1472 1512 1670 1590 appellasset,

72 1591 227 1667 'edictionis;
253 1613 329 1656 nam
351 1595 467 1657 directe
490 1615 552 1657 non
575 1597 738 1676 suspendit
752 1613 822 1658 eam
876 1615 1028 1676 suspensa
1042 1597 1150 1659 fuisset
1161 1597 1337 1679 jurisdictio
1347 1598 1478 1675 iudicis,
1491 1617 1548 1659 nco
1563 1601 1674 1677 postea

74 1699 202 1760 ausuram,
226 1683 282 1744 sed
307 1677 430 1745 tautum
453 1684 603 1747 indirecte
620 1684 752 1764 impedit
765 1683 823 1746 tol·
876 1685 1076 1773 incurrisset:
1094 1704 1169 1765 ergo
1184 1687 1282 1748 multo
1298 1686 1402 1747 minus
1415 1687 1566 1764 incurret,
1584 1685 1609 1746 si
1624 1686 1674 1746 in-

71 1769 128 1830 cudo
148 1788 268 1832 oausam
283 1790 340 1833 seu
355 1773 520 1833 materiam
535 1791 694 1848 censurae3
719 1772 822 1835 ludex
877 1781 964 1836 terea
990 1774 1083 1852 plane
1107 1773 1275 1836 excedate
1300 1774 1518 1854 jurisdictione
1543 1773 1670 1854 judicis.

72 1856 120 1916 uim
132 1858 299 1920 concedens
314 1877 481 1922 censuram
495 1862 527 1922 in
541 1861 676 1940 gratiam
691 1861 822 1922 credito·
877 1861 1062 1940 Oppositum
1077 1866 1184 1924 tenent
1194 1862 1245 1923 alii
1256 1881 1329 1924 oum
1340 1861 1455 1924 Sauch.
1468 1880 1548 1944 supr.
1558 1881 1589 1922 u.
1601 1863 1671 1938 8180,

60 1945 96 2020 u‘s,
116 1965 168 2007 uon
182 1951 326 2010 censetur
340 1949 420 2010 velle
435 1949 534 2029 ligare
549 1950 725 2011 debitorem
740 1951 823 2011 ultra
877 1950 951 2028 quia
972 1949 1122 2012 delictum
1136 1955 1167 2012 et
1188 1950 1386 2013 coutumacia
1408 1951 1472 2028 iam
1487 1953 1628 2030 coeperal
1641 1949 1674 2010 in

58 2033 216 2096 voluntatem
238 2041 269 2098 et
291 2036 497 2098 intentionem
519 2038 694 2114 creditoris,
712 2039 818 2099 lunoc.
877 2037 980 2115 priore
996 2037 1165 2113 domicilio,
1189 2037 1262 2098 hino
1278 2037 1473 2099 communior
1487 2055 1559 2099 cum
1573 2033 1674 2099 Baldo

59 2120 119 2182 lbb.
140 2124 224 2186 Suar.
240 2125 320 2185 Bon.
338 2125 407 2186 Fill.
424 2127 522 2187 castr.
551 2125 581 2187 d.
600 2131 629 2202 l,
646 2144 677 2205 p.
694 2131 723 2202 8,
741 2145 772 2186 n.
788 2128 819 2186 5.
876 2127 971 2200 tenet,
988 2123 1013 2184 si
1028 2125 1130 2188 ludex
1141 2125 1196 2186 tibi
1208 2125 1239 2184 in
1249 2143 1385 2204 persona
1398 2123 1595 2204 prohibuerit
1608 2124 1674 2185 fur-

58 2207 107 2268 llic.
124 2209 149 2271 d.
171 2215 199 2287 ι,
215 2211 245 2271 d.
263 2215 315 2289 25,
342 2219 451 2276 contra
470 2213 557 2298 Sylo.
578 2215 654 2276 Nau.
680 2213 775 2296 Sopr.
792 2219 823 2276 et
877 2215 945 2272 tum
960 2212 1018 2272 sub
1034 2230 1178 2290 censura,
1203 2215 1246 2289 te,
1263 2211 1289 2273 si
1304 2211 1416 2273 fureris
1430 2216 1502 2291 post
1515 2211 1559 2272 ita
1571 2215 1675 2272 mula·

59 2293 123 2355 alios.
144 2297 269 2368 Quando
285 2303 392 2362 autem
415 2319 472 2378 per
486 2302 680 2364 voluntatem
694 2300 822 2363 alterius
876 2301 944 2358 tum
959 2298 1163 2378 domicilium,
1187 2299 1291 2361 adhuc
1315 2318 1384 2361 esse
1408 2299 1579 2378 incursum,
1599 2299 1674 2379 quia

58 2399 162 2446 censura
174 2385 230 2446 fuit
243 2387 285 2447 ad
294 2389 419 2467 tempus
429 2408 593 2468 suspensa,
609 2391 635 2450 si
649 2390 732 2452 intra
746 2389 823 2451 illud
877 2387 982 2466 quoad
988 2386 1238 2466 jurisdictionem
1249 2388 1412 2467 inspicitur
1422 2387 1612 2468 principium
1623 2388 1674 2468 ju-

58 2469 153 2548 lempus
166 2490 350 2534 conoessum
366 2494 427 2536 non
443 2477 508 2551 fiat,
526 2478 611 2556 quod
621 2477 679 2538 sub
690 2495 823 2538 censura
877 2473 970 2535 dicii:
995 2492 1071 2555 ergo
1086 2475 1161 2537 satis
1176 2480 1233 2553 est,
1257 2473 1341 2555 quod
1357 2493 1490 2536 censura
1504 2474 1535 2535 in
1559 2479 1589 2537 te
1610 2475 1675 2535 lata

57 2557 276 2639 precipiebatur,
293 2567 407 2640 putant
416 2565 563 2645 aliquiad
579 2567 692 2628 iterum
707 2566 823 2627 baben·
877 2568 960 2622 esset
990 2563 1048 2623 sub
1077 2562 1255 2625 conditione
1284 2561 1309 2623 si
1332 2563 1452 2623 faceres
1475 2563 1604 2639 furtum,
1630 2561 1674 2622 sio

32 2680 34 2683 ψ
57 2641 111 2704 dam
123 2663 277 2708 censuram
295 2649 420 2728 requiu‘
433 2668 549 2712 novum
564 2658 755 2732 praeoeptum
770 2654 823 2715 lu·
878 2649 962 2710 enim
977 2669 1111 2730 persona
1125 2655 1177 2713 tua
1189 2651 1256 2732 jam
1271 2655 1339 2713 erat
1353 2657 1523 2730 praeveuta.
1549 2651 1610 2712 Nec
1628 2651 1674 2712 ote

57 2729 122 2792 dus.
145 2735 199 2795 lllii
222 2736 418 2814 probabilius
439 2743 567 2818 negant,
591 2741 665 2820 quia
679 2741 823 2802 voluntas
875 2745 944 2817 star,
961 2740 1045 2818 quod
1061 2739 1135 2822 Cap.
1152 2743 1182 2817 2,
1199 2739 1234 2800 de
1247 2748 1335 2801 conat.
1352 2739 1382 2799 io
1395 2743 1426 2816 6,
1451 2739 1512 2818 §l,
1533 2739 1670 2815 dicatur,

41 2817 148 2883 ..luditis
166 2822 231 2900 fuit,
258 2829 295 2886 ιιι
317 2824 469 2904 ligaretur
492 2846 626 2889 censura
649 2828 824 2890 secundum
877 2824 1518 2908 Eccommanicutiocontrudelc‘quentecnon
1534 2826 1612 2908 lipat
1626 2826 1673 2887 de·

41 2907 218 2971 'voluntatem
232 2912 375 2990 alteriue,
387 2913 417 2974 in
430 2915 518 2995 cujus
527 2916 662 2994 gratiam
672 2917 743 2979 tulit
752 2936 822 2978 oen·
878 2916 1037 2998 linquentes
1058 2925 1146 2978 extra
1167 2915 1362 2992 tern'tort'um,
1387 2934 1456 2976 nom
1477 2915 1615 2995 loquitur
1634 2915 1674 2975 de

38 3032 39 3035 ι
55 3009 137 3056 suram
153 3017 159 3058 :
175 3017 247 3079 ergo
258 3001 385 3080 quando
396 3002 540 3064 voluntas
551 3004 603 3065 illa
619 3024 657 3065 ex
671 3023 824 3084 suspensa
876 3004 946 3085 lege
961 3009 993 3066 et
1006 3007 1122 3068 statuto
1137 3022 1199 3065 non
1212 3007 1361 3084 tangente
1372 3021 1539 3082 personam
1553 3003 1586 3063 iu
1601 3021 1674 3082 par-

56 3081 81 3142 dt
92 3083 186 3146 iterum
197 3087 352 3166 absoluta,
369 3089 508 3153 incurret
524 3110 560 3152 ex
572 3092 601 3152 vi
617 3093 729 3172 prioris
743 3111 824 3173 prae-
877 3093 1010 3170 tioulari,
1037 3093 1095 3154 nisi
1111 3098 1182 3173 post
1199 3093 1361 3172 impletam
1376 3092 1587 3154 conditionem
1601 3091 1672 3151 sub·

56 3170 126 3250 cepti,
146 3173 186 3235 ita
208 3176 308 3238 Castr.
328 3196 366 3237 .u.
384 3180 422 3250 6;
449 3179 514 3239 Dic.
541 3199 572 3240 n.
598 3182 676 3256 3643
702 3181 821 3242 Leand.
874 3179 960 3260 jecta
973 3181 1023 3259 sit,
1047 3200 1129 3242 nunc
1145 3185 1252 3242 autem
1266 3179 1359 3241 desiit
1374 3197 1441 3240 esse
1456 3178 1606 3259 subjecta.
1633 3181 1670 3242 V.

56 3255 133 3321 llrim.
155 3278 172 3320 a
192 3281 221 3322 ιι.
252 3266 345 3326 1758.
368 3265 474 3326 Videri
498 3271 601 3346 potest
624 3269 712 3350 Pign.
739 3278 761 3331 t.
792 3273 821 3338 9,
878 3267 1101 3330 dictaau.l3.
1115 3267 1584 3330 lliucuniversaliterdioitDic.
1598 3265 1670 3342 (1.1,

40 3359 113 3406 tona
126 3349 169 3416 60,
185 3369 245 3410 an.
262 3353 293 3410 6.
877 3375 906 3416 ιι.
925 3357 992 3432 188,
1010 3355 1108 3416 citans
1118 3353 1219 3416 innoc.
1235 3353 1309 3416 Aba.
1323 3352 1413 3416 Sucr.
1426 3354 1563 3432 probans
1578 3353 1673 3416 ctiam

85 3434 149 3508 ιιι.
164 3437 194 3498 si
208 3437 345 3499 detectio
357 3439 459 3502 delicti
474 3443 742 3522 praecipiatursnb
752 3465 823 3508 con-

56 3531 120 3600 tura,
134 3541 219 3586 nemo
235 3529 361 3587 tenetur
375 3528 524 3606 seipsum,
539 3532 590 3592 rel
604 3533 724 3594 socium
739 3552 823 3595 oom-

53 3607 145 3688 pllcem
167 3615 302 3692 probare
328 3616 433 3694 quoad
455 3617 558 3679 forum
573 3625 747 3700 externum,
765 3621 823 3683 nisi

56 3693 165 3760 detectio
179 3705 259 3764 esset
274 3701 319 3764 ita
339 3705 516 3766 necessaria
529 3724 586 3784 pro
600 3708 682 3770 bono
698 3710 821 3789 animae,

54 3787 82 3844 ut
98 3787 156 3866 quis
176 3793 338 3852 teneretur
365 3791 463 3853 vitam
493 3795 597 3873 potius
620 3799 821 3876 profundere,

55 3885 128 3952 quun
140 3876 196 3937 tale
211 3875 361 3940 delictum
376 3881 554 3944 occultare:
572 3883 616 3945 ita
631 3885 735 3963 Pelliz,
752 3895 774 3947 t.
791 3891 821 3964 7,

55 3975 75 4020 ι.
87 3963 110 4038 1,
122 3981 149 4024 a.
163 3967 210 4026 95.
237 3967 330 4038 Quod
349 3966 374 4027 si
389 3967 447 4029 sub
462 3987 596 4031 censura
610 3973 821 4053 praecipiatur,

54 4061 80 4109 ι.
91 4067 116 4129 g.
129 4057 160 4114 ut
171 4055 359 4116 auotortalis
369 4057 513 4137 pasquilli
526 4058 702 4139 detegatur,
716 4061 740 4121 si
751 4081 825 4141 prc-

54 4131 112 4198 lttte
124 4157 179 4202 non
193 4143 305 4222 possis,
323 4162 385 4205 nou
399 4146 516 4207 teneris
532 4146 665 4225 deferre,
683 4150 757 4228 quia
771 4152 824 4212 Ju-

53 4215 101 4284 dex
119 4235 255 4292 censetur
278 4231 442 4293 intendere
466 4233 660 4312 punitionem
675 4237 822 4314 auctoris,

48 4325 129 4396 alem
140 4323 241 4380 tamen
251 4318 365 4398 punire
376 4337 439 4381 non
451 4321 576 4399 poterit,
589 4321 614 4383 si
624 4323 750 4401 probari
762 4341 824 4384 non

77 4407 147 4464 cut.
161 4406 287 4467 itacum
302 4407 370 4467 aliis
380 4409 477 4469 Castr.
491 4409 522 4470 d.
539 4412 569 4486 ι,
586 4427 618 4488 p.
630 4412 659 4488 3,
673 4430 704 4472 u.
722 4415 751 4490 9,
769 4413 825 4474 ad-

91 4511 114 4552 ιι
133 4512 185 4555 uec
206 4498 276 4556 tum
298 4496 409 4572 teneri,
434 4495 459 4556 si
475 4496 547 4556 inde
562 4516 657 4577 grave
673 4499 824 4560 damnum

49 4573 288 4660 imitabiliora,
314 4583 388 4663 quia
409 4585 495 4664 leges
514 4587 739 4649 aeclesiasticae
761 4605 824 4649 uon

48 4692 76 4701 ·
88 4692 92 4717 ι
103 4673 193 4730 entur
215 4671 357 4750 obligare
381 4689 453 4732 cum
475 4673 566 4752 gravi
583 4673 767 4754 dispendio;
784 4676 823 4736 de

47 4753 88 4803 ιι
107 4759 200 4818 tamen
220 4759 388 4838 praeceptis
411 4759 495 4821 circa
514 4760 734 4840 detectionem,
750 4764 823 4826 vide

87 4839 121 4904 ἰ.
133 4865 161 4906 a.
177 4849 224 4924 18,
241 4847 375 4908 relatum
390 4854 421 4908 et
434 4849 502 4910 Dio.
519 4849 549 4911 d.
567 4855 596 4928 ι,
613 4849 683 4914 dub.
700 4855 749 4914 ιι.

85 4927 151 5006 ιιι.
173 4935 304 5006 Quando
327 4954 461 4997 censura
483 4943 530 4998 est
552 4938 616 4998 lata
640 4937 698 5000 sub
716 4938 825 5000 condi-

48 5016 130 5102 fuoe,
152 5025 180 5081 et
193 5021 298 5083 ferens
312 5039 478 5084 censuram
498 5026 641 5103 moritur,
668 5029 718 5088 vel
730 5026 824 5108 juris-

55 5112 196 5173 leonem
211 5111 327 5172 amittit
341 5110 497 5189 pendente
512 5113 616 5174 adbuc
631 5114 821 5190 conditione,

879 3459 917 3500 cx
930 3442 1017 3519 lure,
1034 3441 1059 3502 si
1077 3443 1146 3522 quis
1164 3444 1264 3503 mutet
1278 3439 1481 3518 domicilium,
1499 3442 1605 3502 statim
1619 3441 1673 3502 do-

878 3528 980 3590 sinere
995 3530 1125 3610 obligari
1147 3549 1209 3592 uon
1231 3530 1331 3591 solum
1353 3529 1487 3606 statutis,
1503 3529 1559 3590 sed
1579 3527 1673 3590 etiam

878 3618 1042 3696 praeceptis
1074 3623 1106 3679 et
1132 3617 1293 3680 sententiis
1326 3616 1526 3696 generalibus
1559 3614 1674 3694 prioris

878 3703 949 3780 loci,
973 3706 998 3765 si
1023 3709 1139 3768 statuta
1161 3706 1214 3768 illa
1235 3709 1267 3766 et
1287 3709 1446 3784 praeocptu
1464 3703 1674 3783 respiciebant

879 3791 997 3872 aliquid
1012 3793 1152 3855 futurum
1167 3794 1234 3854 siue
1249 3798 1391 3871 respectu
1403 3792 1444 3853 ad
1457 3791 1670 3871 preteritum:

879 3899 896 3940 e
911 3884 1020 3942 contra
1043 3881 1068 3942 si
1083 3882 1145 3944 siut
1159 3883 1198 3943 de
1213 3882 1326 3944 delicto
1341 3881 1390 3942 vel
1406 3898 1501 3942 causa
1515 3877 1673 3958 praeterita

878 3971 936 4032 sub
958 3969 1136 4031 conditione
1159 3971 1356 4046 infuturum,
1377 3988 1408 4030 v.
1424 3987 1455 4048 g.
1472 3967 1581 4041 Titius,
1599 3965 1673 4046 quia

878 4057 1092 4120 damnificavit
1105 4060 1215 4119 Caium
1225 4059 1274 4118 vel
1284 4058 1357 4119 Caio
1373 4057 1477 4132 debet,
1494 4055 1534 4115 sit
1548 4071 1671 4114 excom-

877 4145 1064 4222 municatus,
1082 4145 1140 4206 nisi
1155 4145 1238 4207 intra
1252 4163 1369 4206 annum
1385 4141 1579 4210 satisfecerit,
1597 4145 1671 4203 tuno

879 4233 904 4293 si
919 4231 1068 4293 delictum
1082 4232 1132 4292 vel
1146 4250 1243 4292 causa
1256 4235 1302 4292 ost
1311 4231 1412 4310 posita
1424 4229 1455 4290 in
1471 4227 1574 4309 priore
1588 4228 1669 4304 loco,

878 4319 1017 4380 incurret
1031 4337 1196 4380 censuram
1211 4319 1306 4379 etiam
1320 4322 1390 4397 post
1403 4321 1559 4379 mutatum
1573 4314 1671 4376 domi·

879 4409 995 4483 cilium,
1021 4407 1047 4468 si
1062 4426 1123 4469 nou
1140 4407 1324 4468 satisfecerit
1346 4406 1429 4467 iutra
1443 4424 1571 4481 aunum,
1597 4403 1672 4484 quia

878 4497 977 4559 'fitius
997 4515 1055 4576 per
1076 4497 1264 4576 positionem
1287 4495 1391 4558 delicti
1416 4495 1466 4555 vel
1490 4511 1592 4556 causae
1603 4493 1671 4572 jam

879 4593 946 4647 erat
959 4586 1059 4670 factus
1073 4585 1227 4662 subditus,
1244 4589 1275 4646 et
1288 4583 1461 4665 respective
1477 4583 1517 4644 ad
1534 4582 1592 4644 hoc
1603 4580 1672 4662 jam

878 4673 1079 4734 talismauot.

920 4761 1026 4836 (locst.
1043 4764 1092 4822 15.
1109 4795 1149 4806 -
1165 4759 1243 4834 Quc'd
1255 4758 1415 4822 notandam
1429 4760 1466 4820 sit
1480 4759 1558 4821 circa
1571 4755 1657 4840 appel

879 4848 1018 4910 latiorem
1032 4869 1049 4908 a
1064 4851 1205 4909 caesura?
1220 4851 1256 4910 R.
1272 4851 1290 4928 ᾗ
1310 4852 1337 4911 ι.
1360 4849 1491 4922 Quando
1514 4847 1583 4928 quis
1598 4863 1672 4908 cen-

878 4955 952 4997 sura
965 4939 1126 5015 gravatur,
1137 4936 1290 5015 potestad
1306 4936 1505 5016 Superiorem
1521 4934 1671 4998 accedere
1729 4952 1732 4964 ·

877 5021 927 5088 vel
955 5043 1012 5102 per
1034 5023 1118 5084 viam
1139 5025 1358 5104 appellationis
1381 5025 1431 5086 vel
1458 5043 1515 5102 per
1542 5024 1672 5086 modum

878 5109 1028 5191 simplicis
1042 5113 1199 5191 quarela,
1213 5113 1328 5174 Saucb.
1345 5113 1375 5174 ιιι
1389 5133 1464 5175 cons.
1482 5113 1504 5174 l.
1522 5115 1552 5190 3,
1568 5109 1598 5172 d.
1619 5111 1669 5170 35.

1658 4791 1672 4802 '
1697 4807 1739 4853 roe

70 5211 130 5254 ιιι
143 5201 250 5274 putant
265 5199 393 5277 impleta
407 5199 585 5262 conditione
603 5203 731 5280 incurri,
750 5202 824 5283 quia
878 5201 1054 5280 Appellatio
1069 5206 1174 5264 autem
1190 5207 1237 5264 est
1257 5203 1439 5282 provocatio
1464 5202 1504 5262 ab
1526 5198 1671 5262 inferiore

79 5306 81 5311 ⁴
110 5290 232 5347 mortem
247 5287 299 5346 vel
323 5288 512 5349 amotionem
526 5291 544 5350 J
547 5288 645 5351 udicis
660 5309 721 5352 non
738 5290 825 5369 expi-
877 5293 894 5354 J
899 5287 988 5351 udice
1003 5291 1044 5351 ad
1060 5289 1261 5370 Superiorem
1276 5293 1396 5352 ratione
1410 5289 1602 5370 gravaminis
1616 5285 1673 5346 ali-

67 5369 824 5440 1lactamlsententiae:seddicendumestcum
879 5379 985 5458 cujus;
1010 5379 1167 5459 habetque
1199 5381 1343 5440 effectum
1371 5379 1419 5439 vel
1444 5375 1672 5451 devolutirum,

96 5457 149 5520 ob.
164 5460 194 5522 ιιι
208 5481 287 5524 cons.
306 5462 328 5526 l.
344 5467 374 5540 3,
391 5463 421 5525 d.
438 5467 487 5542 32,
503 5483 534 5526 n.
547 5469 605 5527 283
616 5472 647 5528 et
660 5467 726 5528 Dio.
744 5466 774 5529 d.
792 5469 821 5545 l,
879 5466 953 5546 quia
966 5483 1094 5526 causam
1109 5466 1247 5527 devolvit
1256 5466 1297 5527 ad
1307 5465 1501 5543 superiorem
1515 5466 1532 5526 J
1536 5460 1670 5537 adicem,

75 5547 150 5623 .163,
173 5548 204 5610 id
219 5569 331 5612 rerum
346 5570 423 5630 esse,
449 5551 474 5613 sl
489 5571 621 5615 censura
636 5555 698 5616 lata
715 5553 755 5616 sit
767 5573 825 5634 per
878 5554 928 5615 vel
942 5554 1171 5632 suspensivum,
1188 5554 1213 5614 si
1229 5553 1323 5616 etiam
1338 5551 1489 5632 impediat
1510 5545 1671 5612 sententiae

134 5653 167 5720 r.
191 5657 242 5723 ιι.
296 5733 304 5750 ,
1512 5661 1553 5721 ιι
