3968 6346
330 605 352 669 C
672 601 792 668 INDEX
814 599 985 669 GASUUM.
1326 611 1348 672 G
1611 611 1650 674 33

35 805 125 844 marram
137 792 263 854 cilicium,
283 792 513 856 quemadmodum
532 793 666 843 bonoram
688 793 801 856 Angelo-

33 878 80 912 rum
89 863 252 912 esthomines
265 863 298 912 ad
314 862 418 913 bonum
429 863 566 924 inducere,
584 865 650 912 item
666 865 736 927 quod
757 864 802 912 vix

33 937 70 982 aul
88 945 219 996 nunquam
242 933 334 984 delicti
360 934 469 983 veniam
492 937 700 998 consequentur,
727 934 800 997 qaod

32 1005 136 1052 teneatur
148 1015 192 1052 eos
210 1015 279 1066 quos
293 1004 412 1064 seduxit,
428 1018 477 1067 pro
492 1017 585 1066 posse,
608 1004 643 1053 ad
663 1005 736 1053 viam
751 1005 803 1052 vir-

33 1075 85 1124 tatis
93 1073 223 1134 reducere,
243 1087 297 1124 non
312 1071 634 1138 minusquaimdamnum
653 1075 803 1139 temporale

33 1143 207 1204 111111111,111.
224 1143 241 1192 l.
252 1146 277 1205 6,
292 1159 317 1208 p.
328 1147 352 1205 2,
364 1158 390 1193 ιι.
401 1146 471 1194 1818.

56 1212 222 1265 Conlessariue
251 1215 485 1265 consuetudinarii
509 1215 551 1263 vel
579 1215 692 1264 recidivi
722 1216 803 1265 debet

32 1281 169 1346 quandoque
194 1283 247 1333 illis
266 1297 364 1346 negare
382 1284 599 1346 absolutionem,
615 1286 671 1346 11,
693 1300 718 1348 p.
734 1288 757 1346 2,
774 1300 800 1335 ιι.

32 1353 190 1404 1811111111
215 1353 488 1405 consuetudinarium
511 1357 597 1419 prima
619 1357 749 1419 viceque
773 1371 801 1406 se

31 1427 119 1472 1111111
131 1424 162 1474 (11
181 1425 299 1488 peccatis
317 1439 372 1476 suae
388 1426 594 1476 consuetudinis
609 1426 758 1488 absolvere,
773 1442 800 1477 n.

33 1493 86 1540 1111.
98 1493 250 1543 itecidivum
272 1509 320 1558 per
339 1509 366 1545 se
384 1495 521 1559 loquendo
543 1500 632 1560 potest
652 1498 801 1559 absolvere,

32 1561 144 1611 11111111
157 1563 233 1626 signa
249 1566 312 1614 novi
337 1566 439 1616 doloris
459 1569 486 1616 et
501 1567 641 1630 propositi,
667 1567 689 1617 si
713 1569 802 1618 rarius

32 1630 104 1692 lapsus
116 1632 150 1682 sil
167 1633 201 1682 ab
226 1635 323 1685 ultima
341 1636 519 1699 confessione,
533 1637 555 1686 si
573 1637 728 1688 occasiones
749 1640 802 1688 ali-

7 1759 9 1766 .
32 1713 84 1762 quas
92 1701 203 1766 relapsas
218 1705 355 1766 vitaverit,
372 1707 427 1755 vim
436 1707 556 1769 aliquam
573 1712 666 1758 contra
678 1710 801 1758 tentatio-

31 1783 80 1818 uem
93 1771 139 1820 sibi
161 1773 293 1835 intulerit,
310 1775 332 1825 si
353 1789 386 1824 ex
409 1775 465 1825 sola
489 1775 632 1838 fragilitate
657 1778 801 1828 intrinseca

31 1841 128 1891 recidiva
142 1857 234 1906 passus
253 1846 297 1906 sit,
318 1850 368 1897 etc.
386 1861 402 1896 a
417 1861 443 1895 n.
461 1849 530 1896 1821.
549 1846 676 1896 ltecidivo
692 1852 719 1897 et
735 1863 801 1898 con-

31 1913 195 1964 suetudinario
210 1916 324 1966 suadere
335 1917 415 1966 debet
431 1917 627 1966 contessionem
641 1918 713 1980 apud
728 1931 802 1968 earn·

31 1979 294 2047 demConiessariam,
314 1986 379 2035 ilem
403 1986 493 2036 media
514 1986 687 2049 praescribere
709 1991 801 2036 eontra

30 2049 82 2097 vitia
96 2052 272 2115 particularia,
289 2069 315 2104 v.
330 2069 355 2118 g.
375 2059 467 2104 contra
483 2055 651 2118 superbiam,
668 2059 697 2106 at
716 2058 801 2106 consi·

30 2117 153 2182 deretqais
166 2123 201 2174 sil
211 2124 301 2187 quoad
312 2139 417 2189 corpus,
433 2140 481 2175 vas
495 2125 626 2187 sordium,
637 2130 699 2188 etc,
713 2127 801 2190 quoad

30 2190 139 2252 animam,
158 2193 252 2243 maltis
267 2195 386 2246 tenebris
409 2197 545 2259 obseptus,
561 2199 611 2247 ete.
634 2199 694 2260 qais
709 2197 800 2257 luerit,

30 2259 78 2320 quis
90 2259 189 2312 iuturus
200 2263 245 2324 sit,
257 2267 307 2314 etc.
323 2279 350 2314 ιι.
362 2269 431 2316 1821.
447 2268 544 2317 Contra
559 2267 717 2330 Avaritiam,
729 2269 800 2332 qaod

30 2341 95 2378 avaro
108 2331 173 2382 nibil
183 2335 218 2382 sit
233 2335 382 2396 scelestius,
392 2337 463 2386 nihil
482 2337 604 2399 iniquius
614 2349 694 2400 qaam
709 2352 800 2388 amare

31 2402 160 2464 pecaniam,
184 2409 211 2454 et
234 2407 355 2456 animam
378 2421 454 2457 suam
479 2409 577 2458 bebere
603 2409 743 2470 venalem,
764 2410 799 2459 ib.

31 2469 108 2521 Contra
130 2473 285 2537 Luxuriam,
312 2481 342 2525 ut
364 2477 577 2528 familiaritatem
600 2477 634 2528 ad
658 2479 801 2532 libidinem

31 2545 161 2592 moventem
175 2543 271 2608 lugiet,
288 2547 408 2597 honestis
434 2548 570 2597 exercitiis
593 2563 620 2598 se
636 2561 740 2612 semper
754 2561 802 2597 oc·

30 2612 102 2670 capet,
114 2615 159 2661 etc.
179 2614 216 2663 ib.
237 2615 334 2665 Contra
352 2616 494 2677 tavidiom,
510 2621 541 2666 ut
560 2617 659 2680 cogitet
675 2617 744 2680 quod
770 2630 800 2666 ea

30 2679 84 2728 nolli
103 2687 194 2734 noceat
219 2685 273 2734 nisi
298 2687 403 2748 invido,
423 2688 494 2751 quod
520 2688 571 2738 sibi
596 2689 711 2751 pessime
734 2687 801 2738 velit

30 2753 196 2804 constituendo
216 2769 247 2806 se
271 2757 299 2805 in
328 2761 399 2808 stata
425 2758 536 2822 peccati,
561 2763 621 2820 111.,
650 2758 686 2808 11).
704 2759 801 2807 Contra

30 2819 115 2884 Galam,
137 2829 165 2874 at
186 2830 326 2877 removeat
347 2842 407 2892 qure
429 2829 520 2892 galam
549 2830 652 2880 irritare
678 2830 801 2894 possunt,

7 2893 103 2951 ,11,11
130 2895 192 2946 talia
217 2899 351 2948 sumenda
374 2899 498 2960 1111,1(1
523 2900 626 2950 bonam
649 2899 729 2949 finem
758 2912 800 2948 re-

30 2957 83 3009 aar
106 2964 221 3015 melioris
248 2968 423 3029 nutritionis,
452 2969 572 3019 honesta
602 2967 799 3028 recreationis,

30 3032 69 3079 etc.
83 3031 143 3082 ibid.
167 3036 268 3086 Contra
285 3038 372 3099 tram,
397 3041 428 3088 al
450 3043 581 3102 praeparet
594 3038 727 3098 animum,
755 3050 802 3100 per

29 3103 171 3176 prepositum
195 3107 354 3169 patientiae,
379 3107 414 3156 ad
442 3122 473 3158 ea
501 3122 549 3172 per
574 3121 633 3172 quae
664 3108 801 3158 ordinarie

7 3231 8 3234 Ἴ
29 3171 69 3216 sert
86 3184 111 3220 se
128 3172 159 3222 ad
183 3174 253 3224 iram
267 3175 419 3238 provocari,
442 3177 596 3227 occasiones
620 3176 693 3226 illius
705 3176 800 3238 fugiat,

29 3240 68 3286 etc.
88 3240 148 3290 ibid.
171 3244 273 3294 Contra
297 3245 442 3308 dcediam,
470 3249 500 3296 ut
523 3247 617 3297 crebro
646 3246 803 3296 recordetur

7 3303 199 3382 jbeaeficiornm
229 3311 401 3376 divinorum,
430 3315 525 3365 mortis
556 3316 663 3375 vicina,
691 3314 801 3378 praemia

7 3393 8 3416 1
29 3373 118 3430 fervide
130 3382 280 3446 charitatis,
296 3389 345 3435 ete.
358 3386 393 3435 ib.
407 3386 495 3436 Media
517 3387 652 3449 generalia
668 3385 802 3449 1111111111-

7 3467 9 3476 v
29 3449 126 3500 scribere
140 3457 236 3516 potest,
249 3469 274 3504 1.
289 3469 314 3518 g.
330 3459 361 3505 ut
375 3455 517 3506 humiliter
531 3459 557 3505 et
571 3455 726 3519 frequenter
740 3467 801 3504 cum

7 3535 8 3540 ¹
28 3515 110 3569 lldoeia
122 3522 268 3586 implorent
276 3527 391 3589 gratiam
401 3526 538 3588 divinam,
549 3540 629 3576 mane
639 3527 692 3576 tale
703 3525 802 3575 vitium

28 3601 104 3640 cavere
117 3599 277 3657 proponant,
286 3597 406 3661 vesperis
420 3597 452 3646 de
464 3597 510 3647 illo
522 3611 636 3648 examen
647 3597 801 3655 instituant,

7 3663 9 3666 '
29 3663 77 3720 111.,
90 3661 122 3711 ib.
137 3664 305 3728 Quandoque
320 3667 453 3716 recidivas
477 3671 574 3718 terrere
589 3668 689 3732 poterit
703 3681 802 3732 propo-

7 3731 102 3800 ssneado
124 3738 242 3786 extrema
267 3737 402 3800 hominis,
420 3743 543 3800 mortem,
572 3742 632 3802 111.,
652 3739 803 3803 periculum

7 3797 190 3856 :drautionis
205 3807 241 3857 ob
258 3807 456 3858 incertudinem
479 3809 585 3870 mortis,
606 3813 656 3860 ete.
679 3823 707 3858 n.
733 3811 801 3860 1826.

7 3891 9 3938 ς
28 3867 68 3918 Pro
80 3876 231 3935 penitentia
247 3877 327 3928 debet
342 3878 396 3929 illis
407 3880 558 3942 injungere,
573 3884 604 3930 at
618 3883 690 3930 certa
704 3879 748 3928 die
759 3880 802 3929 vel

7 3955 9 3970 ³
28 3935 174 3997 111111111111
188 3947 380 4004 confiteantur,
399 3950 432 3999 de
456 3949 585 4014 mysterio
609 3951 642 4000 ad
661 3949 732 4013 quod
748 3964 802 3999 ma·

7 4009 86 4090 grimo
100 4015 262 4078 alliciuntur,
278 4022 326 4068 etc.
352 4032 399 4082 per
420 4023 523 4069 certum
547 4023 654 4083 tempus
678 4019 802 4082 quotidie

7 4081 177 4162 {meditantem
196 4091 248 4138 etc.
269 4103 295 4138 n.
318 4091 388 4139 1827.
409 4091 436 4141 Si
458 4091 593 4153 poeaitcns
614 4090 650 4140 sit
668 4088 803 4139 recidivas

7 4147 9 4220 ξ
28 4163 51 4200 11
59 4153 168 4216 pluribus
178 4159 301 4209 materiis
314 4164 495 4224 peccatoram,
506 4161 588 4210 debet
597 4160 705 4210 studere
723 4159 803 4209 tolle·

7 4223 9 4274 1
27 4231 50 4270 re
61 4225 166 4276 radicem
182 4233 352 4291 caeterorum,
371 4235 419 4280 aut
442 4231 488 4280 illa
513 4245 573 4294 qma
589 4232 673 4294 magis
688 4231 801 4280 scanda-

7 4295 9 4362 ξ
26 4287 146 4358 11111111,
161 4301 210 4348 etc.
226 4313 255 4349 n.
271 4301 338 4352 1828.
354 4301 483 4352 ltecidivo
498 4302 653 4364 frequenter
667 4301 696 4350 ln
710 4299 801 4365 pollu-

7 4359 100 4426 1111111
112 4369 136 4416 11
149 4371 258 4430 peccata
280 4369 415 4431 mollitiei,
437 4371 519 4421 debet
538 4371 650 4420 suadere
674 4370 802 4434 frequen-

7 4431 72 4494 11111
92 4437 284 4489 confessionem
309 4441 381 4504 apud
399 4442 525 4491 eumdem
548 4442 758 4502 confessarium,
773 4455 800 4492 n.

7 4499 83 4584 11111.
102 4505 139 4555 1111
162 4522 211 4572 pro
236 4510 397 4573 poenitentia
420 4511 558 4575 imponere
582 4515 679 4575 potest,
705 4515 734 4562 at
755 4525 803 4576 per

7 4575 114 4650 {unum
134 4579 239 4642 tempus
263 4582 386 4643 quotidie
407 4582 552 4644 aliquoties
575 4595 665 4632 eoram
686 4583 750 4642 Deo,
775 4584 802 4630 et

7 4653 9 4684 ¹
26 4639 111 4694 &aaa
124 4659 201 4710 quern
216 4652 335 4701 maxime
354 4651 429 4713 colit,
443 4655 579 4716 proponat
593 4667 621 4703 se
636 4653 686 4702 hac
701 4653 745 4702 die
759 4652 802 4701 vel

7 4689 9 4778 Ι
24 4717 92 4762 recu
112 4716 144 4766 ab
158 4720 233 4768 amai
258 4722 330 4784 turpi
350 4724 423 4772 tactu
447 4723 489 4772 sai
505 4723 590 4786 ipsius
603 4723 800 4784 abstenturum,

7 4783 9 4852 l
26 4781 182 4839 relatorem
195 4791 229 4840 ad
246 4791 274 4840 B.
289 4789 447 4856 Virginem:
463 4793 511 4842 Per
528 4795 641 4843 sanctam
663 4794 802 4858 Virginita-

7 4855 9 4898 l
26 4851 75 4914 1111,
87 4857 128 4906 ete.
143 4861 253 4912 111829.

7 4913 10 4972 l
51 4921 222 5004 Coalessarius
244 4932 361 4997 alicuius
385 4933 413 4983 in
432 4935 573 4985 occasione
598 4934 719 4998 proxima
739 4947 801 4998 pee-

7 4993 9 5044 l
27 4993 91 5074 11111(
106 4999 255 5064 constituti,
271 5017 333 5052 eum
349 5017 403 5054 non
422 5004 502 5054 debet
517 5005 657 5055 absolvere
672 5005 725 5055 uisi
737 5005 803 5054 velit

7 5061 149 5140 ,mulierem
163 5083 188 5120 1.
204 5085 229 5134 g.
255 5073 336 5122 domo
357 5073 494 5124 dimittere
519 5076 553 5125 ob
573 5088 654 5138 quarn
680 5075 736 5139 ipse
761 5077 803 5124 est

7 5141 51 5212 llll
74 5139 186 5197 periculo
212 5144 337 5206 proximo
362 5145 501 5208 peccandi,
524 5145 567 5194 vel
592 5149 661 5195 esset
681 5150 752 5196 certa
776 5147 803 5193 et

7 5205 131 5264 §pardem
154 5225 214 5276 spes
235 5215 306 5278 quod
328 5215 401 5264 illam
420 5217 542 5280 proxime
562 5222 632 5267 esset
655 5219 800 5280 ejecturus,

7 5263 62 5344 1111
81 5281 146 5340 qaod
174 5284 255 5334 talem
284 5287 452 5336 occasionem
477 5301 524 5350 per
549 5287 637 5337 media
662 5287 754 5349 aliqua
770 5299 803 5335 ex

7 5345 130 5470 mama
149 5359 218 5405 esset
242 5355 396 5406 redditurus
420 5361 559 5418 remotam,
583 5360 632 5408 ete.
658 5356 677 5406 l.
691 5359 717 5418 o,
737 5370 762 5420 p.
777 5357 801 5416 2,

105 5517 207 5572 raom.

889 793 1070 843 confessarius
1087 794 1205 843 hominis
1219 794 1383 858 pudibundi,
1403 797 1593 859 pusillanimis,
1614 797 1647 847 de

857 864 1045 914 emendatione
1060 864 1235 927 desperantis,
1251 865 1334 915 variis
1353 866 1450 915 mediis
1464 867 1503 916 uti
1521 867 1612 928 dehet,
1627 867 1646 916 l.

856 936 879 983 o.
897 949 912 998 p
936 937 960 996 2,
976 947 1002 983 a.
1020 935 1088 983 1832.
1113 933 1306 984 Ριι(111ιιιιι(11ιιιι
1319 935 1441 985 animare
1465 937 1556 998 debet,
1577 937 1649 1000 quod

857 1005 965 1054 tandem
976 1005 1067 1053 omnia
1082 1005 1194 1054 vulnera
1204 1005 1303 1054 animae
1312 1005 1418 1067 aperire
1434 1006 1541 1066 debeat,
1553 1009 1580 1054 et
1595 1019 1650 1069 quo

857 1075 962 1124 diutius
976 1078 1118 1137 espectet,
1141 1089 1172 1123 eo
1188 1073 1325 1125 difficilius
1349 1075 1481 1138 lotarum,
1497 1077 1566 1140 quod
1583 1077 1650 1127 alias

857 1146 886 1194 ia
897 1149 1017 1194 extremo
1024 1145 1128 1208 judicio
1143 1145 1362 1208 siataperienda,
1377 1149 1426 1196 etc.
1439 1160 1465 1196 n.
1479 1149 1547 1196 1131.
1564 1146 1650 1197 Pusil-

856 1215 985 1264 lanimem
1000 1215 1102 1276 erigere
1117 1214 1198 1264 debet
1213 1217 1323 1266 motivis
1337 1218 1371 1267 ad
1389 1217 1548 1280 sperandam
1567 1217 1649 1267 mise·

856 1285 1009 1345 ricordiam,
1030 1285 1102 1347 quod
1121 1285 1192 1335 Deus
1213 1287 1248 1336 sit
1269 1291 1353 1350 pater,
1372 1288 1417 1350 qui
1438 1292 1548 1352 paratas
1563 1292 1603 1338 est
1622 1289 1650 1337 11-

855 1355 924 1404 lium
938 1356 1080 1418 prodigam
1096 1356 1123 1405 iu
1139 1355 1253 1418 gratiam
1274 1358 1403 1420 recipere,
1424 1359 1495 1421 quod
1518 1359 1554 1408 sit
1567 1357 1651 1407 illedi-

856 1439 911 1485 cas,
927 1427 1027 1486 Pastor,
1041 1425 1213 1490 Redemptor,
1229 1432 1304 1477 etan
1322 1428 1649 1478 18331111111111111111

856 1495 933 1557 quasi
943 1495 1130 1558 desperantem
1147 1497 1246 1559 erigere
1261 1499 1361 1560 poterit
1375 1497 1564 1562 proponendo,
1576 1497 1650 1546 nulla

856 1579 912 1613 esse
927 1570 1034 1628 peccata
1052 1579 1111 1629 qaae
1135 1581 1182 1630 per
1200 1567 1247 1616 Dei
1269 1569 1384 1630 gratiam
1404 1569 1476 1616 vinci
1497 1567 1649 1616 emendari·

856 1649 908 1697 que
923 1649 977 1685 non
988 1637 1101 1698 possint,
1111 1638 1196 1686 Derim
1210 1651 1266 1686 noa
1281 1637 1350 1686 velle
1367 1640 1482 1686 mortem
1493 1637 1649 1700 peccatoris,

856 1711 907 1755 etc.
922 1719 949 1754 ιι.
966 1709 1034 1756 1831.
1046 1708 1073 1758 si
1089 1708 1180 1756 animo
1195 1707 1328 1770 concidat,
1344 1709 1407 1770 qaia
1423 1709 1483 1771 post
1496 1707 1651 1756 adhibitum

856 1779 983 1825 conatum
998 1777 1085 1839 pergit
1098 1777 1253 1840 turpissime
1276 1779 1384 1840 tentari,
1400 1791 1461 1826 eum
1484 1776 1649 1836 111111111-

856 1846 941 1895 cendo
960 1846 1031 1895 hanc
1050 1860 1106 1896 esse
1127 1847 1173 1895 Dei
1194 1847 1353 1906 bonitatem,
1374 1846 1446 1910 quod
1466 1846 1650 1896 recordatione

857 1916 1055 1979 praeteritorum
1076 1929 1137 1964 eum
1150 1915 1262 1978 aflligat,
1278 1921 1307 1966 at
1323 1919 1397 1965 tanto
1415 1916 1500 1978 magis
1515 1929 1546 1964 ea
1561 1915 1650 1965 detes-

857 1989 937 2046 tetur,
953 1988 979 2034 11
990 1999 1038 2048 pro
1056 1984 1110 2034 illis
1125 1985 1289 2045 satisfaciam
1305 1986 1326 2034 si
1342 1999 1397 2034 noa
1412 1987 1570 2046 tentaretur,
1589 1997 1651 2033 cum

856 2057 946 2104 minas
961 2055 1016 2105 iore
1032 2059 1151 2116 cautam,
1163 2059 1213 2105 etc.
1232 2070 1258 2106 ιι.
1276 2058 1344 2106 1315.

887 2125 1071 2175 Confessarlas
1086 2125 1205 2174 bominis
1220 2126 1409 2188 paenitentiam
1426 2125 1534 2174 dltlerre
1554 2125 1651 2173 volen-

856 2194 900 2254 tis,
920 2207 981 2243 eum
997 2199 1111 2245 conetur
1125 2195 1159 2244 ad
1179 2195 1321 2245 indilatam
1337 2196 1526 2259 paenitentiam
1541 2195 1652 2244 motivis

856 2263 937 2311 variis
959 2263 1102 2324 adducere,
1123 2278 1148 2313 v.
1168 2277 1192 2327 g.
1213 2264 1291 2314 valde
1311 2265 1465 2314 instabilem
1490 2278 1547 2314 esse
1566 2265 1651 2314 ritem

856 2334 984 2395 hominis,
1003 2339 1117 2384 mortem
1141 2339 1212 2385 certe
1239 2339 1406 2397 eventuram,
1431 2336 1478 2384 sed
1502 2335 1650 2384 incertissi-

855 2418 929 2453 mum
945 2417 999 2468 qao
1019 2407 1146 2468 ternpore,
1171 2405 1240 2466 loco,
1264 2404 1362 2465 mod0;
1383 2406 1477 2465 Deam,
1493 2405 1541 2468 qui
1561 2405 1651 2468 poeni-

856 2476 923 2524 tenti
938 2475 1045 2524 veniam
1055 2475 1187 2538 promisit,
1204 2475 1326 2538 peccanti
1343 2475 1493 2524 erastinum
1513 2489 1569 2524 non
1591 2488 1651 2538 spo·

855 2547 990 2610 pondisse,
1006 2549 1056 2596 etc.
1069 2559 1096 2594 a.
1114 2547 1183 2596 1836.

887 2617 1070 2667 confessarius
1089 2617 1210 2668 hominis
1229 2617 1347 2666 nolentis
1361 2617 1525 2678 condonare,
1542 2617 1650 2667 indura·

854 2691 885 2750 ti,
903 2689 936 2738 de
962 2688 1049 2737 salute
1064 2687 1243 2751 desperantis,
1264 2687 1337 2736 varia
1354 2687 1443 2735 media
1458 2687 1587 2737 adhibere
1602 2688 1651 2737 de'·

855 2758 919 2816 bet;
935 2756 1039 2806 nolenti
1058 2756 1212 2805 condonare
1234 2755 1348 2804 rotunde
1367 2755 1449 2816 dicat,
1464 2769 1513 2804 nec
1534 2756 1649 2818 absolvi,

854 2841 905 2876 nec
919 2830 1057 2890 peccatum
1072 2825 1174 2875 dimitti
1190 2838 1285 2888 posse;
1303 2828 1329 2873 et
1351 2825 1372 2873 si
1393 2825 1443 2874 boc
1458 2825 1558 2876 sciatur
1574 2830 1650 2876 extra

856 2899 1069 2956 Sacramentum,
1091 2894 1238 2944 inducendi
1258 2897 1321 2944 sunt
1341 2894 1387 2943 alii
1410 2895 1542 2957 homines,
1558 2897 1650 2957 amici,

855 2969 902 3030 qui
920 2969 953 3016 de
967 2966 1124 3016 adversario
1135 2966 1255 3015 molliter
1263 2965 1422 3028 loquantur,
1436 2969 1485 3015 etc.
1503 2967 1571 3016 Dein
1586 2981 1650 3029 pro-

856 3035 1012 3098 ponendum
1032 3035 1187 3099 exemplum
1209 3035 1307 3084 Christi
1332 3039 1359 3084 11
1381 3039 1550 3098 Sanctorum,
1574 3051 1651 3087 revo-

856 3105 972 3155 candum
990 3106 1040 3169 ipsi
1057 3107 1084 3155 in
1095 3107 1213 3154 mentem
1229 3105 1275 3168 qui
1286 3107 1344 3155 oret
1359 3106 1480 3169 quotidie
1497 3109 1539 3157 :et
1552 3107 1650 3157 dimitte

856 3175 925 3224 reobtr
939 3175 1020 3224 debita
1035 3178 1132 3236 nostra,
1147 3178 1191 3224 etc.
1207 3175 1224 3224 l.
1240 3177 1264 3236 6,
1285 3188 1311 3238 p.
1326 3179 1356 3236 2,
1371 3189 1399 3225 n.
1421 3177 1489 3225 1831.
1514 3177 1649 3228 Peccatori

856 3247 981 3296 indurato
991 3247 1072 3308 dicat,
1088 3261 1143 3296 non
1154 3249 1209 3295 tam
1227 3245 1329 3296 malum
1344 3259 1401 3296 esse
1416 3247 1551 3309 recidisse,
1568 3261 1650 3311 quam

856 3321 916 3380 post
929 3316 1035 3381 lapsum
1048 3316 1121 3367 nolle
1136 3330 1274 3377 resurgere
1287 3336 1292 3377 ;
1308 3316 1449 3379 beneficia,
1465 3331 1585 3368 amorem
1600 3319 1649 3369 Dei

857 3387 897 3436 illi
920 3390 1061 3450 proponat,
1081 3391 1132 3437 111.
1152 3401 1179 3435 ιι.
1201 3387 1322 3436 1838111
1344 3387 1430 3436 salute
1446 3387 1600 3451 desperanti
1624 3392 1651 3439 ct

856 3457 978 3507 confiteri
994 3457 1098 3507 nolenti
1116 3457 1259 3506 srrbmittat
1273 3455 1412 3505 homiaem
1428 3458 1452 3507 11
1467 3461 1582 3521 gratum,
1602 3458 1649 3521 qui

857 3529 1046 3580 Paenitentiam
1071 3528 1192 3590 suadeat,
1218 3528 1337 3577 suaviter
1361 3541 1388 3578 se
1411 3529 1484 3592 apud
1504 3542 1566 3578 eum
1587 3529 1650 3578 insi·

856 3603 933 3661 nuet,
957 3600 990 3648 de
1010 3599 1091 3649 rebus
1109 3598 1171 3648 aliis
1193 3599 1217 3648 ei
1238 3598 1320 3661 gratis
1339 3596 1476 3661 loquetur,
1494 3602 1521 3649 et
1539 3601 1652 3648 conetur

857 3669 1017 3730 subinferre,
1033 3669 1130 3718 saltem
1147 3669 1240 3720 obesse
1259 3682 1315 3718 noa
1330 3680 1408 3732 posse
1426 3668 1449 3718 si
1464 3672 1574 3732 propter
1588 3669 1651 3719 vitre

858 3740 1078 3791 incertitudinem
1101 3753 1128 3788 se
1151 3741 1185 3790 ad
1200 3740 1247 3789 Dei
1262 3740 1375 3803 gratiam
1391 3739 1527 3803 disponat,
1544 3740 1595 3790 hoc
1613 3741 1651 3804 ip

857 3825 917 3862 sum
932 3824 1007 3874 posse
1025 3810 1146 3860 conterre
1164 3810 1198 3860 ad
1225 3810 1379 3872 sanitatem,
1399 3814 1449 3860 etc.
1474 3823 1501 3857 n.
1527 3811 1597 3858 1889.
1622 3809 1649 3860 Si

857 3883 946 3932 dicat:
962 3883 1046 3944 Major
1069 3884 1109 3931 est
1132 3881 1263 3945 iniquitas
1286 3894 1355 3941 mea,
1384 3893 1465 3943 qaam
1487 3883 1517 3929 ut
1540 3879 1650 3929 veniam

857 3965 968 4013 merear,
984 3955 1114 4014 reponat:
1127 3952 1213 4014 llajor
1229 3956 1268 4001 est
1290 3952 1337 4000 Dei
1355 3951 1441 4014 pietas
1458 3953 1484 3999 et
1499 3950 1652 4000 misericor·

857 4024 911 4084 dia,
927 4025 1027 4087 majora
1051 4024 1109 4085 ejus
1132 4023 1236 4082 merita,
1261 4023 1290 4071 in
1313 4033 1428 4084 quoram
1448 4021 1649 4083 comparatione

856 4095 947 4143 onraia
969 4095 1076 4157 peccata
1097 4096 1161 4142 sunt
1190 4093 1263 4142 velut
1285 4104 1362 4154 aquae
1380 4091 1487 4154 guttula
1507 4090 1540 4139 ad
1566 4104 1649 4151 marc,

857 4169 905 4215 etc.
922 4166 1054 4228 proponat
1068 4162 1191 4226 exempla
1205 4162 1397 4222 Ninivitarum,
1417 4160 1538 4222 Davidis,
1558 4161 1649 4210 Nabu-

856 4234 1060 4293 chodonosoris,
1075 4235 1125 4282 ete.
1137 4245 1163 4282 a.
1181 4234 1248 4282 18111.

887 4301 1071 4355 Conlessarias
1085 4303 1135 4363 rei,
1151 4303 1251 4366 captivi
1266 4301 1310 4352 vel
1331 4301 1505 4352 condemnati
1525 4301 1559 4350 ad
1580 4315 1651 4350 mor-

856 4376 910 4422 tem
927 4373 1069 4423 observare
1085 4372 1166 4423 debet
1176 4372 1325 4436 sequentia.
1337 4373 1421 4422 Reum
1442 4372 1566 4432 instmat,
1578 4373 1649 4433 qaod

856 4459 887 4494 ea
902 4455 962 4508 qaae
977 4457 1067 4493 secum
1084 4444 1111 4492 in
1126 4442 1184 4492 loro
1203 4443 1378 4493 eonscientiae
1397 4445 1468 4504 agat,
1491 4455 1553 4491 cam
1575 4443 1650 4492 ladi-

855 4513 932 4563 cibas
956 4527 1010 4562 noa
1025 4512 1280 4572 communicentar;
1301 4512 1365 4562 item
1385 4525 1442 4561 noa
1456 4515 1557 4561 temere
1573 4512 1650 4561 eval-

855 4585 900 4644 get
926 4595 986 4644 quae
1001 4584 1082 4633 etiam
1098 4586 1174 4633 extra
1190 4582 1392 4632 Confessionem
1406 4583 1518 4645 accepit.
1535 4583 1602 4632 llam
1615 4583 1650 4632 ecl

856 4654 1058 4704 contessionem
1083 4653 1311 4705 Sacramentalem
1334 4667 1389 4703 non
1412 4653 1552 4715 admittat,
1576 4659 1651 4704 antc-

856 4737 936 4787 qaam
951 4724 980 4774 in
999 4724 1056 4774 loro
1072 4727 1184 4775 externo
1199 4737 1241 4774 res
1259 4725 1314 4773 sint
1327 4723 1459 4787 liquidam
1476 4737 1532 4773 noa
1548 4724 1651 4788 impor-

856 4800 920 4844 tune
936 4799 1020 4858 cogat,
1038 4798 1067 4844 ut
1082 4809 1110 4844 se
1124 4795 1206 4844 talem
1223 4794 1347 4856 fateatur,
1364 4797 1415 4844 etc.
1440 4794 1458 4843 1.
1483 4795 1506 4855 1,
1528 4809 1554 4844 a.
1581 4797 1651 4856 1521,

857 4867 924 4925 1521,
940 4879 955 4914 1
972 4867 1068 4914 111131
1083 4884 1089 4924 ;
1105 4865 1122 4914 l.
1142 4865 1168 4925 6,
1184 4879 1208 4928 p.
1223 4865 1247 4924 2,
1264 4877 1289 4914 ιι.
1312 4865 1382 4914 1811.
1404 4865 1462 4913 Non
1478 4862 1609 4926 spondeat
1623 4876 1651 4911 se

856 4935 910 4984 lore
926 4938 1070 4996 patronam
1084 4947 1131 4997 pro
1147 4935 1204 4998 elas
1220 4934 1319 4994 vita,n.
1337 4935 1407 4982 1112.
1424 4934 1514 4982 Ρο1111
1529 4933 1649 4992 suadere,

857 5004 912 5053 imo
927 5004 1007 5053 etiam
1022 5003 1141 5066 obligare
1161 5016 1249 5063 reum,
1264 5007 1294 5052 at
1314 5003 1404 5052 ludici
1425 5001 1548 5065 legitime
1569 5002 1652 5052 inter·

857 5076 962 5137 roganti
977 5076 1079 5124 crimen
1090 5075 1205 5125 fateatur
1219 5074 1291 5137 qaod
1310 5073 1389 5124 lateri
1404 5075 1523 5134 tenetur,
1538 5086 1564 5122 n.
1582 5075 1649 5122 1813.

857 5145 884 5196 Si
908 5145 1010 5208 obliget
1031 5159 1108 5195 reum
1134 5148 1164 5194 ut
1187 5144 1276 5194 ludici
1301 5144 1417 5194 fateatur
1442 5143 1545 5192 crimen
1579 5141 1649 5204 quod

857 5216 932 5266 lateri
948 5229 1002 5266 noa
1017 5216 1169 5277 tenebatur,
1185 5215 1354 5278 probabilius
1370 5227 1426 5264 non
1443 5213 1473 5263 tlt
1487 5211 1650 5274 irregularis,

856 5287 874 5335 l.
889 5288 914 5347 1,
928 5301 954 5337 n.
969 5288 1008 5336 63.
1024 5287 1165 5336 Damnatis
1180 5286 1212 5336 ad
1229 5289 1342 5335 mortem
1363 5285 1521 5348 plerumque
1546 5283 1652 5332 levissi-

857 5371 929 5408 mam
939 5357 1128 5420 penitentiam
1144 5357 1225 5407 debet
1239 5357 1390 5420 injungere,
1400 5355 1417 5404 l.
1429 5358 1488 5417 6,p.
1499 5357 1523 5414 2,
1538 5367 1565 5402 n.
1583 5354 1650 5402 18111.

858 5427 957 5477 Cavere
982 5427 1071 5490 debet,
1096 5441 1129 5476 ne
1154 5439 1226 5477 mors
1249 5429 1459 5491 approperetur,
1482 5437 1556 5474 num.
1583 5425 1649 5476 ltll'l.

1559 5523 1573 5572 5
