3976 6348
292 572 351 632 236
941 576 1015 638 LIB.
1044 575 1096 636 Vl.
1113 575 1214 636 PARS
1241 576 1294 636 Ill.

291 757 686 837 peteresdispensatienem
698 763 738 823 ad
749 762 999 824 contrahendum
1012 781 1084 824 cum
1137 760 1919 841 sponsorumignorassatimpedimentum,autnan

292 844 377 922 Gaia,
394 848 502 908 Tamh.
521 851 626 926 Perez,
643 850 673 910 d.
690 854 740 926 96,
757 871 780 911 0.
804 855 833 927 3,
851 872 881 912 n.
898 855 937 923 6;
965 851 1041 912 Gob.
1058 858 1081 911 t.
1138 849 1298 911 habuisset
1321 869 1390 911 eam
1411 850 1631 927 intentionem,
1648 854 1712 910 009·
1727 849 1837 910 0019009
1850 853 1921 908 0109-

292 936 322 1008 9,
339 935 952 1013 0009.61“1,91900010009908000109099
969 939 1084 998 dehere
1138 943 1340 1016 0000990900
1360 956 1422 998 000
1446 939 1688 1013 manifestasset,
1707 941 1818 998 199090.
1834 954 1862 1015 0.
1879 939 1918 1008 19,

292 1021 484 1082 mentionem
508 1025 630 1102 prieris,
657 1026 730 1106 0090
755 1029 840 1105 Papa
859 1027 1021 1105 aegerrime
1036 1026 1084 1086 bis
1138 1048 1159 1088 s.
1185 1031 1214 1098 6,
1241 1027 1344 1088 etalii
1369 1027 1457 1087 multi
1482 1030 1591 1088 contra
1614 1026 1729 1087 multus
1755 1025 1831 1086 alius
1850 1023 1921 1102 apud

293 1107 452 1186 dispensat
466 1129 539 1171 cum
553 1114 664 1174 eodem
679 1114 709 1172 in
726 1115 878 1194 ejusmodi
895 1133 979 1174 casu.
1140 1116 1216 1176 Gob.
1234 1133 1264 1175 n.
1281 1118 1351 1190 695,
1369 1114 1487 1190 dieunt,
1513 1132 1574 1175 non
1599 1113 1777 1174 0000000990
1797 1129 1862 1171 esse
1880 1129 1922 1170 ex·

225 1196 267 1242 ⁹2⁹
332 1197 350 1274 ἓ
370 1201 416 1258 19.
435 1199 465 1259 Si
482 1201 654 1280 cognovisti
670 1205 946 1282 consanguineam,
971 1204 1019 1264 vel
1039 1204 1085 1264 09-
1138 1203 1348 1282 primendum,
1367 1202 1440 1282 0090
1461 1203 1611 1264 innocens
1626 1201 1730 1282 puniri
1756 1218 1819 1261 non
1839 1198 1921 1259 dehet

292 1286 388 1345 furem
410 1290 496 1347 tuam
519 1289 551 1348 in
575 1292 676 1367 gradu
705 1291 881 1368 dirimente,
913 1299 1084 1371 posteaque
1140 1291 1259 1350 ratione
1284 1290 1435 1365 nocentis,
1462 1295 1494 1351 et
1516 1309 1601 1351 mere
1629 1291 1754 1351 interna
1773 1306 1834 1349 000
1860 1286 1923 1348 sub

293 1374 400 1434 volens
416 1378 599 1438 contrahere
621 1398 693 1440 cum
709 1399 746 1441 ea
769 1384 857 1459 petas
881 1381 1084 1459 dispensatio·
1139 1380 1256 1440 duntur
1270 1379 1416 1458 humanae
1432 1380 1627 1458 dispositioni
1646 1399 1652 1440 :
1670 1377 1826 1460 quidquid
1841 1375 1922 1438 sitde

293 1481 376 1539 nem,
389 1465 444 1524 sed
460 1484 521 1526 non
537 1468 692 1546 exprimas
708 1469 910 1530 intervenisse
927 1471 1082 1548 00001090,
1139 1466 1210 1543 1900,
1227 1469 1337 1528 0019009
1351 1469 1488 1528 scribere
1504 1487 1566 1530 000
1582 1472 1716 1548 pessunt
1730 1467 1857 1527 sebona
1869 1463 1921 1524 fide

294 1553 371 1611 Nav.
389 1554 473 1612 Gutt.
490 1554 632 1615 Ledesm.
651 1555 757 1616 Rebel.
784 1559 893 1634 Laym.
912 1558 995 1617 Ricc.
1013 1558 1085 1618 Cor·
1139 1558 1339 1632 contraxisse,
1353 1556 1437 1636 quod
1452 1556 1568 1635 alioqui
1581 1551 1922 1632 facilitntdispensatic-

293 1639 361 1699 rad.
389 1640 498 1718 Regin.
526 1643 640 1703 Sanch.
667 1644 688 1703 l.
713 1647 743 1720 8,
769 1643 799 1705 d.
825 1649 874 1721 95,
891 1665 921 1706 e.
947 1648 976 1720 8,
994 1644 1085 1704 valde
1139 1663 1222 1721 nem,
1249 1639 1890 1724 00900019000000900106910090000099

294 1727 497 1803 probabiliter
520 1729 628 1789 dicunt
649 1729 914 1808 dispensationem
935 1751 1002 1792 0000
1018 1731 1085 1790 9999-
1178 1733 1197 1811 ς
1219 1737 1266 1794 19.
1285 1733 1317 1796 Si
1342 1735 1456 1811 copula
1478 1735 1534 1794 9909
1556 1738 1627 1812 0009
1650 1731 1852 1812 impetratam
1872 1726 1923 1786 dis
1943 1735 1972 1781 99

293 1820 369 1889 9090,
387 1815 525 1894 00901990
541 1818 821 1896 eststyluscurim;
838 1821 920 1880 unde
937 1821 967 1879 in
987 1822 1086 1900 00190-
1140 1823 1356 1899 pensationem
1383 1821 1513 1901 ejusque
1542 1822 1762 1884 executionem
1793 1815 1925 1880 commis-

293 1901 396 1962 rismis
424 1904 476 1980 Sa,
506 1923 536 1963 v.
567 1904 764 1984 Dispensntr'c,
794 1926 865 1966 cnm
894 1909 1085 1969 eontrarium
1140 1926 1206 1968 sam
1226 1909 1402 1986 0999900990,
1416 1927 1478 1969 000
1492 1909 1596 1971 vitiari
1612 1907 1812 1986 Rescriptum
1823 1906 1925 1966 docent

295 1989 461 2068 docuisset,
478 1992 510 2052 id
525 2001 701 2054 correctum
716 1999 772 2072 est,
790 2001 821 2055 ct
838 1995 964 2058 additur
978 1997 1085 2058 Cardi-
1140 2001 1216 2058 Nav.
1239 1999 1315 2059 Gob.
1337 2018 1418 2057 0090.
1439 2000 1508 2073 630,
1535 1998 1621 2078 00091
1643 2000 1729 2058 1000.
1754 2001 1847 2057 vacat
1864 2011 1924 2073 prc-

294 2079 380 2140 00100
404 2080 596 2142 contrarium
611 2082 797 2160 declarasse,
815 2085 898 2163 qued
914 2085 1009 2145 etiam
1024 2091 1086 2147 tes·
1140 2087 1262 2159 babile;
1294 2089 1385 2148 Sanc.
1412 2086 1488 2148 dicit
1514 2087 1694 2166 oppositum
1722 2104 1792 2147 esse
1821 2084 1924 2163 proba·

294 2172 379 2228 tatur
399 2169 527 2229 Gallem.
555 2171 594 2230 ad
619 2171 703 2231 Trid.
726 2191 790 2231 sess.
808 2175 856 2248 99,
874 2191 902 2234 e.
918 2177 948 2248 5,
965 2195 994 2234 n.
1020 2176 1032 2232 1
1058 2182 1086 2233 09
1140 2177 1232 2235 bilius
1260 2176 1300 2236 ob
1329 2176 1444 2254 stylum
1470 2174 1570 2235 Curiae
1597 2193 1723 2252 semper
1751 2172 1924 2234 resolveritis

293 2260 323 2318 8.
340 2258 524 2335 Oppositum
549 2262 655 2320 909000
679 2265 787 2323 900009
801 2261 852 2321 0199
868 2280 939 2322 cum
955 2262 1082 2340 llenriq.
1139 2263 1503 2335 00099099090;09100900
1521 2261 1650 2323 Currad.
1669 2262 1691 2323 l.
1708 2265 1738 2329 8,
1756 2281 1782 2323 0.
1800 2264 1831 2337 9,
1847 2262 1922 2334 0.,93,

295 2346 393 2422 Setae,
411 2348 508 2426 Vaga,
527 2350 654 2429 liodriq.
672 2348 763 2410 Dian.
781 2354 869 2412 Pont.
879 2354 967 2412 11099.
984 2352 1083 2412 Krim.

294 2454 325 2496 0.
351 2437 447 2508 itm
465 2438 559 2496 Perez
582 2436 613 2497 d.
630 2441 680 2512 96,
697 2446 761 2498 sect.
778 2441 808 2513 6,
825 2458 856 2500 n.
873 2443 909 2510 43
926 2441 1036 2499 Avers.
1053 2461 1083 2519 0.

293 2527 342 2600 99,
358 2533 424 2584 sect.
440 2527 470 2600 6,
482 2526 534 2604 009
549 2531 642 2586 vocat
654 2525 687 2586 in
703 2526 790 2604 praxi
806 2531 918 2603 tutum,
929 2532 997 2587 tum
1012 2529 1087 2606 0090

294 2611 320 2671 si
334 2612 393 2673 hcc
417 2631 599 2690 expressum
621 2614 739 2690 fuisset,
767 2616 955 2693 dispensatio
978 2617 1084 2678 9090009

295 2700 424 2778 90091909,
437 2705 504 2762 9090
518 2703 592 2782 0090
606 2703 781 2764 0009909900
795 2704 893 2782 stylus
909 2704 1008 2766 Curiae
1024 2723 1085 2764 nen

295 2789 419 2851 videtur
433 2791 571 2869 obligare
588 2795 676 2852 extra
690 2791 826 2867 Curiam,
844 2792 901 2852 nisi
921 2794 1087 2853 000999900-

295 2881 346 2938 tur
360 2875 463 2957 019000
479 2878 605 2940 decretu
620 2882 724 2958 Papae,
752 2879 836 2958 quod
862 2880 988 2941 hicnon
1013 2886 1060 2941 009
1077 2899 1083 2939 :

295 2970 326 3027 ct
341 2965 421 3026 banc
443 2968 614 3028 secundam
639 2967 825 3027 sententiam
846 2974 959 3030 vacant
973 2970 1087 3046 proba-

295 3053 390 3114 bilem
406 3055 520 3117 Sanch.
539 3059 570 3118 09
583 3058 667 3117 Less.
686 3057 715 3115 in
730 3064 808 3117 09909.
826 3075 853 3118 0.
873 3056 963 3118 Matr.
980 3077 1037 3118 ecs.
1054 3061 1083 3132 8,

295 3141 454 3202 adducens
469 3160 539 3202 cum
555 3145 643 3204 Hurt.
662 3148 692 3206 09
707 3146 813 3220 Ρο909,
831 3144 855 3205 09
879 3144 910 3203 90
925 3145 1088 3223 dispensa-

295 3229 378 3292 tione
402 3236 537 3308 penatur
561 3250 571 3290 .·
598 3231 790 3310 dispensetur,
820 3233 877 3292 0909
903 3233 1088 3293 intervenerit

295 3317 411 3398 copula,
423 3319 448 3378 si
469 3319 536 3379 heec
557 3319 597 3380 sit
615 3320 747 3396 occulta,
765 3319 869 3380 adhuc
884 3321 1088 3398 probabiliter

295 3407 399 3467 valere
423 3407 688 3486 dispensationem
714 3429 720 3470 :
752 3409 806 3469 sed
834 3410 945 3471 merito
967 3410 999 3469 in
1028 3410 1087 3471 hoc

297 3495 482 3557 contradicit
506 3499 598 3558 Sanc.
624 3498 664 3558 ob
689 3498 968 3576 expressamillam
983 3499 1088 3560 condi-

296 3585 433 3656 tionem;
459 3588 552 3647 Aver.
578 3590 683 3647 tamen
708 3593 739 3646 et
762 3587 816 3647 alii
839 3590 960 3664 putant,
978 3589 1003 3647 si
1028 3589 1087 3648 dis-

296 3672 437 3750 pensatio
452 3672 579 3733 obtenta
593 3672 777 3751 0990909090
793 3679 933 3751 0910900,
943 3675 1089 3752 00001009

296 3760 451 3822 occultam
467 3777 529 3821 nen
550 3759 686 3836 obstare,
704 3761 777 3839 0090
796 3779 867 3821 0090
892 3762 1088 3840 Rescriptum

295 3849 443 3928 90000909
456 3866 513 3926 090
537 3848 604 3909 9090
629 3852 768 3924 externo,
785 3850 925 3910 clausula
944 3851 1089 3930 intelligi-

296 3940 358 4011 tur,
375 3935 432 3995 nisi
448 3935 650 3996 intervenerit
664 3937 776 4014 copula
790 3954 846 4014 pro
862 3938 930 3999 fore
946 3943 1086 4014 externo,

296 4024 328 4083 id
339 4029 386 4083 est
399 4023 522 4101 publice
538 4027 622 4084 neta.
640 4023 825 4085 1101009901.
844 4029 871 4102 9,
882 4045 907 4086 0.
924 4029 955 4103 9,
968 4046 998 4086 n.
1016 4031 1085 4101 979,

297 4113 382 4188 dicit,
399 4112 424 4172 si
440 4112 521 4173 adsit
544 4117 575 4174 ct
589 4113 724 4191 allegata
742 4114 782 4174 sit
805 4114 867 4174 alia
884 4115 970 4194 justa
994 4133 1090 4176 00000

298 4219 354 4280 090
369 4199 611 4278 dispensatione,
637 4219 699 4262 nen
725 4220 792 4261 0000
818 4220 895 4280 0000
915 4204 1089 4282 exprimere

1140 2357 1170 2411 et
1183 2351 1280 2412 Krim.
1293 2371 1321 2412 0.
1341 2353 1427 2426 9939,
1445 2355 1553 2412 900009
1568 2369 1639 2412 0009
1656 2354 1771 2412 Νο909.
1783 2349 1924 2430 quiajam

1140 2458 1196 2517 per
1215 2439 1479 2518 dispensationem
1499 2439 1623 2500 sublata
1653 2443 1722 2502 erat
1752 2437 1923 2519 probibitio,

1140 2529 1273 2606 ideoque
1284 2528 1509 2606 aequivalenter
1523 2530 1702 2588 cessaverat
1712 2525 1924 2606 consanguini-

1140 2621 1199 2692 tas,
1216 2618 1270 2676 aut
1284 2615 1432 2676 affinitas.
1449 2614 1527 2673 vide
1543 2617 1648 2674 tamen
1664 2614 1802 2676 dicenda
1816 2633 1846 2675 n.
1862 2615 1922 2676 999.

1181 2707 1195 2778 i
1212 2707 1258 2765 18.
1277 2703 1308 2763 69
1323 2703 1457 2763 scienter
1470 2703 1661 2767 contraxerit
1683 2703 1715 2763 90
1739 2704 1842 2782 gradu
1865 2721 1924 2783 pre
1943 2713 1980 2760 0

1140 2792 1330 2868 19919190,οι99
1353 2791 1539 2867 ignoranter
1560 2791 1697 2870 quidem,
1715 2793 1771 2852 sed
1786 2791 1936 2877 neglectis¹
1978 2800 1980 2854 f

1140 2877 1461 2958 proclamationibus,
1487 2879 1601 2941 091900
1626 2897 1688 2940 000
1717 2880 1923 2959 09909909οῐ00

1141 2969 1215 3030 99090
1238 2967 1263 3028 09
1288 2985 1350 3026 000
1369 2967 1561 3045 exprimatur
1585 2967 1670 3048 quod
1701 2967 1925 3030 Matrimonium

1141 3055 1184 3116 sic
1200 3059 1394 3115 contractum
1409 3054 1449 3115 sit
1463 3059 1726 3132 consummatum,
1743 3055 1924 3134 dispensatio

1142 3148 1189 3205 est
1202 3143 1300 3219 irrita,
1318 3143 1361 3204 uti
1377 3143 1534 3222 colligitur
1555 3161 1593 3202 ex
1612 3143 1698 3204 Trid.
1714 3163 1779 3204 sess.
1795 3148 1845 3212 99,
1860 3163 1884 3204 9.
1899 3148 1923 3210 5.

1141 3233 1176 3292 de
1199 3251 1253 3292 res.
1278 3231 1372 3292 111099.
1391 3230 1481 3310 cujus
1500 3231 1598 3290 verba
1612 3231 1704 3292 retuli
1720 3251 1751 3292 n.
1767 3236 1838 3296 998.
1855 3233 1925 3306 Ouid

1142 3321 1310 3381 dicendum
1333 3319 1382 3396 si,
1409 3319 1449 3379 sit
1469 3338 1550 3379 unus
1574 3337 1763 3396 sponsorum
1784 3321 1927 3399 ignorarit

1142 3409 1416 3488 impedimentum,
1443 3407 1600 3484 colligitur
1622 3426 1661 3467 ex
1682 3408 1768 3468 Trid.
1798 3409 1873 3470 ibid.
1901 3413 1927 3468 et

1143 3517 1180 3557 ex
1195 3497 1284 3557 dictis
1300 3496 1349 3556 hic
1364 3515 1395 3555 n.
1407 3499 1477 3556 999.
1495 3495 1673 3556 Notandum
1688 3502 1796 3558 autem
1811 3497 1924 3566 0091990,

1143 3585 1226 3665 quod
1241 3583 1327 3644 Trid.
1345 3583 1385 3643 ihi
1407 3583 1501 3658 dicat,
1528 3584 1610 3643 intra
1632 3582 1743 3662 predas
1761 3584 1924 3666 0909999909,

1142 3691 1266 3750 009000
1283 3670 1573 3749 consanguinitatis,
1599 3672 1649 3731 vel
1672 3673 1843 3750 affinitatis,
1871 3691 1923 3732 non

1142 3767 1247 3821 nutem
1262 3761 1293 3820 in
1308 3760 1368 3820 0190
1390 3759 1626 3837 impedimenta,
1643 3761 1812 3841 nequidem
1835 3761 1927 3841 publi·

1143 3867 1187 3910 eae
1203 3849 1383 3909 honestatis.
1397 3848 1475 3908 Vide
1489 3847 1575 3908 dicta
1595 3866 1626 3908 n.
1644 3853 1714 3910 502.

1184 3937 1263 4014 §itt
1287 3936 1318 3997 Si
1342 3936 1534 3997 clandestine
1557 3954 1628 3996 cum
1649 3935 1975 4016 990000909009009199

1143 4028 1358 4101 contractum,
1389 4024 1484 4086 etiam
1512 4025 1663 4104 neglectis
1682 4025 1926 4104 proclamationi-

1144 4116 1213 4187 bus,
1230 4118 1264 4174 ut
1278 4118 1389 4192 putant
1403 4112 1531 4193 llenriq.
1549 4116 1581 4174 et
1605 4115 1698 4175 Sanc.
1727 4114 1750 4174 l.
1774 4119 1805 4192 8,
1830 4113 1858 4176 d.
1881 4115 1924 4186 95,

1144 4222 1173 4262 0.
1191 4204 1240 4278 39,
1257 4200 1288 4260 id
1314 4219 1374 4260 non
1401 4199 1576 4260 necessario
1601 4219 1670 4260 esse
1685 4201 1924 4280 exprimendum,

297 4289 443 4368 copulam
466 4288 681 4364 intervenisse,
709 4289 783 4367 0090
810 4290 835 4350 09
855 4290 964 4352 decem
986 4310 1089 4352 causae
1146 4290 1219 4369 quia
1233 4289 1275 4350 ibi
1291 4288 1457 4350 deficiebat
1479 4288 1582 4348 909090
1597 4289 1812 4350 substantialis
1830 4287 1927 4350 matri·

298 4378 425 4454 adsint,
456 4376 531 4437 satis
559 4381 606 4438 009
633 4378 785 4456 allegasse
814 4397 910 4439 unam
937 4381 1091 4441 009990900-
1145 4378 1241 4440 monii
1272 4398 1279 4438 ε
1313 4378 1368 4438 sed
1392 4375 1585 4455 probabilius
1609 4377 1799 4438 contradicit
1824 4381 1924 4438 99090.
1976 4401 1978 4408 ·

297 4471 372 4527 9090.
1145 4487 1175 4548 0.
1193 4469 1370 4542 raserat,
1396 4465 1471 4544 0090
1485 4463 1569 4524 Trid.
1589 4482 1652 4525 nen
1676 4464 1752 4527 dicit
1765 4466 1928 4544 proclama·

230 4577 270 4625 003
338 4557 356 4634 ς
372 4555 418 4614 15.
433 4551 464 4614 si
480 4551 615 4612 affinitas
631 4553 812 4628 provenerit
826 4573 863 4614 ex
874 4554 981 4616 illicita
996 4574 1092 4634 cepu—
1146 4553 1292 4628 tionibus,
1310 4552 1364 4612 sed
1379 4549 1614 4612 solemnitatibus
1632 4551 1781 4632 9900100190,
1805 4567 1926 4631 000900

298 4645 339 4720 10,
356 4641 454 4720 stylus
469 4638 569 4704 Curiae
584 4639 689 4715 habet,
708 4639 792 4718 qued
809 4640 868 4701 1900
890 4641 1020 4719 exprimi
1038 4642 1094 4701 de·
1148 4641 1306 4721 praecipua
1325 4643 1372 4700 est
1390 4639 1566 4701 assistentia
1588 4639 1720 4700 Parachi
1748 4645 1779 4702 et
1800 4639 1924 4701 testium.

298 4733 382 4805 beat,
409 4728 452 4790 uti
477 4731 631 4790 testantur
654 4730 740 4788 Corr.
767 4729 788 4789 l.
813 4733 842 4804 9,
860 4748 885 4788 0.
904 4734 979 4806 9,0.
998 4733 1046 4806 l2,
1063 4733 1094 4789 09
1149 4730 1210 4790 1900
1235 4729 1347 4804 obstat,
1378 4728 1512 4789 (10990090
1540 4727 1675 4788 sormam
1705 4729 1926 4790 substantialem

297 4819 396 4880 Krim.
422 4837 450 4876 0.
479 4819 568 4891 9913,
586 4822 617 4877 09
631 4816 694 4876 0199.
712 4819 777 4877 9900
793 4819 920 4896 quande
946 4819 977 4878 in
1001 4818 1095 4880 Curia
1149 4817 1350 4895 matrimonii,
1371 4837 1439 4876 nam
1457 4811 1522 4877 ’1900
1546 4835 1672 4896 semper
1685 4823 1743 4890 est,
1768 4817 1792 4878 si
1806 4816 1927 4877 scienter

298 4904 472 4969 9999000990
497 4905 676 4980 attluitatis,
703 4923 827 4983 semper
850 4905 1034 4984 intelligitur
1058 4926 1094 4965 ex
1149 4906 1354 4967 contrabatur
1377 4923 1449 4966 cum
1468 4904 1694 4985 impedimento
1718 4905 1887 4980 dirimente,
1901 4905 1927 4962 et

97 4995 109 5028 ‘
298 4995 412 5074 000010
425 4993 521 5066 190990,
539 4995 583 5054 De
597 4995 614 5054 J
620 4993 707 5068 ustis,
725 4993 823 5054 lirim.
841 5012 872 5053 n.
886 4997 975 5054 9199.
1152 5001 1255 5056 tamen
1270 4993 1301 5053 id
1317 4993 1411 5054 debet
1425 4993 1567 5072 exprimi.

229 5102 271 5148 mr
338 5085 419 5162 §ra
437 5080 469 5141 Si
494 5079 729 5142 Matrimonium
755 5098 825 5140 cum
851 5081 980 5142 scientia
999 5081 1096 5158 impe·
1191 5085 1209 5162 §
1227 5085 1275 5142 96.
1294 5081 1565 5162 Ouandolpetitur
1588 5082 1779 5162 dispensatio
1800 5082 1837 5142 ub
1860 5097 1927 5160 pau·
1946 5085 1977 5130 999

299 5170 440 5246 dimenti,
468 5168 515 5227 vel
539 5168 702 5246 praemissa
726 5168 840 5246 copula
863 5169 903 5231 099
919 5168 1041 5244 9099090,
1058 5187 1097 5228 ex
1152 5175 1317 5251 pertatem,
1343 5190 1404 5251 000
1429 5171 1523 5232 900910
1545 5171 1612 5232 lraec
1627 5172 1791 5250 probanda
1810 5170 1856 5244 099,
1871 5166 1924 5227 dixi

299 5258 470 5322 intentione
486 5256 657 5317 facilitandi
681 5256 959 5334 dispensationem,
984 5261 1015 5317 et
1039 5257 1097 5317 hoc
1154 5279 1184 5320 n.
1201 5263 1270 5320 861.
1298 5259 1444 5320 Formula
1463 5265 1568 5321 autem
1592 5260 1719 5339 petendi
1742 5255 1926 5340 dispensatio·

300 5367 362 5410 non
378 5345 582 5425 exprimatur,
594 5345 785 5423 dispensatio
802 5351 848 5406 est
863 5345 962 5420 irrita,
981 5345 1095 5406 Sanclr.
1154 5367 1224 5408 nem
1241 5350 1355 5426 petest,
1372 5366 1401 5406 v.
1419 5365 1451 5426 g.
1468 5347 1512 5407 sic
1527 5347 1654 5408 90990099
1676 5367 1682 5407 :

301 5437 323 5497 l.
341 5441 370 5502 8,
391 5433 422 5496 d.
438 5437 488 5510 25,
505 5455 534 5494 n.
551 5437 610 5504 38;
628 5437 714 5494 Less
734 5434 765 5492 in
789 5443 867 5495 auct.
883 5453 911 5494 0.
929 5433 1021 5494 Matr.
1039 5452 1096 5494 cas.
1322 5433 1504 5496 Beatissime
1520 5437 1622 5512 Pater,

300 5530 339 5600 8;
365 5523 454 5586 Dian.
477 5541 511 5605 p.
531 5527 561 5598 8,
588 5531 609 5582 t.
636 5525 665 5598 3,
692 5523 729 5584 R.
754 5526 803 5583 82.
832 5523 864 5583 Si
888 5525 995 5582 tamen
1019 5541 1100 5604 unus
1195 5523 1370 5602 1190009909
1389 5522 1548 5586 humiliter
1563 5523 1727 5584 sanctitati
1751 5525 1859 5584 Vestra
1877 5535 1926 5598 pru
