3986 6350
303 603 361 664 388

312 784 513 862 tractionem,
530 784 633 845 33113
653 782 902 845 aedificationem.
919 784 1106 862 113333333

313 873 459 932 censetur
476 869 594 932 habere
606 868 857 950 jurisdictionem
873 868 915 929 ad
931 867 1108 947 approban-

312 960 390 1022 dum
403 959 555 1038 ineptum.
574 957 606 1019 Si
622 955 818 1019 dubitaretur
832 956 871 1017 de
885 954 1104 1034 ineptitudine,

312 1045 443 1109 deberet
456 1045 575 1107 censeri
591 1051 693 1125 aptus,
711 1045 785 1125 quia
799 1044 1001 1125 praesumptio
1014 1043 1108 1104 debet

312 1139 396 1198 stare
410 1153 467 1214 pre
483 1135 688 1214 approbante,
705 1133 810 1195 Mend.
827 1133 857 1194 d.
875 1137 1018 1211 113333,
1036 1134 1104 1192 105.

353 1226 401 1286 13.
419 1226 487 1285 Neu
501 1241 592 1302 posse
616 1223 688 1302 eligi
703 1221 935 1284 confessarium
950 1221 1108 1300 approba-

313 1316 379 1372 tum
394 1311 434 1370 ab
448 1309 613 1373 031133313
629 1310 899 1370 excommunicato
915 1325 977 1368 non
993 1308 1109 1368 tolera·

312 1403 355 1475 13,
373 1414 475 1478 33333
490 1415 640 1476 33333333
651 1397 691 1457 ab
702 1396 822 1474 Officio,
836 1400 867 1457 et
875 1393 1105 1477 jurisdictione

312 1484 386 1565 quia
399 1502 473 1546 vere
495 1485 546 1545 ille
569 1484 784 1546 Confessarius
798 1501 861 1545 uon
886 1487 935 1544 cst
950 1482 1109 1560 approba-

311 1581 373 1651 tus,
390 1591 463 1634 uam
482 1572 668 1652 approbatio
690 1577 737 1634 est
751 1576 839 1634 actus
859 1570 1106 1652 jurisdictionis,

312 1679 407 1741 quam
430 1661 602 1740 Episcopus
622 1661 667 1722 ita
690 1660 978 1722 excommunicatus
993 1662 1025 1719 et
1042 1676 1110 1720 sus·

312 1767 428 1828 pensus
443 1767 588 1809 exercere
603 1767 666 1810 nou
681 1749 775 1810 valet.

354 1832 402 1889 11.
420 1830 513 1889 Posse
529 1828 600 1908 eligi
617 1846 702 1906 eum,
716 1828 768 1908 qui
779 1829 971 1909 approbatus
983 1832 1030 1890 est
1041 1826 1110 1886 uni-

313 1916 476 1977 versaliter
496 1917 536 1978 ab
557 1917 712 1997 Episcopo
727 1918 767 1978 ad
790 1919 995 1980 Sacramenta
1009 1916 1111 1977 admi·

314 2004 486 2067 nistrauda.
508 2009 586 2068 Item
602 2023 690 2082 cum,
711 2005 765 2085 qui
789 2007 981 2085 approbatus
1001 2010 1048 2064 est
1069 2003 1109 2062 ab

315 2093 470 2172 Episcopo
485 2093 711 2172 approbatione
727 2093 831 2170 tacita,
845 2097 899 2155 aut
913 2092 1111 2154 ratihabitio-

314 2198 365 2257 ne,
382 2199 412 2241 v.
436 2198 467 2260 g.
493 2180 518 2241 si
541 2181 715 2261 Episcopus
736 2181 816 2243 vidit
833 2199 906 2241 eum
930 2181 1110 2242 audientem

314 2269 537 2346 consessiones,
559 2275 590 2331 31
613 2287 674 2330 333
697 2270 873 2349 prohibuit,
896 2271 946 2330 vel
970 2268 1111 2348 permisit

315 2376 387 2418 eum
398 2358 589 2435 audientem,
601 2359 706 2421 Mend.
719 2358 748 2420 d.
762 2361 811 2436 11,
824 2379 853 2419 3.
867 2362 936 2436 111,
947 2376 1018 2418 cum
1029 2356 1108 2417 aliis.

356 2449 404 2508 15.
422 2445 652 2509 confessarium
667 2447 803 2508 electum
818 2446 933 2508 virtute
949 2448 1063 2522 Β3113,
1081 2447 1112 2506 31

315 2533 506 2596 sufficienter
527 2535 736 2613 approbatum
759 2539 968 2596 consentanee
988 2534 1028 2595 ad
1044 2533 1112 2613 opi-

316 2622 444 2683 nionem
458 2621 672 2701 probabilem,
689 2623 833 2702 quamvis
855 2622 895 2685 sit
909 2621 1012 2683 miuus
1026 2625 1109 2696 tuta,

317 2712 348 2770 31
370 2727 481 2770 revera
501 2709 590 2786 13133,
607 2709 824 2772 absoluturum
847 2708 968 2781 valide3
987 2708 1061 2788 quia
1079 2708 1111 2767 13

316 2796 378 2859 hoc
396 2815 472 2858 casu
495 2798 605 2859 tribuit
622 2798 763 2859 Ecclesia
783 2797 1054 2877 approbationem,
1078 2800 1113 2857 ut

316 2882 348 2944 iu
372 2881 527 2944 similibus
546 2883 810 2964 jurisdictionem,
827 2883 953 2963 quando
978 2901 1056 2961 opus
1073 2883 1113 2944 sit

317 2988 389 3032 cum
404 2969 550 3049 opinione
564 2971 731 3050 probabili.
749 2974 857 3050 Neque
877 2971 1021 3049 peccabit
1035 2972 1112 3032 Gon-

317 3056 465 3119 fessarius
489 3063 599 3119 contra
617 3057 802 3120 charitatem
824 3075 926 3138 neque
937 3057 1109 3138 justitiam

317 3146 393 3228 quia
408 3163 469 3206 non
494 3144 622 3224 exponit
635 3146 840 3225 poenitentcm
853 3146 993 3224 periculo
1007 3145 1112 3224 gravis

322 3233 513 3311 detrimenti,
530 3233 614 3314 qued
629 3252 691 3296 non
706 3241 755 3296 est
768 3235 894 3315 quando
912 3235 1064 3296 confessio
1082 3238 1113 3296 31

318 3320 476 3383 absolutio
492 3325 565 3382 suut
578 3321 705 3396 validae3
719 3322 981 3402 8311333133.
995 3322 1110 3385 Saneh.

319 3407 474 3486 31313333
493 3406 545 3467 alii
560 3407 649 3468 relati
664 3425 684 3469 a
697 3409 815 3470 Leand.
833 3407 869 3469 cle
882 3407 970 3470 Scor.
988 3418 1010 3469 t.
1028 3412 1056 3485 1,
1072 3418 1110 3468 tr.

317 3499 348 3573 5,
365 3494 396 3556 1.
414 3497 462 3571 11,
482 3497 652 3574 3333119.

362 3585 411 3645 16.
434 3581 701 3662 approbationem
716 3584 925 3646 neeessariam
939 3584 970 3645 in
987 3583 1114 3646 Coales-

318 3670 401 3732 sario
420 3673 456 3732 ut
473 3669 571 3749 possit
593 3670 665 3750 eligi
686 3669 803 3733 virtute
827 3673 925 3735 Β3113
949 3672 981 3732 13
1004 3671 1113 3734 331133

319 3757 360 3819 31
383 3755 622 3835 contessionem,
644 3775 711 3818 esse
727 3758 822 3820 etiam
835 3760 1048 3821 necessariam
1073 3760 1113 3820 ad

318 3845 470 3926 gaudium
489 3845 622 3907 aliorum
643 3847 891 3926 privilegiorum,
913 3865 983 3928 333
1005 3865 1114 3909 couce-

320 3934 469 3996 111Β3113
483 3952 555 3996 cum
569 3934 798 3997 interventione
814 3934 1013 3997 confessarii.

361 4028 410 4086 17.
423 4027 491 4086 Ν33
502 4041 569 4084 3333
581 4023 791 4084 necessariam
801 4023 968 4085 formulam
978 4023 1115 4104 aliquam

319 4111 500 4188 verborum,
517 4115 552 4171 ut
565 4110 716 4188 eligatur3
733 4109 789 4170 sed
803 4109 948 4171 sufficere
963 4109 1116 4189 poeniteu-

321 4203 385 4259 tem
404 4197 521 4259 habere
545 4197 679 4274 Bullam,
703 4200 734 4259 et
748 4198 833 4278 quod
856 4197 935 4258 sciat
955 4195 1117 4259 Confessa-

320 4289 397 4362 rius,
414 4290 448 4348 ut
458 4284 581 4365 operari
593 4285 692 4365 possit
701 4285 927 4347 benefaciendo
938 4284 1114 4365 poenitenti,

321 4372 470 4452 quioquid
488 4373 633 4435 concedit
646 4373 746 4435 Bulla.

534 4665 826 4731 scultetos
850 4667 897 4730 11.

322 4857 366 4920 ,De
388 4867 533 4939 potestate
562 4859 743 4942 Consessem'i
767 4860 854 4922 electi
879 4865 986 4923 virtute
1016 4857 1118 4923 Β3113

361 4955 460 5039 quoad
485 4955 692 5020 absolutionem
722 4958 877 5040 33133333
906 4965 1117 5020 remeaturum

362 5062 390 5113 et
404 5064 703 5118 ncneeeervutorum.

363 5258 470 5318 Potest
479 5257 693 5319 confessarius
701 5256 817 5320 virtute
827 5254 924 5316 Β3113
939 5252 1056 5314 3133133
1066 5251 1119 5313 ab

247 5330 252 5348 ⁸
322 5343 444 5406 solvere
459 5343 665 5424 poenitentem
680 5344 776 5406 semel
791 5344 822 5404 in
838 5343 913 5420 vita,
931 5345 962 5403 et
976 5342 1072 5402 semel
1086 5340 1118 5400 in

323 5430 454 5492 articulo
480 5432 608 5508 mortis,
633 5450 653 5492 3
680 5432 930 5511 quibuscumque
956 5429 1113 5507 peccatis,

324 5533 522 5596 quocumque
537 5519 631 5580 modo
641 5518 828 5597 apostolicae
843 5517 917 5580 Sedi
932 5517 1110 5594 reservatis,

1006 595 1121 658 3333
1144 563 1226 658 ’33,

1163 785 1292 860 excepto
1308 781 1438 843 crimine
1452 783 1591 844 haeresis.
1609 785 1634 844 A
1650 799 1715 843 non
1725 779 1903 844 reservatis
1911 799 1962 842 re-

1162 887 1210 946 33,
1236 869 1328 931 131133
1350 869 1471 950 3331133
1495 870 1651 951 poenitens
1671 870 1841 932 confessus
1862 871 1962 932 fuerit.

1163 957 1196 1018 Si
1211 961 1316 1018 autem
1332 963 1515 1036 peccatum,
1532 962 1588 1020 aut
1601 976 1748 1036 censura,
1765 979 1786 1020 a
1800 977 1871 1038 qua
1885 957 1966 1038 cupit

1162 1045 1294 1123 absolvi,
1312 1046 1558 1108 satisfactionem
1574 1049 1771 1127 expostulat,
1787 1051 1966 1126 praemonet

1162 1133 1253 1194 Bulla
1268 1151 1330 1194 333
1353 1127 1586 1196 absolvendum
1606 1136 1684 1213 1333,
1701 1136 1779 1215 3313
1799 1136 1895 1214 33133
1915 1153 1966 1214 333

1163 1238 1215 1296 33,
1233 1221 1326 1282 33131
1341 1221 1409 1300 1333
1424 1239 1486 1283 333
1501 1225 1614 1302 331331,
1632 1241 1689 1302 333
1708 1220 1860 1283 baeredes
1876 1241 1963 1300 sues,

1163 1308 1407 1370 satisfactionem
1420 1310 1543 1373 reddat.
1556 1311 1635 1372 Hinc
1650 1310 1824 1372 resolvitur
1838 1331 1846 1371 :

1204 1399 1232 1457 1.
1260 1395 1349 1468 0331
1374 1396 1595 1476 privilegium,
1622 1415 1684 1478 quo
1703 1397 1829 1478 gaudet
1852 1398 1965 1460 habeus

1163 1483 1297 1560 Rullum,
1314 1490 1350 1544 ut
1364 1484 1547 1546 absolvatur
1560 1504 1580 1546 a
1594 1486 1743 1566 peccatis,
1761 1505 1831 1548 non
1847 1489 1964 1548 tantum

1164 1571 1347 1650 intelligitur
1361 1572 1400 1632 de
1415 1572 1612 1634 absolutione
1631 1591 1650 1634 3
1666 1573 1810 1652 peccatis
1825 1574 1964 1635 commis

1164 1658 1206 1720 sis
1234 1664 1306 1739 post
1333 1661 1583 1740 acceptationem
1610 1662 1729 1738 Bulla,
1756 1660 1818 1721 sed
1845 1661 1885 1721 de
1912 1661 1964 1722 illis

1164 1747 1279 1824 etiam,
1312 1767 1383 1828 quae
1410 1753 1482 1810 aute
1516 1749 1770 1827 acceptationem
1802 1749 1963 1810 commissa

1164 1839 1247 1896 suut.
1261 1837 1362 1912 ltatio,
1376 1836 1450 1916 quia
1464 1837 1554 1897 Bulla
1564 1855 1627 1898 non
1638 1835 1810 1914 distinguit
1826 1836 1963 1914 aliapee-

1165 1929 1235 1985 cata
1254 1924 1294 1985 ab
1315 1924 1403 2003 aliis,
1423 1924 1479 1986 sed
1501 1925 1569 2005 ejus
1592 1924 1690 1985 verba
1709 1927 1851 2004 peccata
1869 1923 1962 1984 omnia

1164 2013 1355 2091 generaliter
1369 2012 1653 2092 comprehendunt,
1669 2011 1786 2072 Thom.
1808 2012 1960 2074 83331313

1165 2120 1270 2160 summ.
1288 2107 1309 2162 t.
1328 2103 1357 2178 1,
1374 2099 1471 2178 113,
1489 2120 1553 2182 cop.
1574 2104 1625 2178 53,
1640 2119 1672 2160 3.
1693 2101 1745 2175 26,
1767 2117 1846 2161 cum
1868 2098 1961 2162 multu

1166 2189 1247 2251 aliis.

1206 2283 1236 2338 Ξ).
1270 2277 1395 2339 Absolvi
1418 2295 1510 2356 posse
1534 2296 1592 2357 per
1614 2278 1751 2356 Bullam,
1775 2277 1837 2359 qui
1858 2277 1889 2337 in
1907 2277 1959 2338 tide

1166 2364 1264 2426 Β3113
1279 2365 1433 2443 peccavit,
1451 2365 1494 2426 ita
1509 2370 1620 2427 utnon
1635 2371 1799 2445 peccaret,
1823 2366 1882 2426 uisi
1902 2383 1959 2444 spe·

1166 2457 1251 2514 roret
1265 2453 1380 2514 virtute
1395 2452 1492 2512 Β3113.
1508 2453 1628 2514 absolvi
1643 2471 1757 2532 posse;
1771 2453 1853 2534 quia
1861 2469 1959 2528 excep·

1166 2541 1209 2603 tic
1224 2543 1329 2602 firmat
1350 2541 1492 2620 regulam
1507 2540 1539 2601 in
1555 2541 1762 2618 contrarium,
1780 2547 1816 2603 et
1831 2559 1900 2602 cum
1915 2557 1958 2598 33-

1167 2629 1302 2708 31313133
1335 2629 1488 2690 duutaxat
1519 2629 1723 2709 privilegium
1756 2625 1957 2709 componendi

1166 2717 1251 2779 bona
1265 2716 1373 2778 habita
1387 2717 1471 2778 mala
1484 2717 1557 2794 tide,
1570 2736 1642 2797 quae
1656 2717 1771 2779 incerti
1783 2723 1860 2778 sunt
1873 2715 1957 2777 domi·

1167 2805 1210 2882 ni,
1228 2809 1260 2866 et
1272 2805 1473 2885 privilegium
1482 2805 1687 2884 indulgentius
1698 2805 1730 2866 iu
1742 2805 1881 2867 articulo
1889 2821 1957 2863 mor·

1166 2893 1218 2970 tis,
1234 2911 1273 2953 ne
1289 2893 1409 2972 possint
1430 2911 1467 2954 33
1482 2892 1634 2974 gaudere,
1659 2893 1712 2974 qui
1734 2893 1861 2972 operati
1880 2897 1954 2968 suut,

1165 2982 1217 3042 vel
1231 2981 1378 3043 33333133
1388 2981 1555 3043 fueruutiu
1566 2981 1628 3042 tide
1638 2981 1750 3059 Bullae,
1764 2986 1867 3044 restat
1876 2981 1955 3040 aliam

1166 3075 1288 3149 partem
1313 3087 1381 3129 esse
1405 3069 1576 3146 firmatam,
1592 3068 1703 3130 Covar.
1723 3069 1873 3130 Sanctar.
1897 3065 1951 3127 1111.

1168 3157 1294 3236 allegati
1309 3156 1456 3218 31113313
1471 3153 1501 3216 d.
1518 3159 1569 3231 23,
1586 3176 1668 3218 num.
1685 3158 1715 3217 e.

1207 3247 1237 3306 3.
1255 3243 1344 3317 0331
1360 3243 1580 3305 sicasusSedi
1602 3243 1797 3321 Apostolicae
1816 3237 1949 3304 reseruati
1990 3264 1991 3267 ¹

1168 3332 1230 3394 sint
1245 3331 1369 3408 occulti,
1383 3331 1482 3411 possit
1494 3331 1652 3410 poenitens
1666 3332 1787 3393 virtute
1802 3330 1897 3392 Bulla
1909 3327 1950 3389 ab

1168 3421 1246 3483 solvi
1268 3421 1308 3482 ab
1331 3419 1391 3480 illis
1413 3419 1506 3481 toties
1525 3419 1648 3499 quoties
1668 3419 1837 3480 confessus
1854 3415 1949 3486 133313

1169 3509 1243 3590 3313
1254 3507 1379 3589 333313
1393 3511 1465 3568 3331
1480 3507 1604 3582 occulti,
1617 3524 1680 3567 nou
1696 3501 1951 3567 reservanturuisi

1168 3597 1336 3676 Episcopo,
1354 3600 1387 3657 31
1402 3598 1525 3656 3333131
1540 3611 1578 3654 ex
1591 3593 1712 3657 concil.
1731 3593 1823 3656 Trid.
1838 3593 1949 3666 333311,

1169 3685 1204 3748 13
1218 3685 1310 3765 refer.
1328 3703 1394 3764 333.
1410 3686 1440 3745 6.
1458 3681 1620 3762 Excipitur
1634 3682 1759 3743 crimen
1775 3681 1908 3756 haeresis,
1921 3679 1950 3738 de

1170 3791 1232 3854 333
1248 3779 1367 3852 postea.

1208 3866 1239 3922 1.
1256 3860 1345 3934 Quod
1359 3860 1391 3920 in
1405 3860 1484 3921 locis
1494 3859 1547 3920 ubi
1563 3859 1655 3921 Bulla
1669 3859 1806 3938 valeret,
1819 3855 1949 3921 Tridenti-

1170 3969 1246 4011 num
1268 3953 1374 4010 tamen
1395 3967 1458 4010 nou
1483 3947 1949 4028 33331333331313,33333331

1170 4037 1289 4100 absolvi
1318 4037 1475 4116 poeuiteus
1503 4035 1618 4097 virtute
1651 4035 1752 4097 Β3113
1781 4054 1803 4097 3
1835 4029 1948 4114 peccatis

1170 4123 1357 4205 apostolicae
1380 4123 1454 4185 Sedi
1468 4123 1648 4200 reservatis,
1672 4123 1823 4203 quamvis
1843 4117 1948 4184 occultis

1170 4213 1261 4276 toties
1285 4212 1407 4292 quoties
1427 4212 1647 4284 consitemtur3
1664 4210 1721 4271 sed
1742 4210 1841 4272 semel
1855 4209 1883 4268 in
1899 4205 1947 4266 rita

1171 4308 1203 4363 31
1217 4302 1312 4363 semel
1335 4301 1366 4361 in
1386 4305 1499 4377 morte,
1517 4299 1592 4379 quia
1605 4299 1650 4360 ibi
1673 4317 1736 4361 non
1760 4305 1844 4360 esset
1864 4295 1947 4356 ablata

1171 4388 1342 4451 reservatio
1366 4392 1512 4468 respectu
1535 4387 1785 4466 Episcepcrum3
1802 4386 1884 4448 etita
1899 4397 1945 4442 uon

1171 4481 1300 4557 possent
1312 4477 1362 4538 isti
1378 4476 1541 4538 absoluere
1557 4475 1598 4536 ab
1612 4474 1662 4536 his
1677 4475 1812 4538 occultis
1828 4471 1945 4542 casibus,

1173 4563 1248 4644 quia
1269 4563 1322 4625 ubi
1347 4581 1411 4624 non
1429 4561 1605 4624 admittitur
1624 4562 1802 4624 Concilium
1817 4561 1944 4630 313333,

1172 4669 1274 4733 neque
1290 4652 1384 4714 ctiam
1399 4650 1576 4713 admittitur
1594 4651 1804 4713 adseverem.

1212 4743 1243 4802 5.
1260 4742 1354 4801 Posse
1369 4733 1489 4800 ahsol'vi
1505 4756 1670 4819 quousque
1685 4735 1872 4818 apraedictis
1884 4729 1945 4796 easi-

1172 4829 1243 4906 bus,
1260 4827 1375 4889 virtute
1389 4827 1499 4904 Bullce,
1515 4826 1608 4889 131133
1624 4827 1749 4906 quoties
1764 4823 1887 4888 confessi
1895 4821 1945 4882 lue

1172 4916 1245 4991 3131,
1263 4931 1324 4974 333
1340 4913 1442 4973 solum
1457 4913 1583 4993 quando
1598 4919 1672 4976 sunt
1686 4914 1813 4992 occulti,
1829 4915 1860 4974 ut
1871 4923 1942 4971 nemo

1172 5003 1271 5082 possit
1284 5019 1337 5062 eos
1351 5001 1498 5079 probare,
1514 5000 1681 5063 sedetiam
1701 5002 1827 5082 quando
1846 4995 1943 5060 3333131

1172 5089 1341 5168 aliquibus,
1357 5088 1452 5149 modo
1466 5087 1562 5167 vulgo
1574 5106 1637 5149 333
1651 5088 1807 5162 sciantur;
1819 5079 1941 5166 nequein

1172 5169 1274 5230 lorum
1290 5166 1521 5229 contentiosum
1540 5169 1603 5228 sint
1616 5167 1761 5243 deducti;
1779 5167 1848 5248 quia
1860 5157 1941 5224 oucul-

1171 5261 1239 5320 tum
1255 5257 1305 5317 bic
1329 5256 1483 5335 accipitur
1507 5261 1663 5336 quatenus
1682 5257 1849 5336 opponitur
1859 5245 1939 5331 publi·

1172 5363 1209 5406 cc
1225 5348 1256 5406 et
1269 5345 1404 5423 notorio,
1421 5349 1453 5406 et
1467 5343 1510 5406 ita
1524 5344 1678 5424 accipitur
1692 5361 1712 5404 3
1725 5340 1901 5410 Tridentino,
1913 5333 1939 5392 ut

1173 5433 1267 5494 etiam
1285 5433 1315 5492 in
1327 5433 1400 5513 jure
1421 5433 1567 5495 usitatur.
1585 5432 1675 5504 Quod
1689 5437 1795 5494 autem
1808 5449 1826 5492 a
1838 5423 1938 5490 3331111

1172 5521 1302 5585 33331113
1320 5519 1472 5600 praedicto
1493 5539 1587 5582 sensu
1607 5519 1729 5599 possint
1749 5513 1880 5600 Episcopi
1895 5507 1936 5572 11·
