3986 6350
611 621 663 684 DE
686 627 718 688 S.
744 620 955 687 CRUGIA'PAE
975 627 1117 691 BULLA.
1620 641 1678 702 385

82 805 107 865 3.
122 803 205 876 Quod
221 805 348 866 nomine
363 805 568 868 Praelatorum
579 826 641 869 non
651 809 824 889 intelligen·
879 830 920 873 na
934 831 990 891 pro
1006 815 1171 877 Missurum
1186 833 1295 878 carum
1310 835 1452 898 numero,
1478 821 1556 902 quas
1579 823 1676 885 benc-

52 889 156 953 dislnt
180 891 331 971 Abbates,
361 897 416 955 aut
449 895 573 957 Priores
610 898 821 975 Monachales,
878 901 999 964 liciatus
1014 920 1071 981 pro
1085 904 1228 967 beneficii
1249 924 1343 968 onere
1368 908 1529 972 celebrare
1553 914 1672 995 nequit.

50 979 175 1059 quamvis
188 998 246 1060 per
259 981 404 1043 accidens
418 982 557 1046 habeant
570 984 602 1045 in
626 986 730 1066 aliquo
754 987 823 1048 loco
878 989 958 1052 'lull
984 990 1097 1053 citatus
1121 993 1267 1055 aMendo
1282 994 1311 1057 d.
1325 997 1375 1075 3l,
1395 1017 1426 1060 n.
1440 1001 1489 1062 l8.

47 1066 278 1146 jurisdictionem
308 1072 502 1133 saecularem.
538 1072 756 1152 intelliguntur
778 1078 823 1136 ta·
916 1080 947 1138 4.
978 1079 1067 1150 Quod
1095 1081 1135 1140 ad
1164 1083 1430 1160 computationem
1459 1089 1673 1151 tercentorum

49 1174 107 1216 nen
121 1156 432 1238 Abbatesbenedicti,
449 1161 503 1241 qui
517 1159 635 1224 habent
653 1162 823 1225 Ecclesias-
877 1163 1063 1227 ducatorum
1082 1169 1240 1230 numerari
1262 1169 1398 1234 debeant
1420 1173 1668 1255 distributiones,

49 1245 126 1306 licam
136 1245 395 1325 jurisdictionem.
412 1249 524 1311 Mando
539 1248 569 1310 d.
586 1251 636 1327 31,
647 1268 678 1311 n.
689 1252 738 1313 ll.
877 1253 952 1331 quia
965 1258 1038 1332 sunt
1052 1255 1203 1335 redditus,
1221 1260 1364 1337 quamvis
1379 1279 1442 1322 non
1457 1262 1519 1324 sint
1537 1263 1668 1330 fructus.

79 1337 104 1394 l.
119 1335 203 1406 Quod
228 1353 330 1417 neque
354 1337 447 1399 etiam
462 1338 602 1417 gaudent
616 1338 676 1400 boc
694 1339 822 1418 privile·
876 1341 940 1402 Sed
963 1359 1026 1402 non
1048 1345 1095 1404 est
1122 1348 1360 1409 annumeranda
1388 1349 1588 1430 eleemosyna
1615 1373 1672 1433 pro

47 1421 89 1500 gio
101 1421 241 1484 canonici
257 1424 437 1503 llegulares,
455 1426 529 1506 quia
551 1431 624 1488 sunt
644 1445 717 1487 vere
738 1427 821 1488 ileli-
875 1427 987 1506 Missis,
1005 1447 1074 1510 quae
1089 1448 1151 1491 non
1167 1431 1322 1495 debentur
1335 1428 1498 1517 beneflcio,
1512 1440 1672 1520 quiaistas

46 1509 121 1588 giesi,
148 1513 179 1572 et
196 1511 309 1574 vivunt
337 1513 498 1594 Religione
521 1514 553 1575 in
577 1515 762 1596 approbata,
790 1519 822 1578 et
874 1514 972 1578 libere
987 1521 1090 1595 polest
1102 1519 1307 1584 hencliciatns
1322 1526 1481 1588 celebrare
1496 1547 1608 1608 perse,
1622 1532 1670 1591 vel

47 1599 101 1659 bec
120 1599 207 1661 Bulla
229 1618 293 1661 non
315 1602 498 1664 conceditur
515 1603 702 1684 Religiosis:
724 1601 817 1664 Idem.
874 1621 932 1684 per
956 1605 1063 1684 alium,
1089 1607 1139 1668 vel
1162 1609 1303 1673 obsolute
1327 1631 1388 1674 non
1414 1615 1585 1678 celebrare.
1608 1621 1671 1680 Ncc

46 1707 70 1748 ῃ,
84 1691 125 1750 10,
874 1691 969 1753 ctiam
997 1698 1270 1760 annumerandum
1297 1705 1344 1762 cst
1378 1702 1550 1783 quidquam
1583 1705 1670 1766 aliud

79 1775 238 1851 ducatur:
256 1777 387 1854 Quonam
398 1780 493 1862 pretio
509 1779 730 1842 Commiseorios
744 1781 820 1843 Bul·
873 1785 989 1859 prater
999 1782 1139 1844 redditus
1147 1785 1226 1864 illos,
1238 1787 1291 1867 qui
1301 1789 1487 1853 beneficiato
1498 1793 1672 1857 obveniunt

46 1863 92 1924 lura
105 1867 271 1928 toroceru't?
284 1870 320 1930 R.
339 1872 367 1929 l.
385 1867 474 1940 Quod
490 1886 509 1929 a
527 1867 728 1947 Patriarcbis,
754 1868 818 1930 Pri·
873 1869 993 1930 ratione
1007 1869 1169 1946 beneficii;
1187 1892 1249 1935 non
1264 1894 1338 1937 vero
1360 1879 1392 1958 ii,
1417 1899 1495 1960 quos
1514 1901 1572 1961 per
1590 1883 1669 1944 acei-

45 1952 170 2029 malibus,
195 1955 464 2036 Amhiepiscopis,
484 1955 646 2036 Episcopis
666 1961 697 2016 et
715 1955 817 2018 Abba·
873 1955 961 2035 dens,
978 1963 1010 2018 et
1023 1957 1085 2019 alia
1102 1959 1151 2021 via
1165 1961 1345 2026 obtinuerit.

46 2040 112 2102 libus
134 2041 318 2120 benedictis,
335 2043 583 2124 vigintiquatuor
605 2045 745 2125 exegerit
767 2063 818 2106 ar-
911 2049 941 2107 5.
959 2045 1087 2118 Quodsi
1103 2047 1158 2108 dat
1176 2052 1298 2128 partem
1320 2051 1501 2114 reddituum
1521 2056 1668 2120 beneficii

44 2131 163 2207 gentem.
189 2131 228 2193 Et
248 2132 274 2193 si
296 2132 328 2192 in
344 2133 449 2212 aliqua
467 2132 606 2196 Ecclesia
625 2133 814 2212 cathedrali,
872 2131 935 2208 alii,
952 2133 1006 2212 qui
1021 2150 1077 2212 pro
1091 2151 1125 2195 se
1143 2135 1294 2200 beneficio
1318 2139 1478 2220 inserviat,
1506 2143 1558 2204 illa
1581 2165 1666 2225 pare,

45 2219 88 2276 aut
98 2217 263 2298 collegiata
276 2220 357 2282 leret
371 2221 487 2299 Abbas,
511 2220 566 2282 sed
587 2220 654 2282 sine
673 2221 816 2300 ampliori
871 2237 941 2302 quae
956 2220 1059 2300 datur,
1077 2226 1313 2287 annumeranda
1332 2230 1379 2290 est
1401 2231 1549 2292 tercentis
1570 2231 1667 2296 duaa-

41 2300 248 2385 jun'sdiclione‚
265 2326 362 2388 quam
376 2308 494 2371 habent
507 2309 634 2386 Decani,
652 2315 706 2371 aut
730 2309 816 2371 Prio-
870 2309 920 2386 tis,
938 2311 1013 2371 acsi
1028 2310 1095 2450 ipse
1118 2312 1321 2404 beneficiatus
1336 2315 1510 2380 inserviret.

43 2409 83 2452 res
100 2392 126 2452 in
146 2394 213 2456 aliis
237 2397 395 2474 Ecclesiis,
414 2416 477 2460 nou
491 2401 615 2460 tenetur
628 2397 815 2478 vigintiqua-
915 2392 944 2450 6·
962 2391 1028 2461 Ouo
1066 2389 1133 2452 haess
1153 2395 1554 2477 laxat¹⁰⁰⁰1¹i¹¹leffidflllff
1568 2399 1666 2480 ῙΠΨΟ·

43 2483 100 2540 tum
109 2481 171 2543 51103
181 2489 349 2565 argenteos
360 2485 597 2565 porrigere‚sed
608 2502 679 2546 eam
689 2489 812 2548 tantum
870 2476 1004 2554 silebis,
1021 2477 1073 2558 qui
1089 2478 1206 2542 babent
1215 2482 1420 2562 capellanias,
1431 2487 1574 2563 quamvis
1588 2489 1666 2550 ista-

10 2629 11 2632 ,
43 2566 266 2650 eleemosynam,
284 2590 380 2652 quam
394 2573 457 2651 alii,
475 2573 615 2654 quisunt
634 2573 811 2653 dignitates,
869 2583 940 2626 rum
954 2565 1094 2628 redditus
1108 2571 1249 2629 tercenta
1262 2567 1377 2633 ducale
1391 2573 1565 2653 attingant;
1590 2577 1665 2655 quia

42 2653 146 2736 elargiri
161 2662 324 2732 tenentum
342 2661 416 2742 quja
431 2660 573 2740 quamvis
592 2661 661 2738 ispe,
688 2659 814 2722 nomine
869 2652 1012 2732 quamvis
1037 2652 1251 2732 intelligantur
1271 2657 1376 2736 vulgo,
1402 2659 1528 2721 nomine
1547 2661 1664 2724 benefi-

42 2744 194 2820 appeueyup
206 2745 350 2824 Abbafis,
366 2747 399 2807 jn
414 2765 448 2807 re
463 2750 567 2809 tamen
590 2764 651 2809 non
674 2751 722 2809 est
744 2747 814 2828 plus
868 2740 1000 2818 ciorum,
1011 2741 1362 2805 Commissarinstamcn
1377 2745 1550 2828 distinguit,
1562 2754 1662 2812 utros-

42 2847 118 2910 ψῃ
132 2833 277 2914 dignitas,
869 2846 940 2910 que,
954 2828 1238 2909 etistisCapcllanis
1248 2837 1413 2912 sequentes
1422 2836 1659 2916 assignationes.

10 2919 12 2928 ’
60 2921 152 3001 besp.
176 2925 206 2982 2.
229 2921 440 3001 Dignitatibus
463 2925 495 2984 et
517 2921 682 2984 Canonicis
708 2922 812 2984 Eccle·
911 2919 1045 2997 {desp-4·
1061 2918 1660 3004 Habesslihusssapellasslas‚cujuscum-

39 3005 137 3068 3jamm
159 3008 394 3072 flathedralium
427 3012 459 3072 et
478 3009 739 3090 eollegiatanum,
765 3030 812 3072 ar·
868 3025 929 3087 que
952 3007 1139 3069 conditionis
1162 3008 1305 3086 existant,
1331 3015 1386 3072 aut
1404 3012 1566 3091 beneficia,
1583 3032 1660 3093 pen·

39 3099 148 3172 gentem
160 3101 231 3159 octo
246 3096 412 3160 taxavisse.
430 3099 505 3170 Quae
520 3099 636 3160 taxatio
651 3117 713 3160 non
723 3098 812 3161 intel·
867 3095 980 3172 aiones,
998 3098 1052 3156 aut
1066 3095 1143 3157 alios
1157 3095 1298 3159 redditus
1311 3098 1556 3178 Ecclesiasticos,
1573 3103 1662 3166 itaut

39 3179 284 3264 ligiturimposita
299 3184 539 3266 Coadjutoribus
560 3185 731 3267 dignitatis,
757 3191 813 3250 aut
866 3183 1028 3244 annuatim
1049 3202 1088 3245 ex
1111 3184 1156 3245 eis
1179 3184 1314 3247 ducenta
1336 3186 1450 3250 ducatu
1472 3189 1657 3272 percipiant,

39 3270 234 3350 canonicatus,
253 3272 328 3353 quia
342 3272 373 3333 hi
389 3292 451 3335 non
466 3279 539 3336 sunt
560 3273 686 3354 proprie
709 3275 813 3355 digni·
867 3268 1018 3348 assignari
1034 3289 1091 3350 pro
1111 3272 1310 3351 eleemosyna
1323 3277 1459 3354 quatuor
1479 3281 1656 3356 argenteos.

10 3433 11 3440 .
38 3359 112 3434 tates,
126 3365 178 3424 aut
192 3361 353 3440 Canonici,
377 3366 411 3423 ut
434 3362 549 3425 docent
572 3364 709 3440 Garzias,
733 3365 812 3427 Bar·
865 3356 956 3418 Unde
971 3358 1156 3420 r080lvil11r1

10 3469 12 3528 3
37 3442 100 3506 bosa
111 3451 140 3508 gy
151 3449 332 3510 'puppem
349 3449 435 3512 citati
449 3469 468 3511 a
481 3450 595 3512 Mando
609 3469 641 3512 η,
659 3453 707 3513 13,
907 3447 936 3506 l.
949 3445 1038 3517 Quod
1049 3464 1158 3508 omnes
1169 3448 1385 3528 resolutiones,
1397 3467 1467 3531 quae
1478 3451 1569 3516 dictae
1585 3453 1660 3517 sunl

10 3573 12 3608 ÷
68 3535 148 3614 desp.
165 3539 193 3598 3.
212 3538 306 3610 Quod
319 3537 352 3598 hi
366 3537 418 3618 qul
434 3537 466 3598 in
481 3539 622 3600 Ecclesia
640 3540 809 3604 Gatbedra-
864 3535 936 3610 post
948 3533 1077 3595 tertium
1091 3553 1287 3614 responsum,
1305 3543 1435 3617 excepta
1449 3540 1559 3602 ultima
1573 3559 1659 3602 reso·

10 3633 11 3638 ’
37 3617 122 3697 11,qu
133 3625 304 3706 collegiata
317 3625 435 3688 habent
449 3627 624 3706 portionem
640 3627 806 3709 integram,
866 3620 984 3682 lulione
998 3620 1135 3685 debeant
1153 3623 1303 3702 applicari
1325 3631 1356 3687 et
1370 3627 1570 3690 accomodari
1588 3648 1659 3709 p1'0·

10 3707 11 3784 ρ
37 3712 80 3770 uua
91 3710 259 3790 dimidiam,
276 3713 370 3775 etiam
384 3714 544 3794 parochis,
558 3716 809 3796 appendentibus
864 3707 1081 3787 personaliter
1097 3710 1137 3771 aa
1152 3711 1212 3772 1100
1227 3717 1373 3793 quartum
1386 3733 1585 3794 responsum·

10 3799 12 3842 ἓ
36 3793 166 3862 beneficio
188 3801 335 3880 simplici,
361 3807 415 3864 aut
436 3803 646 3867 assistentiam
669 3809 806 3884 petente,
902 3803 932 3858 2·
949 3797 1038 3868 Quod
1053 3799 1302 3878 Gflpellasslalum
1318 3804 1444 3865 nomine
1459 3822 1520 3865 110ss
1542 3805 1657 3867 inlelli-

10 3941 12 3946 ,
35 3883 193 3949 eiredditus
206 3889 351 3951 beneficii
365 3893 506 3952 tercenta
517 3891 703 3954 ducatorum
714 3893 807 3957 attin·
862 3889 978 3962 gantur
999 3884 1049 3946 hiss
1073 3886 1200 3948 laicales
1224 3895 1255 3949 θῐ
1279 3907 1349 3969 (111ae
1370 3908 1432 3951 1¹0n
1459 3891 1600 3972 ⁰bli8³ssl
1615 3891 1656 3954 ad

10 3971 87 4050 gal,
111 3976 255 4040 undecim
282 3977 517 4055 drachmarum,
547 3984 715 4058 argenteos
752 4000 808 4042 sex
862 3974 962 4033 Horas
977 3973 1161 4053 canonicas,
1178 3995 1235 4038 nce
1251 3977 1388 4039 Officium
1411 3997 1554 4056 parvum,
1582 3980 1656 4058 qula

35 4071 80 4136 pro
92 4061 174 4124 Bulla
189 4063 374 4126 taxaverim,
391 4063 470 4126 Hinc
484 4065 669 4129 resolvitur:
862 4059 911 4120 baa
926 4061 1111 4141 capellaniae
1126 4081 1188 4124 non
1203 4069 1276 4126 sunt
1290 4065 1395 4126 stricte
1409 4066 1652 4141 Ecclesiasticae3

65 4149 335 4222 l,0110disc01·um
357 4151 459 4214 nullus
483 4153 597 4216 debeat
617 4173 672 4216 sex
694 4173 808 4235 argen-
862 4149 957 4210 etita
981 4151 1123 4230 quamvis
1146 4151 1278 4213 istarum
1292 4152 1433 4215 redditus
1448 4154 1583 4216 ducenta
1597 4155 1655 4216 du-

34 4237 88 4297 leos
107 4257 247 4322 erogare,
273 4241 299 4302 si
319 4241 507 4304 beneficium
527 4245 669 4305 tercenta
691 4244 806 4307 ducato
861 4241 932 4298 cala
946 4238 1135 4318 pertingant,
1144 4239 1302 4300 taxatione
1317 4239 1401 4302 dicta
1415 4259 1477 4302 non
1493 4245 1650 4304 tenentur·

10 4321 137 4407 {integra
158 4346 222 4391 non
244 4328 389 4410 attingat,
415 4331 537 4394 etiamsi
561 4350 674 4413 parum
697 4332 801 4407 (ἱρείη
899 4327 929 4386 3.
946 4328 1007 4386 Per
1028 4325 1169 4388 redditus
1183 4327 1417 4390 Ecclesiasticos
1441 4329 1572 4410 intelligi
1586 4350 1651 4410 eoa,

10 4409 94 4490 lunia
117 4415 182 4480 baec
208 4418 326 4480 taxatm
351 4424 397 4481 est
420 4419 529 4482 odiosa
552 4425 583 4482 et
614 4420 708 4482 debet
738 4439 805 4482 res·
859 4413 914 4494 qui
936 4413 1152 4494 percipiuntur
1174 4414 1277 4494 aliquo
1302 4416 1391 4478 titulo
1418 4417 1650 4498 Ecclesiastico,

31 4491 120 4574 ffissdl·
859 4505 894 4563 ut
907 4500 1133 4577 Praeslimonio‚
1150 4507 1205 4563 aut
1228 4501 1288 4562 allo
1309 4502 1412 4564 simili.
1430 4505 1469 4566 Et
1490 4504 1540 4566 bic
1555 4505 1653 4567 inclu-

10 4575 14 4656 ἶ,
61 4585 87 4644 2.
101 4583 263 4647 Probabile
278 4604 357 4664 esse,
374 4586 585 4650 conditionem
599 4587 696 4666 illam,
708 4589 736 4649 εἰ
745 4599 804 4652 ter-
859 4585 977 4649 duntur
990 4587 1144 4648 benelicia
1166 4606 1275 4649 curam
1299 4591 1475 4650 animarum
1491 4589 1649 4670 babentia,

30 4663 211 4736 oertc'ducctu
224 4674 360 4755 ortz'ayit,
377 4675 491 4737 cadere
506 4695 569 4738 non
583 4676 686 4738 solum
707 4696 804 4757 supra
858 4678 890 4736 et
903 4669 1073 4754 portiones,
1090 4695 1160 4755 quac
1185 4675 1317 4738 ducenta
1334 4676 1449 4738 ducata
1472 4693 1532 4738 non
1549 4684 1652 4740 trans-

10 4753 212 4844 }bcnellciatos
226 4762 365 4841 ultimos,
381 4763 437 4825 sed
451 4763 546 4826 etiam
564 4783 660 4843 supra
682 4766 803 4829 Portio-
857 4762 1053 4842 grediuntur,
1085 4763 1158 4843 quia
1185 4781 1258 4824 vere
1282 4767 1355 4825 sunt
1378 4762 1518 4826 redditus
1547 4765 1651 4827 Eccle-

29 4846 118 4908 nanos
131 4853 162 4911 et
175 4849 352 4924 Parocbos;
378 4847 484 4932 itaque
498 4851 523 4914 si
539 4853 681 4915 redditus·
694 4873 804 4917 eorum
858 4847 985 4911 siastiei·

10 4931 206 5022 gedarcenta
219 4955 281 5000 non
297 4939 497 5018 pervenerint
514 4939 638 5014 ducatu,
664 4961 727 5004 non
751 4945 803 5006 de·
899 4940 991 5017 Hesp.
1021 4942 1051 4999 4.
1081 4939 1216 5001 Caeteros
1244 4958 1459 5020 quoscumque
1493 4941 1648 5018 Clericus,

10 5015 90 5100 lbere
103 5023 172 5087 huic
187 5029 269 5089 stare
284 5026 446 5105 taxationi,
462 5026 518 5087 sed
533 5026 584 5088 alii
599 5027 711 5109 viliori,
729 5033 802 5113 quia
856 5027 1014 5108 praedictis
1042 5026 1251 5090 taxationibus
1286 5047 1348 5090 non
1381 5029 1648 5108 comprehensos,

10 5109 12 5190 l
28 5103 71 5172 tie
82 5116 125 5174 est
137 5114 236 5192 lavor,
253 5115 363 5177 etideo
374 5115 584 5196 ampliandus.
857 5115 1041 5196 quianequc
1056 5115 1252 5195 dignitatem,
1265 5135 1366 5197 neque
1381 5115 1522 5178 redditus
1533 5117 1650 5178 habent

10 5193 13 5268 l
59 5197 87 5260 3.
105 5201 191 5273 Quod
214 5202 355 5265 redditus
376 5207 588 5266 tercentorum
617 5205 802 5268 ducatorum
856 5202 1064 5282 supradictos
1080 5203 1179 5265 teneri
1195 5223 1251 5283 pro
1266 5205 1366 5282 Bulla,
1383 5209 1549 5282 argenteos
1571 5205 1649 5266 duos

10 5271 126 5388 {lebas
146 5310 309 5354 remanere
332 5291 403 5370 illis,
426 5293 564 5373 exceptis
588 5294 745 5373 oneribus,
771 5298 803 5356 et
857 5309 999 5371 erogare.
1022 5291 1062 5352 Et
1084 5292 1275 5355 clericorum
1299 5292 1435 5392 nomine,
1459 5311 1584 5393 sempor
1598 5293 1648 5352 hic

10 5379 154 5502 perpensis
181 5379 336 5444 beneficii.
365 5383 473 5464 ltaque
501 5382 616 5444 debent
643 5382 743 5463 excipi
771 5387 803 5444 et
855 5379 1071 5458 intelliguntur
1082 5379 1277 5458 Sacerdotes,
1290 5379 1363 5461 quia
1373 5379 1493 5440 alunou
1507 5381 1650 5460 indigent
1681 5395 1684 5402 ⁴

10 5467 186 5558 ,pensiones
203 5469 230 5530 si
244 5489 322 5551 quus
336 5471 428 5534 solvit
442 5475 473 5534 et
486 5471 671 5550 subsidium,
695 5477 726 5535 et
748 5491 801 5533 ex·
855 5465 982 5546 speciali
1007 5464 1067 5528 hac
1089 5465 1318 5530 lacticiniorum
1341 5465 1446 5544 Bulla,
1471 5470 1507 5530 ut
1529 5465 1648 5528 dictum

10 5558 164 5642 glastum,
180 5564 214 5620 et
226 5561 339 5642 quarta
352 5558 484 5639 decima,
510 5559 606 5625 etiam
627 5560 801 5640 eleemosy·
855 5560 912 5621 est.

93 5657 126 5722 'l'-
150 5660 203 5726 lv.
1528 5665 1566 5724 25
