3986 6350
909 505 911 510 ’
1040 537 1156 602 niara
1177 536 1229 603 ιιι.

326 542 384 602 432

369 726 476 802 (taust.
492 727 542 790 29.
558 757 598 770 —
614 723 685 799 Once
697 723 1118 804 sintcertioraauimiadqra·
1173 722 1244 792 dus,
1269 724 1324 808 qui
1344 743 1409 784 com
1432 731 1555 805 nequeat
1572 719 1719 805 confiteri,
1744 721 1797 784 dat
1816 731 1911 784 tarnat
1930 721 1958 782 is

327 816 400 878 tiam
422 814 609 877 Sacramenti
627 811 835 894 ambiendam
857 813 913 874 rite
927 813 1030 895 parati
1044 811 1118 872 indi·
1169 813 1332 892 proesentia
1353 811 1522 875 Sacerdotis
1542 813 1630 894 sr'qna
1652 811 1764 873 dolmn's
1786 819 1817 873 et
1837 807 1961 871 destituti

327 903 396 965 cia?
1172 899 1385 963 absolutionis?

367 994 459 1070 Resp.
490 989 540 1051 Ab
567 988 746 1052 auctoribus
776 989 940 1068 sequentia
965 989 1119 1069 imprimis
1213 992 1306 1068 Resp.
1330 1008 1418 1070 seqq.
1445 993 1473 1050 l.
1500 988 1611 1053 Valide
1635 991 1667 1050 et
1688 987 1772 1051 licite
1796 985 1960 1048 absolvitur

327 1079 536 1158 assignantur.
554 1081 582 1138 l.
600 1079 654 1138 Est
668 1082 816 1139 accurata
838 1082 1041 1156 peecatorum
1064 1079 1120 1139 de·
1173 1077 1390 1154 moribundus,
1417 1078 1470 1157 qui
1485 1094 1547 1138 non
1571 1081 1675 1156 potest
1692 1077 1725 1136 iu
1746 1074 1853 1154 specie
1873 1073 1959 1134 ubam

327 1167 467 1243 claretis,
483 1164 645 1244 praemisso
660 1165 800 1244 diligenti
816 1165 969 1242 examine,
986 1185 1085 1246 eaque
1100 1185 1120 1228 a
1173 1168 1338 1244 peceatum
1354 1166 1533 1238 declarare;
1550 1169 1690 1226 attamen
1713 1163 1754 1226 ab
1775 1162 1847 1241 ipso
1862 1163 1959 1224 Sacer·

327 1255 497 1337 poenitente
522 1254 603 1315 ultro
628 1258 783 1333 suscepta,
804 1254 889 1314 nulla
912 1260 1044 1333 urgente
1064 1274 1120 1316 ne·
1173 1253 1246 1314 dote
1261 1257 1414 1332 prasente
1429 1252 1508 1332 petit
1522 1252 1763 1315 absolutionem.

326 1343 481 1419 cessitate,
494 1341 668 1421 eujusmodi
679 1347 761 1418 sunt,
771 1361 801 1402 v.
813 1361 843 1422 g.
857 1343 935 1403 festa
945 1343 1116 1422 paschalia,
1212 1345 1242 1403 2.
1259 1341 1458 1404 Manifestum
1479 1347 1528 1404 est
1540 1341 1655 1403 debere
1670 1341 1792 1405 absolvi
1810 1338 1959 1401 mouban·

327 1433 382 1491 aut
399 1429 461 1490 alia
480 1430 681 1502 solemnitas3
707 1431 791 1490 nullo
813 1429 981 1492 accedente
1005 1449 1120 1510 paren-
1173 1430 1260 1508 dum,
1277 1430 1328 1510 qui
1345 1448 1452 1491 coram
1471 1431 1640 1492 Sacerdote
1662 1431 1761 1492 edidit
1783 1431 1877 1509 signa
1898 1445 1959 1488 con·

326 1519 604 1581 unanimorum
619 1519 858 1596 praepositorum
874 1519 1016 1598 imperim
1033 1520 1120 1580 nulla
1172 1519 1307 1581 tuitionis
1322 1526 1353 1580 et
1367 1519 1483 1581 doloris
1497 1519 1528 1579 in
1545 1520 1654 1581 ordine
1669 1521 1710 1581 ad
1725 1517 1956 1588 absolutionem

327 1606 462 1686 denique
490 1607 552 1667 alia
574 1624 670 1667 eausa
691 1606 794 1667 minus
822 1612 909 1668 recta
933 1613 963 1668 et
990 1625 1118 1686 prorsus
1172 1611 1239 1668 tum
1255 1607 1328 1687 quia
1342 1625 1399 1686 per
1414 1606 1555 1687 casigna
1573 1609 1740 1670 annotetur
1754 1607 1788 1668 in
1803 1621 1958 1686 generose

326 1694 465 1755 humana
478 1693 642 1756 alliciente.
658 1698 688 1756 2.
706 1695 856 1772 Gemitus,
873 1696 1032 1774 lacrymae,
1050 1714 1119 1756 sus·
1171 1713 1329 1774 peccasse,
1355 1695 1485 1777 ejusque
1509 1696 1667 1758 Confessio
1689 1715 1763 1758 eum
1786 1699 1880 1759 aliter
1901 1696 1957 1760 beri

326 1781 416 1860 piria,
433 1781 533 1842 aliave
548 1780 641 1862 hujus
659 1781 784 1860 generis
805 1782 1048 1844 vehementioris
1062 1783 1119 1844 do·
1173 1802 1235 1845 non
1250 1784 1356 1864 possit,
1373 1788 1421 1848 est
1433 1784 1605 1847 formaliter
1618 1786 1744 1866 integra
1758 1791 1791 1849 et
1801 1786 1958 1868 factalegi·

326 1870 401 1930 loris
426 1873 622 1948 argumenta.
639 1872 669 1930 3.
694 1872 837 1949 Longum
857 1875 889 1933 et
911 1871 1044 1932 arduum
1059 1871 1119 1932 iter
1171 1872 1247 1935 timo
1261 1872 1375 1934 ludici.
1392 1875 1472 1934 'luni
1482 1873 1557 1954 quia
1571 1873 1602 1935 in
1616 1875 1671 1934 iila
1681 1875 1882 1938 extremitate
1892 1897 1957 1958 pre

326 1957 533 2021 Confessiouis
547 1957 650 2035 gratia
670 1960 867 2036 susceptum,
884 1961 918 2020 ut
932 1977 1045 2038 nempe
1062 1961 1118 2021 Sa·
1172 1961 1359 2022 sumendum
1380 1965 1447 2037 est,
1471 1961 1528 2022 nisi
1551 1963 1746 2024 contrarium
1770 1971 1909 2042 conant,
1926 1983 1957 2024 ea

327 2045 486 2106 cerdotem
501 2045 604 2121 adeat,
621 2045 710 2125 cujus
724 2045 783 2124 piis
800 2047 951 2125 consiliis,
969 2048 1119 2109 adhorta·
1173 2048 1264 2127 signa
1284 2048 1400 2110 doloris
1415 2050 1545 2111 tendere
1565 2049 1723 2112 inordina
1742 2051 1785 2112 ad
1799 2052 1957 2114 absolutio·

327 2133 474 2210 tionibus,
486 2131 623 2210 monitis,
636 2138 741 2212 sperat
750 2133 871 2195 facilius
880 2153 914 2195 sa
928 2134 1040 2213 aturpi
1054 2134 1119 2196 vita
1173 2152 1255 2196 nem.
1277 2135 1422 2208 Quinimo
1442 2137 1533 2218 juxta
1559 2139 1758 2217 Laymannm
1787 2139 1879 2219 signa
1897 2142 1957 2200 suut

327 2222 368 2284 ad
395 2220 647 2282 emendationem
673 2222 853 2282 traductum
874 2222 922 2283 iri.
951 2227 982 2283 l.
1011 2221 1119 2284 Totius
1172 2222 1377 2303 contritionis,
1395 2226 1522 2305 qnando
1536 2227 1899 2306 aegerpercutitpeetas,
1913 2229 1956 2288 aut

327 2299 577 2362 anteactaevitee
601 2317 753 2362 noxarum
768 2301 939 2378 Confessio,
956 2320 993 2362 eo
1007 2302 1069 2362 fine
1084 2303 1119 2362 ut
1173 2311 1298 2388 quando
1322 2329 1434 2374 manus
1458 2313 1603 2376 oculosve
1624 2314 1657 2374 jn
1681 2315 1797 2378 coelum
1824 2315 1956 2388 ΜΗ

327 2388 558 2471 preteritarum
581 2387 816 2450 confessionum
839 2389 990 2467 defectus,
1015 2389 1039 2450 si
1065 2388 1119 2469 qui
1168 2397 1260 2478 juxta
1273 2399 1415 2478 Dianam,
1432 2403 1536 2463 Tract,
1553 2404 1582 2478 3,
1599 2403 1704 2463 110301,
1722 2405 1752 2479 2,
1770 2403 1897 2483 quando
1913 2401 1956 2462 311.

327 2478 406 2540 forte
428 2475 621 2554 irrepserint,
642 2477 848 2538 emendentur
871 2482 902 2538 et
921 2477 1118 2538 conscientiae
1173 2505 1267 2566 quam
1282 2486 1452 2567 imaginem
1463 2487 1581 2552 intente
1592 2489 1734 2568 respicit3
1748 2490 1897 2571 veijuxta
1908 2492 1955 2551 Lu-

327 2584 404 2646 pace
426 2566 609 2640 comparata
631 2579 668 2624 ac
691 2563 790 2624 salute
812 2563 844 2622 in
866 2566 933 2624 tuto
948 2564 1116 2640 collocata,
1172 2591 1224 2652 go,
1241 2573 1361 2652 Disput,
1379 2577 1957 2657 17‚Seos,2‚quand0dj01tgpm

328 2669 442 2716 novam
466 2651 537 2712 visa
560 2649 715 2711 rationem
738 2650 885 2729 deinceps
909 2650 1060 2713 instituat·
1085 2654 1115 2712 5·
1172 2661 1260 2729 bens,
1276 2662 1301 2722 si
1312 2663 1459 2725 videlieet
1472 2664 1541 2726 nne
1554 2665 1661 2744 faciat,
1677 2667 1781 2728 sciens
1796 2685 1866 2728 esse
1887 2666 1955 2747 pen

328 2739 498 2803 Difficultas
512 2739 618 2838 araris
632 2737 825 2817 superstate
839 2738 1010 2817 retegendo
1029 2737 1118 2817 aravi
1173 2751 1277 2811 cuium
1292 2750 1412 2820 mortis,
1429 2752 1530 2833 sitque
1545 2753 1659 2814 mentis
1673 2771 1822 2833 compos,
1840 2759 1902 2817 esto
1914 2771 1956 2814 so-

328 2827 432 2906 aliquo
454 2826 600 2902 crimme,
627 2825 711 2905 quoa
734 2843 799 2905 ιιιΒ
820 2826 940 2905 rudore
964 2828 1066 2888 suerat
1086 2827 1118 2886 in
1171 2839 1244 2900 litus
1258 2839 1343 2899 soem
1357 2839 1471 2917 facere,
1493 2840 1571 2901 nnn
1585 2841 1727 2921 cogitans
1742 2844 1783 2904 us
1809 2849 1915 2906 mons.
1929 2840 1954 2903 si

328 2917 396 2979 aliis
406 2913 656 2977 confessionibus
666 2914 921 2992 pretermissum.
935 2919 965 2976 6.
978 2916 1120 2976 Eleemo·
1172 2943 1247 2986 vero
1262 2927 1407 2988 omnibus
1421 2927 1569 3007 pensatis,
1582 2928 1715 2990 dubium
1729 2929 1781 3008 sit,
1794 2950 1836 2992 a„
1851 2929 1954 2992 hasa.

328 3020 426 3081 synaa,
439 3001 570 3082 jejunia,
586 3019 707 3080 preces,
723 3001 824 3063 Missae
844 3002 1118 3066 Sacrificiaadim·
1172 3013 1235 3076 ciat
1252 3014 1284 3074 in
1308 3015 1417 3077 ordine
1440 3016 1483 3076 ad
1497 3015 1743 3096 absolutionem,
1760 3018 1954 3081 absolrmdns
1991 3021 1992 3028 ’

328 3090 517 3170 patrandum
539 3106 621 3151 verae
636 3089 828 3168 poenitentiae
847 3090 1035 3152 beneficium
1054 3093 1118 3152 Deo

329 3180 444 3242 oblata.
460 3182 490 3239 'l.
506 3179 628 3240 Morum
642 3177 819 3240 emendatio
830 3177 898 3259 jam
912 3177 1032 3239 dudum
1047 3179 1120 3240 sub·

328 3271 437 3330 secuta
456 3284 494 3326 ex
512 3265 672 3345 proposito
686 3265 831 3326 ineundae
852 3266 1070 3329 confessionis.
1086 3269 1116 3329 8.

329 3354 515 3418 occasiones
529 3353 679 3433 peccandi
694 3372 810 3434 magna
824 3373 896 3415 cum
910 3356 1007 3416 animi
1020 3355 1120 3416 lueta-

328 3445 412 3507 tione
426 3443 578 3521 abruptae,
595 3445 650 3503 aut
662 3460 776 3521 graves
789 3442 977 3505 tentationes
990 3461 1120 3522 supera-

328 3537 379 3594 tae.
395 3534 426 3594 9.
442 3533 559 3592 Eorum
573 3529 721 3592 exhibitio
736 3532 776 3592 ed
795 3550 866 3611 quae
884 3550 918 3594 se
937 3532 1087 3594 intellexit
1101 3549 1120 3592 a

329 3618 522 3682 confessario
547 3617 729 3679 obstrictum
756 3618 814 3697 iri,
844 3618 1020 3698 cujusmodi
1047 3623 1121 3681 sunt

329 3705 482 3767 restitutio
496 3704 541 3766 rei
557 3704 676 3781 aliena,
693 3705 816 3769 violata
826 3707 958 3767 aliorum
971 3708 1062 3768 famae
1072 3725 1120 3768 re-

329 3793 464 3871 paratio,
480 3809 552 3854 cum
566 3791 699 3852 inimicis
714 3793 926 3854 reconciliatio
941 3797 973 3856 et
986 3793 1048 3854 alia
1062 3794 1121 3855 hu-

326 3880 379 3962 jus
393 3879 528 3961 generis.
545 3882 594 3941 10.
620 3881 771 3942 Voluntas
794 3883 940 3959 prompta
963 3884 995 3942 et
1008 3881 1120 3944 alacris

330 3969 484 4032 subeundi
511 3969 672 4048 graviores
699 3969 900 4047 poenitentias
928 3969 1041 4049 quibus
1069 3988 1120 4031 ax·

329 4058 455 4140 pientur
469 4057 600 4119 crimina
614 4060 645 4118 ct
658 4057 799 4119 antidota
820 4057 861 4118 ad
883 4056 1039 4118 cavendos
1052 4055 1120 4135 lap-

330 4167 383 4208 sus
398 4147 579 4208 adhibendi.

330 4262 336 4285 ν
371 4235 481 4312 Queat.
505 4236 555 4296 30.
571 4236 671 4296 -An
692 4233 781 4296 liccat
802 4232 949 4295 absolvere
970 4231 1120 4294 moribun-

330 4333 401 4396 dam
413 4333 467 4416 qui
477 4351 535 4392 non
546 4339 638 4412 potest
648 4331 737 4412 plene
748 4329 909 4412 confiteri?

371 4425 464 4500 Resp.
481 4419 591 4482 valide
606 4423 637 4480 et
649 4419 732 4481 licite
747 4419 867 4480 absolvi
877 4421 990 4497 potest,
1002 4423 1034 4482 et
1047 4437 1119 4482 con·

1174 3105 1221 3163 est
1234 3101 1292 3161 sub
1307 3101 1497 3179 conditione,
1512 3102 1539 3162 si
1549 3103 1590 3164 sit
1603 3121 1711 3184 capax,
1723 3106 1773 3167 ael
1787 3105 1865 3167 sisit
1877 3105 1954 3187 dupe
1991 3153 1992 3182 ,

1172 3189 1253 3257 sitas,
1266 3187 1358 3268 juxta
1371 3189 1481 3251 citatos
1495 3191 1656 3253 Doctores.
1990 3185 1992 3240 l

1214 3276 1342 3359 Objicies
1358 3297 1365 3338 ε
1382 3276 1588 3339 Moribuodus
1608 3279 1661 3359 qui
1684 3297 1744 3360 per
1761 3299 1833 3344 sese
1855 3279 1907 3342 dat
1923 3279 1954 3340 si·

1173 3383 1271 3444 gnum
1292 3363 1408 3427 doloris
1422 3370 1454 3426 et
1467 3365 1614 3427 desiderii
1630 3366 1849 3445 absolutionis,
1864 3368 1889 3430 si
1901 3366 1954 3428 nul·

1173 3453 1238 3513 lum
1251 3456 1416 3533 peccatum
1431 3453 1570 3516 declaret
1582 3455 1614 3515 in
1629 3455 1746 3534 speeie,
1759 3458 1880 3518 nullam
1896 3457 1953 3517 sub

1173 3541 1330 3603 minisbat
1349 3541 1524 3618 materiam,
1541 3542 1573 3602 in
1588 3561 1683 3622 quam
1698 3545 1857 3606 absolutio
1873 3543 1953 3626 possit

1174 3629 1291 3690 directe
1315 3627 1439 3688 cadere.
1458 3627 1520 3690 Sed
1534 3629 1560 3689 si
1575 3628 1619 3690 ita
1632 3633 1691 3707 est,
1714 3647 1779 3692 uon
1795 3635 1895 3711 ponat
1909 3631 1953 3690 ab

1174 3717 1266 3790 solvi3
1283 3733 1375 3794 ergo,
1392 3719 1451 3776 eto.
1469 3715 1572 3777 Minor
1591 3717 1756 3796 evincitur,
1781 3719 1858 3800 quia
1875 3717 1952 3778 siole

1174 3805 1285 3866 solutio
1301 3803 1378 3864 nihil
1393 3804 1491 3881 possit
1504 3803 1623 3867 directe
1632 3806 1807 3885 remittere,
1815 3805 1880 3887 jam
1890 3804 1950 3866 nibil

1174 3894 1312 3953 remittet
1330 3891 1493 3953 indirecte.
1517 3893 1584 3953 Hoc
1603 3893 1687 3953 enim
1710 3895 1863 3974 supponit
1878 3889 1949 3952 illud

1173 3981 1328 4042 Probatur
1346 3979 1451 4058 itaque
1474 3978 1585 4059 Major.
1612 3982 1763 4052 Quianam
1785 3984 1869 4044 enim
1885 3983 1951 4041 essct

1173 4068 1315 4144 materia,
1332 4066 1364 4127 in
1379 4084 1474 4146 quom
1490 4067 1644 4129 absolutio
1659 4067 1712 4130 iila
1726 4071 1858 4132 caderet
1869 4070 1952 4130 dirce

1173 4157 1226 4218 tei
1240 4159 1288 4216 An
1298 4159 1428 4234 peccata
1438 4154 1624 4216 emniatbn
1634 4157 1741 4238 aliqua
1751 4151 1949 4220 tautumiSed

1174 4263 1235 4306 non
1267 4243 1396 4316 omnia;
1421 4242 1538 4322 alioqui
1563 4249 1699 4324 aegrotus
1722 4264 1789 4308 non
1811 4251 1951 4309 nneoenr

1173 4338 1297 4413 postca,
1314 4331 1339 4393 ai
1364 4333 1565 4394 convalescat
1582 4351 1599 4394 e
1622 4333 1755 4412 morbo,
1772 4337 1897 4416 peecata
1908 4331 1949 4392 illa

1174 4423 1279 4485 omnia
1293 4421 1324 4482 in
1339 4419 1442 4500 speeie
1457 4426 1490 4481 et
1508 4439 1639 4484 numero
1660 4425 1817 4486 conburi.
1833 4425 1950 4485 lancta

329 4514 498 4590 sequenter
520 4506 613 4569 debet
634 4505 851 4583 moribundus,
875 4505 927 4586 qui
952 4513 1119 4587 postquam
1173 4516 1302 4584 autem3
1326 4527 1401 4589 ergo
1416 4527 1479 4570 non
1494 4510 1621 4574 fuerunt
1635 4512 1755 4575 directe
1770 4511 1894 4575 dimissa
1905 4527 1949 4590 per

330 4597 426 4677 eoepit
439 4595 590 4672 confiteri,
607 4595 708 4656 subito
719 4595 750 4656 vi
765 4595 866 4656 morbi
882 4594 1047 4674 periculosi
1064 4615 1120 4676 op·
1173 4600 1413 4662 ahsolutionem.
1435 4601 1503 4660 Non
1522 4599 1628 4680 aliqua
1649 4605 1798 4676 tantum3
1827 4597 1949 4682 quando

330 4705 456 4768 pressus
469 4683 648 4763 impeditur,
666 4682 833 4762 quominus
848 4684 998 4761 perlicere
1007 4685 1116 4762 possit.
1174 4688 1301 4767 quidem
1320 4705 1382 4748 non
1398 4690 1446 4749 eat
1459 4687 1538 4748 ratio
1558 4687 1662 4766 potior
1675 4689 1770 4750 unius
1784 4707 1877 4770 quam
1888 4687 1948 4748 ate

330 4775 420 4838 Ratio
435 4775 491 4848 est,
508 4770 582 4850 quia
595 4770 627 4829 in
641 4769 858 4850 hujuscemodi
873 4789 947 4832 casu
961 4771 1118 4837 Confessio
1173 4776 1248 4852 rius,
1266 4781 1298 4838 et
1311 4775 1438 4837 aliunde
1454 4774 1560 4836 omnia
1574 4793 1636 4838 uno
1656 4781 1688 4840 et
1701 4777 1815 4840 eodem
1828 4769 1946 4858 maenti

330 4863 394 4940 illa,
418 4861 491 4922 licet
512 4858 659 4919 inchoata
679 4859 849 4936 duntaxat,
874 4864 921 4920 est
948 4858 1120 4922 ferrnaliter
1173 4865 1262 4944 signo
1277 4864 1487 4926 declarantur.

330 4951 453 5030 integra
475 4950 506 5009 et
528 4945 651 5008 sufficit.
675 4948 754 5007 Nota
777 4951 881 5008 tamen
898 4947 982 5026 quod
997 4951 1121 5011 tenetm
1214 4954 1399 5031 itcspondeo
1425 4975 1432 5014 :
1456 4956 1493 5015 N.
1515 4953 1588 5035 blaj.
1613 4958 1645 5017 et
1666 4953 1717 5017 aio
1740 4955 1946 5018 metationem

330 5042 439 5119 postea
459 5037 614 5116 aegrotus,
638 5035 663 5095 si
682 5036 760 5096 forte
780 5035 826 5096 vis
844 5035 945 5096 morbi
962 5038 1117 5116 remittat,
1172 5042 1258 5103 iilam
1282 5041 1399 5103 directe
1423 5041 1536 5104 cadere
1559 5043 1591 5104 in
1611 5047 1741 5121 peccata
1755 5039 1946 5120 omniabujus

330 5129 461 5207 peccata
478 5141 548 5207 quae
577 5122 737 5184 declarare
760 5141 823 5184 noo
851 5123 953 5201 potuit
976 5126 1118 5205 explicite
1173 5129 1352 5192 moribundi
1368 5149 1376 5204 3
1394 5131 1522 5208 eadere,
1539 5130 1681 5211 inquam,
1702 5132 1820 5194 directe
1842 5131 1872 5192 iu
1889 5145 1945 5208 pst·

332 5211 667 5289 connerinensem
681 5211 894 5288 absolvantur,
912 5231 981 5292 quae
996 5214 1120 5277 fuerant
1173 5224 1243 5281 cata
1263 5219 1316 5280 illa
1331 5219 1437 5280 omnia
1450 5217 1508 5280 sub
1522 5219 1644 5282 ratione
1664 5222 1812 5301 generice
1826 5213 1942 5300 pcccati,

331 5300 466 5380 inpriori
477 5299 675 5362 confessione
686 5299 967 5362 indirectetuntum
978 5301 1116 5366 dimissa.
1172 5307 1322 5370 indirecte
1333 5308 1364 5368 in
1376 5307 1697 5386 eadempecoatasub
1712 5309 1879 5372 rationibus
1890 5319 1944 5382 spe-

374 5389 482 5464 (toust.
498 5390 547 5450 31.
559 5421 599 5434 —
611 5387 717 5450 Utrum
731 5387 845 5452 absolui
857 5387 958 5452 debeat
970 5391 1119 5454 mouban·
1173 5395 1268 5460 officis
1283 5415 1320 5459 ac
1335 5396 1504 5459 numericis
1517 5396 1629 5460 talium
1643 5400 1675 5459 et
1688 5401 1744 5461 tot.
1757 5399 1802 5460 lix
1813 5411 1869 5478 quc
1878 5393 1906 5454 tn
1917 5389 1943 5450 ut
