3986 6350
583 526 636 590 ul]
657 526 821 590 oarlalls
844 527 1115 593 CONFESSARH.
1605 535 1659 596 tat

55 709 206 774 etcmuinm
219 710 287 792 ejus
307 711 503 774 subditorum
527 712 733 775 Sacerdotum
756 713 814 774 ba·
868 713 997 775 ulterius
1018 713 1143 776 videtur
1156 732 1320 794 superesse
1346 715 1431 796 quod
1455 715 1606 796 Superior
1620 719 1662 781 ab

53 796 169 862 beatsibi
181 798 353 878 subjectam
365 798 631 862 iurisdictionem.
869 801 937 881 ipso
957 801 1082 880 exigere
1099 803 1170 883 jure
1194 803 1301 881 possit.
1319 805 1402 883 Erga
1417 823 1480 866 non
1504 805 1661 870 immerito

83 885 147 946 llinc
166 888 193 946 2.
216 890 285 948 Non
309 890 412 966 potest
435 887 589 949 Sacerdos
608 888 812 968 aSuperiore
868 889 1065 952 existimetur
1088 892 1167 952 velle
1188 891 1433 954 reservationem
1455 894 1581 956 auferri.
1607 898 1663 958 At-

52 973 133 1058 quoad
144 979 297 1036 reservata
310 975 473 1054 delegatus
487 976 733 1038 reservationem
753 979 812 1039 tol·
868 996 928 1058 que
942 978 1028 1039 idem
1042 979 1137 1040 etiam
1148 984 1195 1040 est
1204 996 1277 1040 cum
1290 979 1385 1040 bomo
1400 981 1554 1058 poenitens
1569 1001 1589 1043 a
1603 985 1661 1046 Su·

51 1061 314 1140 ierapoeoitentem
328 1060 488 1122 hominem
504 1062 544 1122 ad
567 1062 731 1125 inferiores
755 1067 813 1126 Sa·
867 1066 998 1146 perieris
1023 1067 1166 1147 delegato
1191 1067 1420 1129 absolutionem
1442 1068 1564 1131 irritem
1587 1071 1662 1134 lieet

51 1150 163 1216 cardeles
175 1148 377 1211 absolutionis
392 1167 487 1211 eausa
506 1151 712 1226 remittendo;
737 1153 812 1232 quia
867 1153 1011 1232 obtinuit,
1024 1155 1096 1234 quia
1107 1154 1151 1216 sie
1165 1154 1283 1235 pariter
1297 1154 1351 1214 lini
1366 1155 1587 1219 reservationis
1597 1159 1661 1220 lao-

51 1259 96 1301 non
107 1242 196 1317 potest
208 1239 384 1300 restrictam
405 1239 530 1300 illorum
553 1242 571 1302 J
576 1239 811 1303 urisdictionem
865 1246 932 1305 tum
947 1261 1015 1304 esse
1030 1243 1106 1305 satis
1120 1247 1265 1323 apertum
1280 1246 1337 1304 est.

49 1327 99 1407 lpse
114 1344 163 1405 per
182 1344 213 1386 se
234 1326 370 1402 solvere,
388 1343 459 1388 cum
474 1345 545 1388 eam
559 1327 619 1390 sibi
634 1329 812 1409 subjectam
906 1331 979 1406 Sed,
997 1330 1129 1412 inquies,
1143 1329 1340 1408 obligaturus
1354 1335 1429 1394 tune
1443 1333 1597 1411 peanitens
1611 1349 1659 1392 sa-

49 1435 95 1478 ron
107 1413 217 1474 babeat.
232 1413 323 1475 Sicut
337 1413 419 1474 enim
430 1413 529 1476 lustra
538 1416 751 1494 restringeret,
766 1416 811 1477 ita
864 1417 1072 1480 tielactionem
1087 1418 1119 1479 in
1143 1417 1344 1480 confossione
1368 1419 1547 1500 hujusmodi
1571 1419 1661 1480 irrita

48 1505 177 1567 etbustre
190 1500 368 1580 ampliaret.
391 1504 498 1582 Neque
510 1521 586 1565 vero
604 1504 809 1583 delegationis
863 1506 922 1566 sibi
943 1506 1122 1586 impositam
1137 1505 1287 1566 exibere?
1306 1508 1398 1586 ltesp.
1426 1507 1515 1579 Quod
1534 1511 1660 1569 tenetur

47 1590 200 1655 bneficium
214 1589 298 1650 banc
312 1591 340 1650 ei
355 1590 535 1652 facultatem
550 1591 697 1670 impertit,
711 1594 766 1654 sed
777 1594 809 1654 id
864 1597 938 1655 tunc
953 1594 1121 1672 paenitens,
1135 1611 1207 1653 eum
1217 1591 1356 1670 primum
1368 1594 1576 1670 confitebitur,
1589 1610 1659 1654 earn

48 1697 121 1740 uuum
139 1680 258 1757 praestat
279 1680 315 1739 ut
337 1677 404 1757 ejus
425 1677 605 1741 iurisdictio
631 1679 736 1759 quoad
760 1699 807 1740 re·
863 1681 1056 1742 Gonlcssario
1085 1679 1305 1753 manifestere;
1338 1680 1553 1742 Confessarius
1583 1697 1658 1740 vero

47 1771 144 1828 servata
177 1784 235 1827 non
273 1765 492 1845 restringatur.
537 1768 660 1828 Revera
701 1770 807 1828 tamen
862 1787 932 1830 eam
948 1767 1272 1848 poeniteutiindicere,
1288 1767 1539 1847 quiahaecvidet
1526 1773 1659 1830 turesse

47 1855 178 1934 delegatus
204 1854 284 1918 tollit
315 1854 561 1916 reservationem
590 1859 803 1933 peecatorum,
863 1857 1039 1935 Superioris
1061 1857 1219 1932 voluntas,
1237 1856 1278 1914 ad
1303 1873 1399 1934 quam
1422 1875 1480 1936 par
1501 1860 1548 1918 est
1568 1861 1603 1918 ιι1
1624 1873 1658 1918 se

47 1943 175 2022 aquibus
204 1942 411 2022 poenitentem
445 1943 503 2003 rite
540 1948 572 2003 et
604 1943 720 2004 directe
747 1943 805 2022 'ab-
861 1944 1195 2024 uterqueconformet.

46 2029 583 2112 solvit3qu1asrcdebctarlla‚quasi
599 2031 623 2090 si
646 2031 686 2092 ab
703 2030 806 2092 absol·
901 2037 941 2095 At
929 2033 1063 2094 tdices:
1081 2031 1235 2112 numquid
1258 2031 1333 2094 satis
1359 2037 1450 2110 esset,
1468 2033 1492 2094 si
1515 2033 1658 2112 ipseper

45 2125 115 2180 rente
127 2121 322 2180 Reservatore
336 2119 468 2180 luissent
490 2119 650 2194 remissa,
648 2119 806 2181 desinunt
860 2139 893 2182 se
917 2121 1002 2198 pmni
1004 2127 1073 2180 tens
1098 2119 1248 2180 indictam
1271 2137 1290 2179 a
1314 2121 1483 2198 Superiora
1502 2121 1658 2201 perniten-

46 2207 226 2269 eseemateria
239 2206 452 2268 consessionis
476 2206 670 2279 necessaria3
688 2205 803 2285 quippe
859 2209 935 2270 tiam
949 2208 1095 2285 solveret,
1111 2207 1151 2267 de
1166 2225 1204 2267 ea
1218 2224 1280 2267 non
1305 2207 1472 2269 admonito
1494 2208 1658 2271 Confessa-

46 2313 98 2374 qne
108 2295 211 2356 frenel
198 2294 374 2373 liegitimm
384 2293 599 2356 iurisdictioni
613 2294 764 2374 subjecta,
773 2297 806 2355 et
859 2295 928 2357 rio?
943 2298 1035 2373 Resp.
1054 2294 1135 2357 Satis
1150 2312 1212 2354 non
1228 2311 1308 2369 esse,
1326 2294 1401 2372 quia
1415 2298 1489 2357 tunc
1503 2296 1656 2375 poeniten·

45 2383 184 2461 elegitimo
197 2382 309 2445 indice
324 2401 354 2442 vr
346 2381 509 2443 '‘Absolut
489 2381 581 2443 tronis
596 2382 736 2442 remissa.
857 2384 902 2446 tia
857 2384 978 2446 tilla
999 2381 1240 2446 sacramentalis
1260 2398 1323 2441 non
1344 2381 1435 2460 foret,
1459 2386 1553 2462 atque
1575 2382 1654 2444 adeo

76 2470 165 2545 Quart.
180 2473 284 2532 111-
298 2457 803 2549 Anperseaeretcerumar-eminam
857 2472 921 2532 vim
936 2470 1179 2532 satisfaciendia
1202 2470 1405 2530 Sacramenta
1433 2469 1567 2531 inditam
1590 2487 1684 2548 non,

44 2559 180 2626 recreatio,
206 2575 273 2638 qaoe
293 2557 408 2640 quidem
431 2557 530 2618 omnib
551 2557 636 2617 bomo
659 2559 804 2637 penitens
858 2559 999 2620 haberet.
1026 2557 1115 2629 Quod
1137 2561 1243 2616 tamen
1268 2555 1428 2634 requirere
1452 2557 1655 2636 Superiorem
1714 2596 1717 2602 -

44 2646 318 2728 upudSaperi'orem
305 2665 399 2728 meum
420 2645 561 2726 deposcit,
578 2644 754 2726 eteqaibae
768 2645 803 2705 cb
858 2664 920 2707 non
951 2644 1106 2705 immerito
1142 2642 1350 2719 existimatur,
1380 2642 1553 2721 prasertim
1581 2663 1654 2705 cum

45 2734 211 2816 interpositam
224 2735 333 2796 obicem
347 2733 496 2796 absolutus
511 2735 598 2794 irrite
609 2733 698 2814 soit?
857 2750 919 2793 non
939 2751 1011 2794 raro
1026 2731 1160 2806 aecidat,
1173 2733 1207 2790 ut
1222 2747 1293 2789 cum
1308 2729 1507 2807 poenitentem
1521 2731 1562 2792 ad
1576 2731 1655 2792 inle-

73 2826 148 2902 llesp.
171 2839 256 2902 seqq.
280 2825 309 2882 l.
331 2823 454 2882 Certum
475 2825 522 2883 est
543 2820 732 2882 amotionem
754 2839 801 2880 re·
856 2821 954 2882 riores
969 2819 1154 2883 Sacerdotes
1169 2817 1380 2879 consessionis
1395 2835 1490 2878 causa
1503 2819 1649 2897 remittit,

43 2911 194 2971 servationis
215 2910 305 2971 irrita
325 2908 521 2970 absolutione
543 2908 718 2968 necessario
737 2925 800 2968 non
855 2909 1073 2986 poenitentiam
1086 2905 1229 2984 designet
1242 2923 1338 2984 quam
1352 2906 1466 2968 debeat
1480 2907 1529 2968 isti
1551 2907 1652 2988 impo-

44 2994 178 3076 inpediri3
193 3001 296 3076 potest
310 2997 394 3056 enim
408 2995 577 3058 reservatio
594 2995 719 3070 auferri,
737 3013 799 3056 non
855 3015 928 3056 nere
943 2997 975 3055 in
990 3012 1120 3055 casuum
1138 2995 1369 3053 reservatorum
1392 2993 1648 3058 satisfactionem.

44 3083 123 3144 ablato
135 3085 247 3162 peccati
262 3087 364 3160 reatu,
383 3086 416 3144 ut
431 3084 535 3162 reipsa
548 3082 710 3160 contingit,
728 3101 800 3143 cum
897 3083 1004 3158 (laert.
1020 3086 1069 3145 el.
1085 3117 1126 3128 -
1139 3082 1186 3142 Aa
1199 3079 1313 3140 sublata
1325 3081 1538 3142 sr't·reeeraotio
1551 3103 1650 3145 eoram

44 3171 164 3250 Superior
175 3173 377 3250 poenitentem
392 3171 551 3232 bominem
565 3171 731 3232 reservetis
748 3190 801 3232 ca·
849 3181 1048 3253 pcccatorum,
1064 3188 1131 3253 qnoe
1144 3170 1228 3230 borno
1239 3169 1384 3249 paenitens
1396 3187 1434 3230 ee
1447 3188 1527 3232 atera
1551 3170 1650 3232 incal-

43 3259 107 3318 sibus
119 3259 293 3338 impeditum
307 3259 348 3320 ad
364 3259 526 3319 inferiores
542 3258 728 3320 Sacerdotes
743 3259 800 3320 ab-
850 3267 926 3340 pato
941 3256 1228 3323 abtr'vioaereticait?
1670 3263 1677 3274 “

42 3345 279 3409 solutioniscausa
292 3347 432 3407 remittit.
895 3353 987 3428 ltesp.
1014 3345 1270 3410 Reservationem
1291 3362 1354 3404 nou
1378 3363 1446 3406 esse
1470 3345 1645 3421 sublatam

71 3438 93 3494 2.
113 3437 226 3496 Cenum
256 3436 352 3497 etiam
370 3439 418 3497 est
440 3453 530 3514 posse
552 3434 656 3513 reipsa
673 3433 704 3494 in
724 3453 798 3495 casu
853 3437 926 3516 quia
941 3436 997 3497 etsi
1012 3437 1141 3514 peecata
1155 3430 1335 3512 hujusmodi
1355 3431 1472 3494 luerint
1492 3431 1645 3495 indirecte

41 3523 169 3601 proposito
188 3525 250 3586 tolli
273 3523 530 3590 reservationem,
547 3523 572 3583 si
593 3521 626 3582 id
648 3523 799 3600 Superior
851 3525 882 3586 vi
897 3523 1101 3586 absolutionis
1115 3519 1258 3597 remissa,
1274 3537 1335 3580 nan
1347 3520 1494 3583 continuo
1505 3521 1648 3602 sequitur

41 3610 155 3672 soluerit.
178 3611 300 3672 Amatio
324 3610 408 3670 enim
431 3610 650 3672 reservationis
673 3609 705 3670 in
729 3609 797 3689 ejus
852 3607 1644 3688 eorumesseablatamreservationemsicutenim,

41 3693 117 3757 lbere
135 3701 281 3777 potestate
305 3697 431 3758 omnino
453 3697 555 3775 posita
577 3700 647 3769 est;
674 3696 748 3776 quia
770 3697 796 3756 si
850 3700 1101 3777 licetpeecatum
1115 3695 1242 3774 aliquod
1256 3694 1371 3756 lethale
1395 3713 1432 3756 ex
1457 3715 1520 3758 non
1544 3715 1646 3759 reser-

41 3783 98 3860 quid
109 3785 199 3863 potuit
210 3803 267 3864 pro
282 3785 412 3846 arbitrio
434 3803 495 3846 non
514 3803 687 3862 reservare,
708 3785 797 3847 itaet
849 3789 929 3848 vatis
943 3787 1037 3848 luerit
1050 3784 1201 3846 indirecte
1216 3783 1391 3860 remissum,
1409 3787 1528 3863 perstat
1538 3788 1645 3846 tamen

40 3873 119 3947 potest
130 3890 180 3950 pra
195 3871 321 3934 arbitrio
337 3872 583 3934 reservationem
598 3872 732 3934 auterre.
849 3874 998 3954 obligatio
1026 3871 1153 3953 proprio
1178 3871 1339 3934 Sacerdoti
1355 3890 1410 3932 seu
1425 3873 1478 3952 qui
1503 3872 1644 3951 legitima

69 3959 92 4016 1.
112 3959 151 4019 llr
173 3957 258 4020 dictis
282 3962 402 4019 eertum
428 3962 475 4020 est
500 3958 680 4037 questionis
702 3959 795 4038 hujus
848 3961 1069 4024 iurisdictione
1098 3958 1223 4038 polleat,
1250 3956 1459 4037 subjiciendi;
1494 3957 1539 4019 sic
1563 3957 1644 4019 indi-

39 4043 192 4106 solutinnem
206 4045 246 4106 ab
264 4064 411 4126 expressa
430 4047 480 4107 vel
499 4047 674 4107 existimata
695 4049 795 4125 Supe·
847 4053 934 4111 recta
948 4047 1086 4109 oriminis
1101 4043 1250 4106 reservati
1265 4043 1448 4105 remissione
1464 4061 1526 4106 non
1548 4046 1641 4107 solvi-

40 4129 109 4193 rioris
128 4134 279 4195 voluntate
292 4134 462 4213 petendam
482 4152 561 4194 esse
583 4137 627 4194 De
647 4153 795 4213 expressa
847 4140 899 4196 tur
912 4135 1071 4215 obligatio,
1089 4132 1165 4194 illud
1177 4131 1308 4278 proprio
1324 4131 1497 4209 Sacerdoti,
1521 4133 1575 4211 qui
1590 4151 1641 4196 so-

39 4225 121 4281 aaa
133 4239 195 4302 epus
207 4222 365 4283 voluntate
380 4223 556 4283 nullatenus
571 4222 792 4295 causareris·
847 4223 895 4284 lus
910 4223 1059 4301 Superior
1073 4223 1121 4280 es
1135 4221 1189 4280 aut
1210 4216 1277 4296 ejus
1298 4217 1471 4297 delegatus,
1495 4221 1640 4282 menites

38 4305 152 4370 lnatan
171 4325 243 4369 vero
267 4326 321 4369 seu
345 4308 510 4370 virtualem
533 4310 670 4370 unanimi
695 4311 792 4370 terme
846 4310 944 4371 andi.
962 4309 1051 4371 ltalia
1067 4310 1113 4368 est
1116 4303 1378 4404 ‚quietindirecta
1392 4300 1546 4370 absolutio
1560 4311 1629 4370 acci

37 4394 363 4456 sensulloetoresrnesse
374 4399 521 4473 arguunt
532 4413 607 4474 qura
617 4413 687 4456 cnm
697 4395 791 4458 bomo
847 4398 892 4460 dit
912 4402 1040 4478 propter
1067 4391 1277 4456 necessariam
1305 4393 1543 4472 connexionem,
1570 4414 1640 4476 quae

38 4481 164 4558 penitens
189 4483 318 4544 crimina
353 4483 459 4543 omnia
492 4487 652 4545 reservata
680 4484 792 4563 quibus
846 4486 927 4546 inest
948 4486 1030 4548 inter
1053 4482 1172 4564 peccati
1194 4481 1286 4542 unius
1313 4482 1541 4561 remissionem,
1567 4501 1640 4545 cum

38 4567 174 4632 obstrictus
187 4574 242 4647 est,
258 4568 342 4648 apud
357 4569 559 4648 Superiorem
578 4570 733 4648 deposuit,
751 4571 791 4632 ab
845 4573 983 4649 alterius,
1001 4572 1085 4652 quod
1096 4569 1637 4650 directaConlessionismateriaest,

38 4669 115 4734 teque
127 4656 277 4719 absolmus
294 4657 430 4733 recessit,
444 4657 501 4717 etsi
513 4659 589 4718 rata
603 4657 790 4720 absolutioni
845 4660 1038 4722 remissione.
1056 4659 1147 4719 Nulla
1161 4661 1267 4718 autem
1282 4658 1434 4720 connexio
1458 4659 1638 4740 hujusmodi

37 4741 133 4805 obicem
145 4751 350 4807 nocentersen
360 4745 545 4805 innocenter
559 4745 624 4824 ipse
638 4747 788 4824 posuerit,
845 4748 1010 4811 intercedit
1036 4746 1118 4809 inter
1145 4744 1334 4808 solutionem
1362 4748 1584 4810 reservationis
1607 4753 1639 4812 et

37 4826 156 4894 sumen
177 4833 227 4894 tini
249 4833 468 4894 reservationis
491 4839 643 4911 quantum
663 4853 721 4912 par
744 4839 791 4897 est
844 4838 1104 4918 qualemcumque
1140 4834 1260 4912 peccati
1295 4833 1530 4908 remissionem
1566 4853 1637 4897 cum

37 4918 166 4983 adciscit.
177 4923 219 4983 llo
234 4921 316 4982 enim
330 4923 392 4982 fine
405 4921 553 5001 graviora
571 4923 715 5001 quaedam
730 4924 790 4985 cri·
845 4925 972 4986 evidens
987 4924 1027 4985 sit
1040 4924 1093 4984 illa
1107 4923 1169 4983 duo
1185 4921 1307 5002 sejungi
1324 4922 1364 4983 ab
1379 4922 1514 4984 invicem
1532 4940 1634 5002 posse.

37 5004 103 5068 mina
118 5015 315 5085 reserventur,
336 5015 371 5073 ut
393 5027 503 5071 eorum
526 5009 570 5071 rei
592 5010 699 5071 tideles
722 5010 790 5072 adi·
885 5013 1008 5094 Objieics
1033 5015 1061 5072 l.
1082 5008 1638 5089 Sipuenitensabsclutapeccatorum

37 5099 127 5170 genitu
138 5097 174 5157 ad
187 5096 355 5158 sistendum
370 5116 403 5158 se
419 5096 591 5175 Superiori,
608 5116 628 5158 a
642 5117 703 5176 quo
718 5118 788 5177 pos·
843 5099 1053 5162 declaratione
1081 5099 1125 5159 sic
1154 5097 1356 5177 Superiorem
1390 5098 1634 5197 alloqueretur:

37 5177 92 5257 sint,
112 5189 140 5244 et
157 5191 282 5263 paterna
299 5184 581 5262 animadversione,
598 5190 630 5247 et
649 5205 790 5266 congrua
842 5188 932 5250 Null'
910 5190 965 5249 aas
987 5186 1106 5269 quidem
1133 5185 1274 5246 reservati
1306 5184 1440 5245 ariminus
1466 5183 1544 5244 milei
1572 5203 1637 5244 scm

37 5268 213 5334 atelactione
226 5273 387 5346 mulctari,
404 5273 511 5352 sicque
532 5272 573 5334 ab
593 5273 654 5334 illis
676 5275 789 5336 admit
841 5275 980 5337 conscire.
1006 5272 1170 5371 Siquidm
1202 5280 1298 5334 tamea
1329 5271 1427 5351 reipsa
1455 5269 1634 5350 obstringar,

38 5357 134 5419 tendis
128 5379 156 5420 ιιι
169 5364 321 5439 posterum
333 5361 577 5422 absterreantur.
591 5364 668 5424 Cum
683 5361 787 5441 itaque
842 5381 931 5444 eaque
940 5361 1097 5442 ‹lerUnceps
1085 5379 1116 5420 ιη
1130 5359 1297 5420 memorium
1311 5357 1429 5419 redeant
1432 5375 1526 5437 ,rogo
1549 5366 1581 5416 at
1595 5356 1636 5416 11-

38 5444 120 5508 onuia
131 5447 191 5509 hec
204 5447 295 5510 bomo
308 5447 364 5512 iste
378 5447 533 5528 poenitens
551 5448 693 5526 subierit,
710 5447 787 5512 nibil
845 5449 943 5512 loram
966 5448 1040 5510 milli
1055 5447 1173 5528 cosmus
1187 5447 1415 5509 reseruaaonem.
1441 5446 1567 5508 Certum
1589 5451 1635 5509 est
