3986 6350
571 561 623 624 DE
650 559 815 624 OFFICllS
837 561 1122 625 conuusssau:
1599 564 1659 624 tes

31 746 229 811 Goniemarius
253 746 312 808 nisi
336 746 418 808 intra
444 746 563 827 aliquot
589 748 810 811 Hebdomadas
866 746 934 827 ejus
949 747 1120 828 delegatus.
1138 747 1310 811 Concilium
1326 747 1409 810 enim
1429 763 1502 810 eum
1520 764 1656 827 pronun-

31 835 155 897 debitam
175 833 430 897 iurisdictionem
453 853 473 896 a
493 836 625 898 Praelato
653 835 807 913 obtinere,
865 835 927 896 ciat
950 837 1068 898 nullam
1092 853 1159 896 esse
1180 835 1270 916 juxta
1297 841 1483 915 perpetuam
1510 833 1657 897 Ecclesiae

31 941 81 984 nec
101 921 304 1000 paenitentem
327 922 484 983 adducere
509 926 545 984 ut
564 924 659 984 talem
682 925 811 987 Confes-
864 923 986 1003 praxim
1001 924 1030 985 in
1046 923 1178 985 articulo
1193 923 1303 984 mortis
1322 923 1586 996 reservationem3
1604 923 1657 984 ab

30 1009 138 1070 sionem
160 1009 247 1088 apud
268 1009 447 1087 delegatum
470 1008 585 1084 iteret;
618 1015 692 1072 tune
714 1011 810 1072 etiam
864 1011 966 1072 solute
987 1011 1113 1072 omnino
1136 1011 1286 1090 loquitur,
1313 1029 1371 1072 nec
1389 1011 1473 1073 istud
1497 1015 1553 1072 aut
1571 1010 1657 1072 aliud

31 1095 228 1156 absolvendus
256 1096 315 1156 erit
335 1095 374 1156 ob
395 1096 550 1157 rationem
573 1114 645 1157 mox
669 1098 807 1175 alatam,
865 1097 1086 1177 quodcumque
1101 1097 1284 1176 adjunctum
1300 1099 1441 1177 apponit,
1457 1116 1520 1176 quo
1533 1097 1657 1158 univer-

31 1183 95 1263 quia
107 1183 277 1245 materialis
297 1183 460 1262 integritas
484 1185 693 1246 Confessionis
716 1186 811 1247 debet
864 1185 1044 1264 salisparsa
1053 1185 1272 1264 propositionis
1285 1203 1394 1247 sensus
1409 1186 1547 1265 quodam
1562 1185 1656 1246 modo

31 1270 93 1331 huic
105 1270 291 1350 gravissimo
306 1271 486 1350 paenitentis
508 1272 594 1333 oneri
615 1270 808 1350 posthaberi.
865 1279 1057 1334 coerceatur.
1082 1274 1163 1334 Nihil
1179 1292 1253 1353 ergo
1276 1292 1332 1335 nos
1347 1273 1405 1334 nisi
1415 1274 1529 1335 frustra
1544 1278 1575 1333 et
1588 1291 1658 1352 per·

63 1360 213 1421 Ceterum
227 1357 406 1418 meminerit
420 1362 544 1438 oportet
557 1359 686 1420 interior
700 1361 811 1420 Sacer·
865 1377 974 1440 peram
998 1377 1156 1438 apponere
1180 1378 1367 1440 possumus;
1388 1359 1562 1439 praesertim
1585 1376 1658 1421 cum

30 1447 88 1524 dos,
114 1445 237 1526 quoties
263 1446 401 1526 aliquem
428 1465 448 1507 a
469 1447 635 1508 reservatis
658 1446 810 1508 indirecte
865 1447 1018 1509 solemnia
1031 1447 1094 1508 sint
1114 1452 1145 1510 et
1166 1450 1372 1510 Sacrosancta
1390 1448 1551 1528 utriusque
1573 1445 1658 1510 turis

31 1535 159 1611 absolvit,
189 1551 281 1594 reum
307 1533 388 1594 serio
415 1551 544 1596 monere
572 1536 611 1596 de
636 1553 730 1597 onere
750 1535 811 1596 ista
866 1535 1042 1598 Axiomata.
1062 1535 1184 1598 Utiles
1205 1555 1264 1597 non
1287 1534 1452 1616 distinguit,
1472 1554 1586 1596 rreeaos
1599 1534 1658 1595 dis-

31 1625 147 1702 peccata
160 1621 396 1700 quamprimum
417 1622 502 1701 apud
524 1623 700 1702 legitimum
722 1625 739 1685 J
745 1621 810 1682 udi·
866 1625 998 1704 linquere
1011 1623 1153 1686 debeam.
1170 1623 1348 1705 Beneficium
1367 1622 1517 1703 Principia
1530 1621 1581 1684 udi
1591 1620 1659 1682 nal·

32 1727 90 1770 cem
110 1709 301 1787 deponendi.
328 1709 420 1781 Quod
443 1710 468 1770 si
493 1710 533 1770 ad
552 1710 584 1771 id
599 1710 811 1788 praestandum
867 1713 931 1774 lam
944 1719 996 1789 cst,
1007 1711 1219 1793 prejudicium
1239 1713 1359 1773 alienas
1379 1718 1419 1772 est
1437 1711 1495 1771 tote
1514 1709 1660 1790 iuterpre-

32 1799 95 1859 ntis
117 1815 179 1858 uon
204 1815 273 1858 esse
292 1800 438 1874 paratum
460 1797 622 1866 advertat,
654 1796 810 1875 denegare
865 1801 996 1862 tandum.
1019 1801 1169 1876 Quamne
1187 1801 1367 1881 infusorem
1385 1799 1660 1876 animamarum

32 1885 249 1985 absolptionem
273 1884 378 1960 debet,
395 1885 468 1964 quia
491 1884 531 1945 ad
546 1883 680 1964 gratiam
701 1884 811 1944 Sacra·
866 1889 1074 1971 restrcbpeada.
1092 1892 1167 1962 Ques
1182 1890 1288 1950 omnia
1303 1907 1397 1969 qnam
1411 1894 1483 1966 apte
1497 1887 1547 1948 isti
1559 1904 1658 1966 queas

32 1979 116 2036 menti
144 1973 402 2053 consequendam
426 1973 485 2034 hoc
504 1973 572 2052 ipso
593 1973 698 2033 minus
717 1987 812 2052 quam
866 1979 942 2041 boni
958 1985 1144 2058 congruam,
1170 1979 1214 2040 its
1236 1985 1283 2038 est
1304 1977 1505 2038 manifestum
1526 1975 1606 2035 utin
1621 1992 1658 2036 eo

33 2080 82 2142 ptr
93 2065 139 2122 est
151 2061 303 2122 idoneum
317 2078 351 2120 se
370 2060 507 2122 exhibet·
797 2142 802 2152 .
867 2067 1111 2129 demonstrando
1127 2065 1285 2128 immorari
1308 2080 1576 2144 supervacaneum
1592 2079 1660 2122 om-

67 2149 168 2224 ΟΜ·
186 2151 238 2210 25·
254 2182 295 2193 ·
317 2147 396 2222 Ouid
415 2147 563 2208 inmoriss
585 2143 813 2225 Otit'wlttpffiiti
866 2154 940 2216 nino
969 2153 1124 2215 videatur.
1155 2155 1243 2215 Patet
1269 2151 1353 2212 enim
1380 2146 1600 2212 reservationis
1626 2147 1658 2208 in

33 2238 148 2318 inferior
159 2237 303 2300 Sacerdos
317 2238 398 2298 circa
405 2245 527 2317 peccata
540 2240 709 2298 racemata?
866 2242 975 2303 mortis
989 2241 1121 2303 articulo
1132 2239 1321 2302 amotionem
1334 2239 1455 2316 insigne
1471 2254 1538 2298 osse
1552 2235 1660 2297 Eccle-

66 2329 151 2406 ltesp.
179 2324 385 2388 Consentiunt
406 2327 556 2387 Doctores
587 2342 706 2400 omnes,
738 2329 836 2384 cum‘
866 2330 920 2390 sies
934 2329 1122 2390 beneficium
1135 2347 1155 2390 a
1167 2327 1410 2390 clementissima
1423 2327 1521 2388 Matre
1541 2322 1660 2384 charis-

33 2413 109 2477 abost
120 2413 281 2494 logitimus
295 2412 459 2489 Sacerdos,
476 2412 526 2472 vel
541 2412 566 2472 si
582 2411 664 2472 adsit
678 2412 728 2472 ille
744 2411 813 2490 qui·
867 2418 954 2479 simis
967 2418 1038 2478 filiis
1052 2418 1216 2490 collatum;
1239 2416 1334 2495 idque
1353 2415 1385 2474 in
1410 2413 1587 2474 animarum
1601 2410 1660 2472 uti-

32 2501 94 2564 dom
115 2501 170 2562 sed
192 2501 282 2576 nolit,
306 2517 398 2578 posse
418 2505 493 2560 tunc
517 2498 689 2578 quemlihet
703 2499 812 2560 Sacer·
867 2504 998 2582 litatem,
1015 2504 1104 2585 nujus
1125 2505 1189 2566 lata
1208 2503 1443 2583 interpretatio,
1465 2501 1590 2581 qualem
1605 2501 1660 2561 de-

33 2588 236 2650 dotemetiam
251 2585 633 2648 Censurisllcclesiasticis
656 2585 813 2647 irretitum
868 2594 1035 2670 sendimus,
1052 2591 1275 2653 noxiannmini
1291 2608 1357 2652 esse
1372 2594 1485 2671 potest.
1578 2621 1581 2628 ·

32 2679 220 2740 annuentem
243 2675 370 2752 audire,
395 2678 427 2735 et
453 2674 555 2735 valide
583 2692 621 2734 ac
649 2673 767 2734 directe
792 2691 812 2733 a
908 2682 1061 2744 probatur
1079 2684 1108 2740 2.
1126 2675 1660 2758 exssnnprnptorqnomvnlnit'dc-

32 2766 269 2864 quibuscumque
282 2761 433 2862 'peccatis
460 2762 623 2823 absolvere
652 2759 813 2821 hominem
868 2770 962 2832 closia
972 2786 1097 2830 omnem
1110 2767 1279 2830 inerticula
1292 2766 1402 2828 mortis
1415 2764 1658 2828 reservationem

29 2848 813 2933 131111ΠοΓῦΡῙὌΧΠΠΠΠῚ·Βθᾶίῐῦῑθὸῖῑῡθὸἵᾶῐῐῑᾶθω
868 2857 983 2920 auferri
1001 2877 1008 2918 ε
1031 2856 1079 2916 Nc
1097 2855 1153 2917 bac
1175 2855 1237 2936 ipsu
1259 2854 1407 2914 occasione
1428 2851 1659 2933 (reservatione

32 2941 118 3020 1³⁰isit
130 2938 261 3000 inferlm
283 2937 393 2998 saltem
417 2937 571 2999 5³⁰0ld⁰⁸
590 2936 693 3016 quoad
708 2935 813 2996 omnia
870 2944 1133 3026 scilicet),aliquis
1139 2950 1253 3024 pereat.
1272 2943 1365 3014 Quasi
1381 2938 1659 3004 diceret'l'ridenti-

32 3031 188 3103 reservata,
217 3024 312 3086 etiam
334 3043 406 3086 cum
427 3025 516 3086 adest
529 3023 579 3084 vel
594 3023 685 3084 facile
701 3041 814 3085 conve-

32 3117 82 3178 niri
95 3119 197 3195 potest
212 3111 362 3193 Superior
375 3112 424 3174 vel
439 3112 507 3194 ejus
522 3112 628 3193 quoad
641 3111 709 3172 bac
728 3111 814 3172 dele-

33 3204 134 3282 gatus?
154 3206 309 3264 Doctores
329 3205 436 3262 autem
459 3199 564 3260 varias
587 3199 618 3259 in
634 3202 738 3278 partes
753 3197 815 3260 dis-

31 3294 110 3356 tinxit
122 3291 214 3353 istius
228 3309 248 3352 a
261 3290 444 3352 Tridentino
458 3289 586 3367 Synodo
604 3288 695 3350 factae
710 3287 814 3348 decla-

32 3380 149 3442 rationis
169 3379 400 3458 interpretatio,
426 3381 510 3440 Sess.
541 3381 589 3438 ll.
619 3378 693 3455 Cap.
718 3379 748 3453 7,
774 3376 813 3436 de

32 3469 142 3532 casibus
156 3467 338 3530 reservatis.
355 3466 410 3527 Pie
429 3464 597 3534 admodum,
621 3484 657 3525 ne
676 3464 731 3526 tac
750 3467 814 3544 ipsa

32 3556 165 3618 ucaaiom
192 3553 305 3633 aliquis
322 3563 434 3634 pereat,
457 3551 631 3614 custoditum
650 3570 761 3633 semper
782 3551 813 3611 in

31 3643 118 3706 cedern
136 3642 273 3705 Ecclesia
294 3639 350 3702 Dei
367 3641 438 3722 suit,
463 3651 496 3704 ut
518 3641 549 3701 ia
572 3641 699 3702 articulo
713 3639 814 3699 mortis

30 3731 104 3792 nulla
124 3733 162 3792 rit
184 3731 344 3792 reservatio
358 3751 370 3799 ,·
383 3739 471 3811 atque
485 3730 549 3792 idco
562 3748 657 3790 omnes
671 3727 812 3790 Sacerdo-

32 3831 65 3882 tes
84 3819 227 3902 quoslibet
242 3820 414 3900 penitentes
435 3839 455 3878 a
474 3817 619 3900 quibusvis
635 3817 763 3898 peccatis
786 3824 813 3877 et

31 3910 144 3970 minois
150 3915 275 3989 posunt
288 3905 446 3969 absoluere.
455 3908 564 3986 Itaque
576 3906 606 3966 in
615 3904 812 3985 assequendo

30 3995 148 4060 istorum
162 3996 331 4058 verborum
346 4013 449 4072 sensu,
461 4013 530 4074 quae
541 3993 684 4055 nonnihil
699 3994 813 4054 obson-

31 4085 117 4148 ritatis
130 4105 197 4165 pras
218 4104 251 4146 se
274 4085 388 4162 ferunt,
405 4083 500 4146 totius
514 4082 708 4144 difficultatis
731 4081 810 4144 verti

32 4175 181 4237 cardinem
195 4173 342 4236 convenit
356 4173 437 4234 inter
451 4189 571 4233 omnes.

65 4263 258 4342 Quapropter
271 4259 349 4321 Dico
362 4261 391 4321 l.
407 4257 650 4340 Iaserr'orsaltem
660 4257 811 4334 Sacerdos,

30 4369 71 4410 rea
83 4351 104 4410 is
117 4349 171 4430 qai
184 4347 366 4409 ordinariam
374 4355 426 4408 aut
439 4345 604 4426 delepatam
617 4345 702 4406 babet
714 4345 814 4407 aliua-

31 4436 320 4512 charisdictionem,
339 4443 435 4517 potest
449 4453 468 4497 a
482 4434 635 4494 reservatis
658 4434 692 4494 ia
712 4431 814 4492 mortis

31 4527 145 4588 nticula
163 4524 326 4600 absoluere,
350 4524 439 4584 etiam
459 4542 525 4586 cum
548 4521 627 4584 adest
649 4529 702 4582 out
723 4519 814 4601 facile

31 4614 167 4676 cmoeniri
177 4620 274 4694 potest
291 4612 434 4693 Superior
447 4611 494 4672 vel
504 4612 568 4693 ejus
581 4609 741 4691 detepatus.

64 4702 226 4777 Probatur,
243 4703 271 4761 l.
298 4699 365 4760 haro
386 4699 516 4762 assertio
536 4703 659 4775 nostra,
685 4698 760 4778 quia
779 4696 812 4756 in

30 4791 128 4853 morb's
141 4789 274 4852 articqu
285 4787 375 4868 juxta
385 4787 602 4852 Tridentinum
616 4787 731 4849 desinit
744 4803 813 4848 om-

868 3052 955 3111 num,
970 3051 1009 3094 ue
1021 3033 1090 3113 quis
1101 3031 1201 3094 fidelis
1215 3029 1382 3091 reservatis
1392 3029 1574 3091 criminibus
1585 3026 1660 3088 obli·

868 3127 959 3201 gatus
970 3125 1002 3183 et
1016 3121 1049 3181 in
1064 3118 1173 3182 mortis
1187 3117 1366 3178 discrimine
1377 3117 1573 3191 constitutus,
1586 3115 1661 3175 defi·

868 3211 969 3271 ciente
983 3206 1123 3286 legitimo
1139 3205 1320 3281 Sacerdote,
1339 3205 1380 3264 ab
1395 3202 1574 3284 hujusmodi
1589 3219 1661 3282 peo-

869 3298 946 3362 catis
962 3314 1023 3358 non
1048 3295 1209 3356 absolutus
1232 3293 1414 3366 decederet;
1435 3296 1529 3371 atque
1552 3291 1613 3366 ita,
1634 3288 1660 3350 si

868 3384 1020 3449 contritus
1035 3401 1098 3444 non
1112 3382 1205 3458 foret,
1221 3381 1345 3442 aeternis
1362 3380 1488 3460 ignibus
1502 3378 1661 3440 addicere-

867 3479 930 3537 tur.
947 3471 1036 3534 Unde
1051 3470 1095 3532 sio
1110 3467 1325 3550 argumentari
1336 3485 1502 3547 possumus
1518 3486 1525 3526 :
1539 3466 1571 3526 Si
1585 3469 1660 3526 tuno

868 3562 963 3625 etiam
977 3575 1049 3620 oum
1075 3557 1164 3619 adest
1185 3555 1341 3635 legitimus
1366 3553 1519 3616 Sacerdos
1537 3569 1592 3613 seu
1611 3569 1661 3612 su-

867 3650 983 3729 perior,
1000 3650 1054 3708 aut
1068 3645 1241 3725 delegatus,
1261 3645 1480 3724 perseveraret
1501 3640 1605 3702 adhuc
1629 3640 1659 3699 in

867 3736 976 3799 mortis
991 3734 1122 3796 articulo
1137 3732 1326 3806 reservatio;
1345 3732 1465 3792 nullum
1475 3735 1581 3790 tamen
1595 3727 1660 3788 ani·

866 3841 991 3886 marum
998 3821 1130 3902 jactura
1144 3818 1318 3899 pericnlum
1333 3818 1510 3880 immineret
1523 3835 1562 3876 ex
1571 3831 1660 3876 occa·

867 3913 954 3974 sione
969 3907 1201 3971 reservationis
1217 3909 1300 3986 Ergo
1318 3907 1351 3966 in
1374 3907 1433 3967 hoc
1447 3907 1569 3965 tantum
1584 3918 1659 3962 oasu

867 3997 1079 4059 reservatione
1094 3995 1217 4056 sublata
1231 3993 1370 4056 Ecclesia
1380 3997 1474 4071 atque
1485 3991 1564 4052 adeo
1579 3991 1659 4050 Gon-

868 4087 973 4147 cilium
987 4083 1203 4148 Tridentinum
1227 4082 1303 4143 nulli
1328 4082 1459 4163 jacturae
1482 4079 1659 4140 animarum

866 4173 1004 4254 periculo
1026 4172 1221 4234 occurrisset.
1244 4172 1445 4248 Consequens
1465 4169 1579 4247 patet;
1605 4183 1659 4244 pe-

867 4262 964 4324 riculo
979 4261 1062 4321 enim
1072 4260 1156 4339 quod
1171 4259 1289 4319 nullum
1305 4275 1373 4318 esse
1383 4256 1521 4336 ponitur,
1534 4251 1658 4315 occurri

868 4367 930 4410 non
944 4352 1056 4427 potest.
1074 4347 1227 4408 Probatur
1237 4346 1342 4425 itaque
1352 4343 1561 4405 Antecedens.
1579 4343 1659 4402 Nam

867 4436 1087 4514 perseverante
1107 4429 1318 4492 reservatione
1338 4429 1370 4489 in
1389 4427 1498 4490 mortis
1513 4426 1655 4502 articulo,

868 4523 964 4584 etiam
978 4537 1049 4582 cum
1071 4519 1160 4580 adest
1179 4516 1337 4596 legitimus
1362 4515 1525 4589 Sacerdos,
1555 4517 1661 4592 posset

867 4615 972 4672 tamen
988 4608 1092 4669 adhuc
1116 4606 1245 4668 inferior
1266 4604 1479 4667 confessarius
1500 4601 1660 4663 hominem

866 4697 898 4758 in
922 4715 1024 4777 agone
1047 4695 1249 4758 constitutum
1273 4711 1292 4754 a
1315 4691 1481 4754 reservatis
1508 4689 1660 4751 indirecte

867 4787 1040 4861 absolvere,
1057 4783 1137 4845 siout
1151 4786 1254 4861 potest
1277 4780 1363 4861 justa
1381 4780 1420 4841 de
1444 4797 1540 4841 causa
1563 4777 1660 4838 alium

31 4876 94 4938 uino
108 4877 290 4938 reservatio.
311 4877 394 4953 llrgo
415 4873 599 4935 inferiorum
622 4874 733 4935 saltem
755 4875 812 4936 Sa·
867 4888 1097 4953 quemcumque
1128 4869 1334 4949 poenitentem
1356 4871 1449 4944 tunc,
1480 4883 1551 4928 cum
1579 4865 1659 4925 bene

30 4969 181 5028 cerdotum
196 4963 387 5040 iurisdictio,
403 4981 474 5042 quae
493 4981 550 5042 per
564 4961 810 5024 reservationem
866 4960 960 5021 valet.
986 4961 1052 5020 Hac
1073 4964 1178 5020 autem
1202 4955 1355 5018 indirecta
1377 4953 1572 5016 absolutione
1597 4969 1658 5012 non

30 5055 161 5118 restricta
175 5058 256 5128 erat,
269 5051 335 5131 jam
349 5051 382 5111 in
396 5056 495 5113 totam
520 5068 610 5112 suam
632 5050 813 5128 amplitudi-
866 5045 969 5107 minus
992 5065 1086 5126 quam
1114 5043 1235 5105 directa
1263 5047 1387 5104 aeternae
1418 5039 1535 5101 bomini
1566 5039 1660 5099 saluti

30 5157 91 5202 nem
106 5139 289 5202 restituitur.
306 5141 410 5200 Potest
425 5139 530 5219 itaquo
555 5137 685 5218 quilibet
700 5157 737 5199 ex
751 5137 812 5198 illis
866 5135 1100 5208 consuleretur;
1117 5137 1210 5212 atque
1225 5130 1299 5191 huic
1309 5130 1363 5191 uni
1373 5127 1571 5190 incommodo
1586 5127 1659 5188 sub·

29 5243 47 5288 a
64 5227 244 5289 criminibus
267 5224 432 5286 reservatis
453 5243 515 5287 non
540 5226 643 5288 minus
670 5241 765 5305 qnam
793 5244 813 5286 a
863 5223 959 5304 jacet,
975 5223 1027 5301 qui
1051 5221 1096 5281 sio
1115 5219 1276 5281 absolutus
1299 5217 1408 5278 fuisset
1423 5235 1431 5286 ;
1449 5220 1483 5276 ut
1501 5213 1527 5274 si
1545 5231 1659 5274 conva-

29 5315 138 5396 eateris
152 5310 299 5376 omnibus
321 5311 423 5372 valide
449 5315 481 5373 et
497 5311 616 5372 directe
636 5311 810 5372 absolvere.
866 5312 1010 5377 lesoeret,
1027 5307 1277 5385 obstringeretur
1298 5304 1337 5365 ad
1360 5301 1529 5363 sistendum
1549 5318 1583 5360 se
1609 5319 1659 5360 su·

62 5403 163 5482 Neque
178 5397 294 5460 dixeris
309 5397 553 5461 reservationem
565 5397 652 5459 illa'm
662 5401 812 5460 tunctan·
867 5393 994 5475 periuri,
1011 5411 1106 5474 aquo
1127 5396 1232 5472 posset
1246 5411 1265 5452 a
1279 5388 1445 5452 reservatis
1469 5387 1586 5448 directe
1606 5386 1659 5446 ab·

29 5485 87 5548 tum
99 5486 226 5563 auferri,
244 5503 316 5546 cum
330 5486 418 5548 abest
428 5485 586 5564 legitimus
598 5485 749 5564 Superior
763 5486 811 5546 vel
867 5483 956 5548 solvi.
973 5483 1041 5554 Oua
1059 5480 1248 5560 obligatione
1262 5478 1353 5560 juxta
1374 5476 1514 5539 omnium
1531 5473 1658 5535 omnino
