3986 6350
288 545 349 604 ⁴56

334 729 388 790 His
412 730 581 808 praemissis
595 730 670 792 Dico
686 733 714 792 l.
734 729 848 804 Oueties
870 730 1024 792 Sacerdos
1048 730 1090 791 ad

293 817 526 878 emendandum
541 836 682 878 errorem
700 818 868 878 convenire
883 817 1090 896 poenitentem

293 904 426 982 cogitur,
444 921 556 964 cavere
570 905 738 984 diligenter
752 905 847 965 debet
861 923 900 964 ne
916 905 991 983 quid
1006 905 1033 964 ci
1050 905 1089 964 de

294 991 409 1052 auditis
425 991 456 1051 in
470 991 674 1052 Confessione
692 993 849 1072 significet
865 1011 871 1052 :
890 991 1005 1071 alioqui
1022 1011 1089 1052 sese

293 1079 399 1140 violati
414 1078 513 1158 sigilli
534 1079 666 1140 crimine
682 1080 855 1140 devinciret
871 1099 878 1140 :
895 1080 950 1140 sed
965 1084 1092 1141 moneat

293 1166 446 1228 duntaxat
460 1185 530 1227 esse
556 1167 617 1228 sibi
642 1186 714 1228 eum
739 1187 776 1230 eo
798 1168 837 1228 de
852 1187 886 1228 re
901 1168 1007 1247 magni
1022 1187 1092 1228 mo-

292 1254 401 1330 menti,
419 1272 489 1332 quae
506 1255 546 1314 ad
562 1256 787 1317 conscientiam
801 1260 936 1335 spectat,
952 1257 984 1316 in
1000 1275 1090 1317 sacro

292 1341 455 1404 'tribunali
472 1344 649 1422 agendum;
675 1348 827 1423 rogetque
842 1349 877 1404 ut
898 1363 931 1404 se
953 1344 980 1404 ei
997 1362 1091 1422 quam

293 1429 431 1508 primum
453 1430 558 1507 sistat,
578 1431 728 1510 diemque
753 1435 874 1492 certum
898 1429 1024 1490 indicat.
1046 1430 1091 1490 lbi

293 1519 398 1578 autem
422 1517 575 1596 quidquid
592 1535 670 1595 opus
692 1519 762 1595 erit,
780 1523 893 1596 aperte
909 1518 1019 1598 eloqui
1034 1537 1092 1597 po-

294 1605 384 1678 terit;
402 1621 438 1665 ac
453 1604 478 1664 si
493 1605 591 1666 fuerit
604 1606 694 1668 irrita
708 1607 795 1685 prior
809 1607 980 1682 Confessio,
994 1606 1091 1668 inter-

293 1694 454 1772 rogandus
467 1692 537 1768 erit,
554 1711 595 1752 an
612 1693 728 1754 lethale
752 1694 880 1774 aliquod
906 1693 1027 1754 crimen
1050 1693 1090 1754 ab

293 1780 406 1842 ultima
418 1779 619 1841 confessione
634 1781 812 1854 admiserit3
825 1785 892 1842 tum
907 1800 947 1842 an
963 1782 1004 1842 de
1019 1800 1090 1861 pec-

278 1868 373 1938 catis
395 1886 495 1946 nuper
517 1867 668 1946 depositis
698 1868 813 1929 iterum
834 1888 867 1930 se
889 1873 1027 1946 accuset,
1044 1874 1091 1931 at

304 1975 364 2036 que
379 1956 418 2016 de
434 1955 472 2016 iis
492 1954 677 2034 caeterisque
693 1957 851 2030 omnibus,
869 1975 1002 2035 quorum
1017 1975 1091 2017 con-

294 2044 378 2106 scius
399 2047 458 2120 est,
480 2043 538 2104 rite
562 2043 676 2106 doleat.
698 2045 730 2108 si
754 2045 910 2122 annuerit,
927 2045 1090 2106 absolven-

295 2131 354 2192 dus
369 2131 439 2192 erit.
938 2175 942 2180 -

337 2218 471 2300 Objr'cr'er.
499 2219 532 2283 Si
547 2219 763 2282 confessarius
785 2219 1016 2281 absolutionem
1035 2239 1091 2300 per

294 2307 541 2386 imprudentiam
570 2307 723 2384 emiserit,
754 2308 906 2387 numquid
929 2308 1004 2370 satis
1032 2308 1091 2369 erit

293 2395 513 2474 poenitentem,
531 2413 603 2456 cum
628 2395 767 2475 primum
788 2402 941 2472 occurret,
958 2396 1090 2457 inscium

295 2486 328 2542 et
349 2482 578 2563 incogitantem
593 2483 782 2545 absolvere?
806 2485 842 2544 R.
869 2484 904 2546 ld
928 2484 1003 2545 satis
1027 2503 1089 2544 non

295 2587 382 2643 esse;
409 2571 486 2650 quia
511 2574 539 2632 l.
564 2571 723 2632 Poenitens
746 2589 840 2647 novo,
865 2590 926 2650 quo
951 2591 984 2631 se
1007 2571 1089 2633 forte

294 2657 462 2720 obstrinxit
482 2659 611 2734 delicto,
638 2658 842 2720 absolutionis
857 2659 1006 2720 efficaciae
1031 2660 1088 2720 eb-

293 2745 390 2806 sistet.
407 2749 437 2808 2.
460 2747 502 2807 Ut
516 2745 671 2807 absolutio
698 2745 812 2805 efficax
835 2745 885 2821 sit,
908 2747 1089 2809 debetcum

294 2832 415 2892 caeteris
435 2832 630 2894 sacramenti
655 2833 810 2911 partibus,
837 2833 946 2894 dolere
971 2834 1090 2895 scilieet

295 2937 335 2982 ac
350 2920 550 2982 Confessione
566 2920 726 2982 moraliter
744 2921 856 2981 saltem
871 2921 1031 3002 conjungi.
1049 2925 1089 2984 nt

295 3008 348 3068 vel
363 3008 456 3069 unius
479 3007 540 3069 diei
556 3007 755 3069 intervallum
770 3013 873 3087 potest
895 3009 1089 3090 conjunctio-

295 3112 368 3156 nem
383 3095 465 3156 hane
480 3095 660 3174 prohibere.
678 3095 709 3157 Si
725 3099 829 3157 tamen
845 3096 1000 3174 poenitens
1015 3114 1088 3156 mox

295 3201 315 3242 a
329 3200 425 3243 sacro
449 3180 623 3258 Tribunali,
640 3182 696 3242 sed
720 3182 893 3243 nondume
916 3183 1087 3244 sacerdotis

295 3276 464 3349 conspecta
487 3269 627 3336 recessit,
643 3275 717 3331 tune
741 3269 819 3330 nihil
839 3271 949 3332 obesse
963 3271 1087 3332 videtur

296 3357 463 3438 quominus
478 3357 599 3419 absolvi
613 3357 752 3436 legitime
767 3357 876 3436 possit.

335 3445 411 3506 Dico
425 3449 455 3505 b.
480 3444 512 3508 Si
532 3445 749 3506 Gonfessarius
763 3449 873 3508 contra
887 3447 1086 3509 sacramenti

295 3532 503 3594 substantiam
517 3551 573 3594 seu
596 3532 732 3609 innoxie,
749 3552 805 3594 seu
830 3539 980 3596 nocenter
1000 3553 1086 3594 erra-

295 3620 385 3696 verit,
398 3619 494 3681 debet
504 3637 644 3681 errorem
657 3621 825 3682 emendare
836 3623 958 3701 quoties
972 3622 1004 3683 id
1019 3622 1085 3682 sine

295 3725 352 3768 suo
367 3706 416 3768 vel
439 3707 542 3768 alieno
566 3706 764 3770 incommodo
788 3709 854 3768 fieri
881 3713 994 3787 potest.
1011 3709 1087 3769 Pro·

295 3793 394 3861 batur,
420 3793 495 3873 quia
522 3792 590 3872 lega
619 3811 681 3854 non
709 3795 870 3856 charitatis
892 3797 1005 3872 solum,
1030 3796 1085 3856 sed

295 3879 391 3941 otiam
401 3879 529 3958 justitie
545 3880 667 3959 cogitur
681 3881 813 3960 quisque
829 3882 978 3943 damnum
993 3881 1083 3945 alteri

294 3971 406 4029 contra
428 3967 487 4044 fas,
503 3967 554 4028 vel
577 3968 754 4029 nescienter
768 3969 899 4047 illatum,
926 3989 965 4030 ne
981 3989 1087 4049 perse-

295 4059 383 4116 veret
396 4073 528 4127 curare;
554 4073 627 4116 cum
652 4055 685 4116 id
700 4056 876 4135 praesertim
900 4058 967 4118 sine
982 4057 1088 4138 eujus-

295 4159 392 4222 quam
405 4142 604 4205 incommodo
615 4144 682 4206 fieri
693 4149 805 4222 potest.
822 4147 863 4205 At
873 4145 1087 4207 confessarius

294 4229 499 4308 prenitentem
522 4249 585 4291 non
599 4231 792 4293 absolvendo
807 4249 879 4293 cum
898 4233 1016 4310 debuit,
1033 4240 1088 4295 aut

295 4317 487 4379 absolvendo
502 4319 722 4398 cumlegitime
733 4337 795 4380 non
810 4319 922 4398 potuit,
935 4321 1086 4382 damnum

296 4403 324 4463 ei
348 4403 452 4465 intulit
469 4405 690 4484 gravissimum
715 4425 722 4464 ε
748 4411 865 4467 namt.
889 4407 921 4470 Si
936 4407 1086 4468 contritus

267 4540 271 4550 ,
296 4509 357 4552 non
372 4490 477 4568 fuerit,
490 4496 526 4552 ut
539 4492 696 4572 plerisque
706 4493 924 4571 peccatoribus
938 4513 1000 4555 non
1015 4513 1086 4556 raro

295 4577 459 4656 contingit,
476 4578 585 4659 sieque
608 4580 737 4657 inopina
759 4586 860 4642 morto
879 4581 1084 4660 opprimatur,

295 4665 356 4725 orit
373 4665 414 4725 de
436 4671 553 4727 aeterna
574 4666 641 4745 ejus
655 4667 755 4728 salute
770 4668 895 4746 penitus
909 4670 1087 4730 conclama-

295 4756 372 4813 tum.
396 4757 425 4812 ἓ.
446 4755 525 4815 Cum
546 4753 657 4814 merito
682 4759 770 4832 putet
788 4759 918 4832 peecata
939 4775 1008 4835 quae
1032 4756 1087 4816 de·

294 4840 410 4918 posuit,
427 4859 495 4900 esse
510 4840 568 4901 rite
591 4842 834 4903 sacramentalis
856 4843 969 4922 gratiae
989 4845 1087 4904 beno-

293 4927 364 4989 ticio
380 4927 523 5006 expiata,
541 4928 580 4988 de
595 4929 632 4990 iis
654 4928 769 4990 iterum
790 4930 984 5008 deponendis
999 4931 1087 4992 deiu-

294 5033 369 5093 ceps
390 5031 453 5076 non
480 5016 644 5094 cogitabit,
669 5016 710 5076 ad
738 5019 822 5096 quod
850 5023 955 5080 tamen
979 5019 1085 5082 divino

293 5106 452 5180 praecepto
467 5102 614 5180 adigitur.

335 5189 411 5249 Dico
432 5192 462 5250 3.
486 5191 564 5250 Cum
587 5191 619 5250 in
641 5209 746 5252 errore
764 5191 944 5271 hujusmodi
966 5194 1005 5254 ad
1028 5196 1087 5256 Sa-

297 5277 449 5340 cramenti
464 5277 673 5339 substantiam
696 5281 871 5356 pertinente
885 5280 990 5358 gravis
1006 5283 1086 5343 Gon-

294 5361 414 5423 fessarii
430 5363 522 5440 calpa
536 5364 722 5442 intercessit,
739 5367 765 5427 is
779 5366 867 5427 illum
882 5366 976 5428 debet
990 5368 1085 5430 etiam

297 5465 369 5510 cum
384 5449 510 5528 proprio
526 5453 556 5512 et
574 5453 666 5532 gravi
685 5453 884 5515 incommodo
900 5455 1082 5518 emendare.

1012 547 1127 608 LlBIblt
1147 543 1199 608 lX.

1145 726 1316 804 Probatur,
1340 727 1415 807 quia
1444 745 1516 788 eum
1539 727 1610 807 quis
1638 726 1737 807 eulpa
1763 743 1821 787 sua
1842 743 1923 804 grave

1143 816 1295 877 damnum
1313 814 1402 876 alteri
1417 815 1532 892 intulit,
1550 815 1645 876 debet
1660 814 1739 875 illud
1756 813 1851 874 etiam
1863 831 1925 875 eum

1143 904 1269 982 proprio
1298 903 1501 965 incommodo
1528 903 1695 979 resarcire,
1720 901 1859 982 graviori
1883 901 1925 961 vel

1143 991 1252 1052 leviori
1267 1009 1324 1070 pro
1339 991 1494 1070 gravitate
1508 990 1558 1050 vel
1582 991 1709 1052 levitate
1725 989 1805 1050 illati
1820 989 1924 1051 damni.

1144 1080 1240 1141 Multo
1256 1078 1351 1157 igitur
1365 1077 1466 1157 magis
1480 1095 1552 1139 eum
1566 1076 1721 1138 damnum
1735 1075 1776 1136 ad
1792 1082 1926 1138 aeternam

1145 1167 1258 1228 animae
1286 1167 1416 1226 salutem
1450 1165 1596 1245 pertinet,
1622 1183 1695 1226 cum
1724 1183 1788 1244 qua
1820 1164 1927 1226 nullam

1145 1258 1247 1332 petest
1277 1253 1451 1332 temporale
1488 1251 1725 1314 incommodum
1759 1250 1832 1330 jure
1865 1269 1927 1312 con-

1145 1341 1229 1403 ferri.

1183 1431 1304 1491 Dicet.
1321 1429 1386 1490 Etsi
1402 1429 1433 1489 in
1450 1446 1560 1490 errore
1576 1428 1629 1507 qui
1644 1428 1730 1488 circa
1745 1428 1927 1490 sacramenti

1144 1516 1351 1578 substantiam
1365 1520 1518 1592 versatur,
1536 1518 1622 1576 nulla
1636 1516 1833 1578 confessarii
1848 1515 1927 1594 culpa

1143 1604 1375 1678 intercesserit;
1392 1605 1480 1665 illum
1502 1603 1671 1664 emendare
1696 1603 1805 1679 debet,
1822 1603 1846 1664 si
1866 1621 1928 1682 pos-

1144 1693 1195 1769 sit,
1219 1693 1313 1754 etiam
1341 1711 1414 1753 eum
1437 1693 1564 1770 proprio
1595 1691 1824 1768 incommodo,
1849 1689 1926 1770 quale

1145 1780 1272 1860 quidem
1293 1781 1325 1840 in
1347 1781 1407 1842 hec
1428 1799 1502 1842 casu
1524 1779 1669 1840 accidere
1691 1781 1812 1858 passim
1828 1785 1925 1859 potest.

1143 1871 1199 1930 Est
1217 1873 1327 1930 contra
1350 1867 1516 1928 nonnullos
1533 1871 1689 1944 auctores,
1707 1867 1763 1947 qui
1788 1867 1830 1928 ad
1853 1884 1927 1926 erro-

1143 1975 1211 2016 rem
1235 1955 1426 2036 hujusmodi,
1448 1954 1473 2015 si
1495 1953 1674 2033 inculpatus
1698 1955 1750 2030 sit,
1768 1955 1928 2015 emendan-

1145 2043 1220 2103 dum
1235 2061 1296 2102 non
1311 2041 1395 2119 adigi
1411 2042 1642 2102 confessarium
1658 2041 1853 2116 existimant,
1869 2058 1927 2100 cunr

1145 2129 1231 2190 illum
1246 2128 1414 2188 emendare
1430 2146 1492 2189 non
1517 2131 1621 2207 potest
1644 2127 1712 2188 sine
1728 2127 1837 2208 aliquo
1851 2128 1927 2188 fama

1144 2215 1343 2292 detrimento,
1360 2221 1392 2277 et
1417 2219 1453 2276 ut
1480 2215 1609 2294 quidam
1633 2214 1687 2288 ait,
1714 2215 1785 2276 sine
1814 2215 1925 2276 rubore.

1143 2302 1306 2372 Probatur,
1324 2304 1398 2382 quia
1416 2303 1500 2365 istud
1521 2303 1613 2364 famae
1629 2302 1869 2378 detrimentum,
1883 2307 1928 2364 aut

1144 2391 1277 2470 quodvis
1305 2391 1392 2452 aliud
1415 2390 1509 2470 hujus
1537 2390 1666 2469 generis
1688 2390 1925 2464 incommodam,

1143 2479 1169 2538 si
1185 2478 1268 2557 quod
1282 2478 1362 2539 forte
1378 2477 1550 2552 immineat,
1562 2477 1640 2538 tanti
1656 2477 1802 2556 profecto
1817 2495 1877 2538 non
1891 2481 1928 2538 est

1143 2566 1233 2626 atad
1247 2564 1323 2625 illud
1338 2564 1514 2626 cavendum
1528 2568 1647 2626 aeterna
1661 2565 1928 2644 poenitentissalus

1143 2653 1261 2732 negligi
1271 2652 1342 2733 jure
1357 2653 1474 2730 possit;
1491 2653 1669 2731 praesertim
1683 2671 1758 2714 cum
1773 2655 1854 2714 adei
1867 2672 1929 2716 con-

1144 2741 1309 2802 sulendum
1324 2741 1421 2802 vitam
1434 2742 1536 2819 ipsam
1559 2739 1592 2799 in
1607 2745 1757 2818 apertum
1772 2743 1929 2803 discrimen

1143 2829 1309 2903 adducere,
1322 2826 1459 2889 charitas
1470 2827 1640 2908 aliquando
1657 2846 1715 2889 nos
1731 2835 1838 2908 cogat.
1854 2828 1929 2890 Adde

1143 2916 1228 2994 quod
1243 2915 1381 2994 primum
1396 2914 1457 2976 erit
1470 2913 1669 2976 confessario
1685 2915 1760 2976 huia
1774 2917 1865 2978 famae
1878 2933 1930 2976 soa

1143 3003 1330 3066 detrimento
1346 3019 1523 3063 occurrere.

1181 3091 1256 3153 Dico
1271 3093 1299 3152 5.
1318 3092 1395 3152 Cum
1410 3107 1498 3151 error
1510 3089 1595 3152 eirca
1605 3091 1806 3154 Sacramenti
1819 3091 1930 3170 integri·

1141 3184 1238 3242 tatem
1252 3182 1406 3254 versatur,
1432 3177 1526 3240 debet
1544 3177 1631 3238 illum
1647 3179 1769 3258 pariter
1783 3179 1863 3243 Conf
1919 3211 1931 3222 -

1142 3267 1218 3342 rius,
1235 3264 1357 3326 etiamsi
1371 3263 1548 3343 inculpatus
1558 3264 1608 3341 sit,
1621 3265 1745 3344 quoties
1759 3265 1794 3328 id
1809 3267 1872 3328 sine
1884 3284 1930 3326 sao

1139 3358 1243 3434 potest
1255 3353 1465 3429 incommodo,
1484 3354 1663 3414 emendare.
1688 3352 1854 3432 Probatur,
1869 3353 1931 3435 quia

1139 3441 1295 3521 poenitens
1318 3440 1357 3500 ad
1381 3443 1512 3519 peecata
1526 3440 1633 3502 omnia
1647 3459 1787 3520 quorum
1802 3441 1931 3504 conscius

1140 3535 1198 3604 est,
1223 3529 1281 3588 rite
1304 3527 1494 3606 deponenda
1516 3529 1587 3607 lege
1602 3528 1710 3590 divina
1726 3528 1928 3609 obstringitur.

1139 3617 1239 3678 Debet
1253 3633 1327 3695 ergo
1344 3615 1538 3677 sacramenti
1553 3615 1695 3678 Minister
1709 3617 1788 3679 dare
1803 3633 1928 3696 operam,

1141 3708 1293 3782 quantum
1317 3701 1349 3760 in
1373 3721 1406 3762 se
1421 3701 1516 3762 situm
1540 3706 1597 3778 est,
1623 3707 1657 3764 ut
1676 3702 1761 3764 hanc
1775 3703 1829 3765 ille
1842 3705 1930 3782 legem

1141 3792 1297 3852 observet.
1330 3793 1466 3851 'facente
1490 3793 1597 3851 autent
1620 3791 1831 3868 confessario,
1856 3790 1931 3852 dein-

1141 3897 1215 3958 ceps
1240 3878 1396 3957 poenitens
1419 3878 1616 3957 depereatis
1643 3878 1681 3939 iis
1704 3898 1777 3960 quae
1799 3879 1931 3940 omiserat

1142 3964 1338 4044 deponendis
1361 3983 1423 4026 non
1448 3965 1609 4045 cogitabit,
1635 3970 1723 4027 ratus
1741 3966 1931 4030 Sacerdotem

1141 4069 1271 4114 munere
1285 4069 1342 4113 suo
1352 4053 1493 4114 functum
1506 4071 1586 4130 esse,
1603 4073 1660 4116 aec
1676 4055 1852 4136 quidquam
1866 4073 1892 4112 v.
1902 4069 1928 4129 g.

1141 4141 1360 4220 interrogasse,
1387 4142 1472 4220 quod
1495 4140 1571 4202 nilril
1593 4149 1677 4204 esset
1699 4143 1740 4204 de
1764 4162 1829 4223 quo
1848 4142 1929 4204 inter·

1141 4233 1277 4307 rogaret.

1181 4315 1256 4378 Dico
1270 4317 1300 4376 6.
1318 4312 1350 4376 Si
1365 4331 1440 4374 vero
1456 4333 1517 4376 non
1533 4315 1631 4394 possit
1640 4316 1857 4380 Confessarius
1870 4315 1930 4378 abs-

1141 4421 1202 4483 que
1216 4401 1304 4481 gravi
1318 4400 1519 4464 incommodo
1542 4402 1665 4466 omissae
1679 4405 1853 4484 integritati
1867 4421 1930 4464 con-

1140 4493 1262 4565 sulere;
1287 4496 1361 4552 tunc
1376 4491 1634 4571 distinguendum
1649 4499 1716 4556 est:
1734 4497 1787 4558 vel
1801 4497 1882 4558 euim
1894 4493 1928 4555 illi

1141 4579 1239 4640 errori
1254 4579 1376 4640 actione
1392 4597 1448 4640 sua
1469 4598 1598 4642 causam
1612 4581 1769 4660 praebuit3
1785 4584 1836 4644 vel
1850 4583 1930 4644 ornis·

1140 4665 1227 4728 sione
1241 4672 1374 4728 tantum.
1392 4666 1425 4728 Si
1440 4668 1564 4730 actione
1578 4688 1637 4730 sua
1652 4691 1659 4730 :
1677 4671 1754 4750 quia
1768 4673 1856 4734 verbi
1868 4688 1930 4750 gra-

1139 4752 1320 4816 tia'monuit
1333 4755 1551 4834 paenitentem,
1579 4775 1642 4818 non
1657 4777 1725 4820 esse
1742 4765 1929 4838 peccatoram

1140 4859 1306 4904 numerum
1328 4847 1385 4906 aut
1407 4843 1557 4940 adjuncta
1578 4845 1633 4906 illa
1656 4865 1727 4925 quse
1750 4862 1928 4925 eorumspc

1140 4930 1220 4990 ciem
1235 4934 1368 5006 mutant,
1385 4935 1450 4993 tam
1464 4933 1555 4994 anxie
1565 4933 1819 5008 manifestanda3
1836 4938 1928 4996 autea

1139 5018 1234 5078 modo
1257 5018 1423 5098 requisitas
1446 5019 1708 5100 interrogationes
1727 5020 1925 5101 pretermisit

1141 5109 1175 5162 ut
1189 5103 1273 5164 idem
1287 5109 1318 5164 et
1332 5103 1523 5183 significasse
1539 5106 1639 5170 videri
1655 5107 1774 5186 possit:
1801 5113 1872 5171 tunc
1884 5107 1927 5168 de·

1139 5188 1193 5254 bet
1207 5190 1362 5270 integram
1372 5193 1605 5256 confessionem
1618 5194 1715 5256 etiam
1724 5213 1798 5257 oum
1814 5193 1926 5275 proprio

1139 5277 1339 5340 incommodo
1362 5298 1543 5359 procurare,
1569 5301 1624 5342 seu
1648 5281 1751 5344 sciens
1770 5285 1925 5362 volensque

1138 5365 1326 5446 peccaverit,
1339 5385 1395 5428 seu
1406 5366 1600 5446 imprudens.
1614 5369 1777 5434 Probatur.
1793 5371 1869 5442 Oraia
1881 5367 1924 5448 qui

1139 5454 1260 5518 actione
1275 5473 1333 5516 sua
1346 5473 1442 5518 eausa
1456 5459 1513 5535 est,
1531 5475 1587 5520 cur
1600 5457 1712 5539 aliquis
1726 5459 1830 5540 legem
1844 5458 1924 5520 etiarn
