3986 6350
22 779 906 1042 tfluouoairt
970 780 1660 1042 maurum

603 1272 1054 1320 -ΛΦΦΆῸΜ

354 1652 446 1828 tt
499 1651 791 1828 ottttttt
843 1651 1349 1920 tottttttttt

616 1953 797 2036 Addidit!
827 1953 1033 2035 iiidiiffld.

680 2201 972 2260 suffles»

606 2535 802 2663 LIBER
829 2533 1043 2660 NONUS

749 2885 904 2931 W

670 3281 959 3388 monitum

41 3556 117 3633 Fuit
132 3577 234 3632 anno
255 3555 348 3632 t73t
365 3561 426 3651 qui
444 3561 642 3636 Tractatum
662 3563 911 3654 Theoiugicum
930 3563 975 3636 de
995 3561 1126 3636 Otssciis
1146 3561 1358 3636 confessarii
1377 3561 1520 3636 Venetae
1543 3558 1652 3636 adde-

15 3687 46 3752 et
73 3681 247 3758 Casuistae
271 3683 380 3755 nostri
408 3683 567 3769 editioni,
588 3686 684 3760 uude
710 3687 746 3758 iu
774 3687 1002 3760 novissimam
1030 3705 1174 3778 quoque
1205 3705 1286 3778 quae
1312 3684 1491 3759 Ravenna
1517 3705 1650 3760 nomen

15 3821 64 3876 rra
81 3823 120 3880 se
135 3807 217 3890 tert,
243 3805 359 3880 illatus
379 3813 443 3880 est.
469 3806 560 3892 Quid
580 3810 819 3916 causatuerit
838 3828 900 3884 cur
917 3809 1118 3896 adderetur,
1139 3810 1287 3903 explicat
1305 3808 1465 3885 Praefatio
1484 3811 1652 3885 nimirum

15 3925 83 3999 aad
103 3951 127 4001 a
145 3925 273 4004 mattis
299 3927 339 4000 in
364 3926 429 4001 doc
450 3953 552 4028 opere
572 3929 690 4006 addae
708 3930 992 4006 desiderabatur.
1015 3931 1207 4006 Tractatns
1224 3955 1292 4031 quo
1316 3943 1476 4032 pastores
1495 3932 1536 4004 in
1562 3955 1651 4008 cara

15 4043 207 4124 latinarum
228 4048 484 4146 diriperentur.
505 4051 679 4144 Equidem
705 4054 749 4127 ad
774 4055 851 4128 haec
873 4055 999 4129 beatos
1018 4055 1189 4153 Auctoris]
1205 4057 1318 4130 nostri
1345 4074 1467 4130 manes
1493 4074 1651 4157 supremi

15 4175 150 4248 uminis
173 4174 359 4248 vindictam
380 4175 570 4268 efflagitare
589 4178 799 4252 crediderim
818 4178 854 4252 iu
877 4197 973 4263 eum,
997 4179 1058 4270 qui
1078 4178 1203 4251 tamam
1229 4185 1432 4270 captaturus
1450 4177 1650 4255 additiones

15 4291 174 4384 jusmodi
199 4315 280 4371 suas
300 4316 423 4372 uocare
450 4302 669 4374 necessarias
697 4301 932 4387 intolerando,
959 4319 1006 4374 ue
1035 4300 1120 4392 quid
1148 4301 1287 4392 grauius
1309 4300 1436 4386 dicam,
1464 4301 1649 4374 mendacio

15 4437 62 4492 nn
81 4421 286 4506 erubuerit:
315 4439 398 4494 uam
424 4422 513 4495 nihil
535 4423 575 4496 in'
603 4442 645 4498 eo
670 4422 833 4498 Tractatu
854 4430 910 4498 est
931 4423 1028 4515 quod
1054 4425 1167 4497 multo
1195 4423 1352 4508 uberius,
1377 4443 1416 4497 ac
1434 4422 1586 4497 solidius
1611 4424 1648 4496 in

15 4541 187 4616 adroixii
203 4542 442 4618 uoluminibus
466 4563 540 4618 uon
566 4545 790 4620 haberemus.
810 4545 937 4632 Quaeso
959 4567 1041 4621 cum
1067 4547 1122 4620 his
1143 4547 1341 4621 Tractatum
1365 4547 1466 4620 itluur
1491 4547 1650 4620 couicra-
1759 4581 1763 4590 1

15 4679 80 4737 tus.
97 4663 222 4756 Agitur
240 4666 275 4737 iu
285 4666 397 4759 prima
415 4665 576 4741 Sectione
590 4667 631 4741 da
650 4667 777 4766 Officio
804 4667 1034 4767 Confessarii,
1052 4680 1163 4769 prout
1172 4691 1359 4762 paronam
1377 4667 1518 4744 tactas
1539 4668 1646 4764 perit,

15 4807 110 4884 canpe
131 4785 394 4883 jurisdictione
427 4800 462 4863 et
490 4787 748 4889 approbatione
769 4791 816 4865 ad
838 4790 1115 4866 Sacramentum
1131 4791 1360 4867 Paenitentia
1378 4792 1451 4864 rite
1476 4790 1650 4864 adminis-

15 4906 166 4981 randum
186 4908 397 4994 necessaria,
418 4929 495 5004 cap.
515 4908 557 4998 i;
580 4909 622 4984 de
644 4912 870 5009 tenipnitate
886 4925 922 4987 et
944 4915 1133 5013 patientia
1152 4916 1193 4990 in
1213 4915 1402 4991 audiendis
1416 4925 1650 5015 peccatoram

15 5025 293 5128 ansanionibns,
308 5051 383 5125 cap.
402 5029 448 5119 a;
469 5031 511 5105 de
529 5033 741 5109 necessitate
761 5047 796 5109 et
814 5034 979 5110 methodo
997 5037 1251 5135 interropandi
1265 5039 1490 5138 penitentes,
1509 5057 1587 5131 cap.
1604 5034 1644 5124 3;

15 5173 31 5224 s
58 5149 288 5227 absolutione
316 5153 567 5254 impertienda,
597 5155 810 5256 disserenda,
834 5168 900 5232 ant
928 5157 1150 5255 denepando,
1171 5180 1246 5254 cap.
1268 5159 1311 5248 lr;
1335 5161 1377 5234 de
1395 5159 1648 5256 satisfactione

15 5273 188 5348 enitenti
210 5274 413 5362 indicenda,
435 5298 510 5371 cap.
528 5277 563 5352 5.
584 5278 675 5364 Quid
694 5281 823 5354 hurum
853 5280 972 5355 omisit
993 5279 1244 5357 La-croiriust
1273 5277 1421 5357 omisit?
1447 5284 1557 5355 immo
1575 5301 1647 5356 nou

15 5398 268 5492 aepletissime
283 5397 529 5493 pertractavit?
547 5401 610 5474 tot
629 5403 741 5490 itlum;
759 5399 856 5487 libd,
873 5422 908 5496 p.
925 5397 961 5488 2,
981 5423 1000 5475 a
1017 5424 1054 5476 u.
1075 5401 1224 5477 ttsstau
1241 5425 1278 5476 n.
1299 5401 1406 5488 t698,
1419 5403 1649 5503 deapproba

15 5517 100 5604 ione,
113 5531 153 5594 et
155 5518 414 5615 jurisdictione
431 5521 652 5623 Confessarii
662 5525 803 5601 disserit
819 5549 827 5612 ;
849 5523 891 5598 de
911 5523 1136 5620 benipnitate
1157 5536 1192 5598 et
1204 5524 1378 5624 patienta
1396 5528 1436 5599 in
1456 5524 1649 5600 audiendis
