3968 6346
328 575 391 642 484

332 759 424 824 Queat
432 758 474 810 44444
486 779 514 796 ···
524 756 619 808 unum
632 755 737 808 absolvi
748 755 847 808 debeat
855 753 1047 816 moribundas,
1123 779 1126 788 ·

363 831 410 894 qui
421 831 498 893 siano
512 827 654 882 dolenses
671 827 800 880 desiderii
810 827 1048 880 absolutionisda·

362 901 433 954 derit
456 900 569 949 absente
588 898 697 962 quidem
717 897 896 958 Contesaario,
918 897 965 948 ssd
984 897 1048 948 aliia

362 969 625 1034 praesentaneam
646 983 678 1020 aa
698 968 865 1020 confessario
884 967 1045 1028 retulerunt,

365 1041 423 1092 siva
442 1041 470 1092 in
482 1041 627 1108 pmsentla
640 1040 744 1104 agrati,
760 1040 864 1092 sivein
878 1039 1013 1102 absentia,
1024 1039 1045 1088 si

363 1111 471 1176 quaudo
489 1111 594 1162 accedit
614 1112 754 1172 Sacerdos,
773 1113 898 1166 iuraaiat
911 1115 1044 1175 eamcam

355 1186 418 1249 iam
432 1183 555 1233 sensibus
569 1182 739 1234 destitutum.

333 1264 424 1329 Qaoest.
438 1265 478 1314 44.
494 1265 635 1314 -Utmr
653 1261 741 1313 aalide
760 1261 947 1314 absolverem
963 1261 1046 1312 naari-

363 1334 473 1386 bundas
488 1333 612 1383 sensibus
626 1333 782 1400 destitutas,
796 1332 843 1396 qui
857 1345 906 1382 nec
926 1333 1049 1396 petiisset

366 1404 587 1465 contessionem,
617 1415 668 1454 nee
694 1403 822 1466 specialia
845 1403 923 1471 signa
946 1401 1048 1454 doloris

365 1479 498 1540 presente
516 1474 684 1524 autabsenta
700 1473 869 1523 Contestania
883 1473 1014 1533 dedisset,
1023 1472 1047 1520 sl

365 1547 498 1596 hactenrm
521 1544 621 1594 vixerit
638 1543 808 1606 Christiane,
832 1544 854 1592 si
875 1545 1048 1596 &ammenta

364 1615 555 1680 naqranarn,
568 1617 595 1664 at
607 1613 662 1664 alia
672 1613 699 1665 id
712 1627 800 1679 penas
817 1615 890 1666 bona
908 1627 990 1680 opera
1008 1615 1048 1665 te-

365 1689 440 1738 ecrit.

335 1760 427 1821 Queat.
448 1759 486 1807 44.
503 1779 532 1794 -
549 1757 647 1809 Utrum
662 1755 736 1806 licite
759 1754 947 1809 absolveretur
964 1757 1049 1808 mori·

365 1828 473 1879 bundas
483 1827 538 1889 illa,
553 1826 651 1891 dequo
666 1839 747 1891 supra
761 1825 863 1878 dicmur
873 1827 934 1878 tuit.

335 1901 427 1963 Quart.
445 1901 483 1948 35.
498 1924 523 1934 -
540 1899 634 1949 Utrum
649 1900 773 1948 teneatur
783 1897 1049 1950 Sacerdosabsolve-

366 1983 406 2031 rc,
425 1969 523 2019 saltem
545 1968 597 2018 sub
614 1968 783 2030 conditione,
799 1967 994 2020 moribundum
1016 1968 1049 2018 da

346 2050 420 2104 *quo
431 2053 521 2103 supra.

336 2113 429 2175 Qaoest.
443 2113 483 2161 aa
495 2134 525 2154 ι-
534 2111 576 2161 An
590 2110 679 2173 possit
696 2109 746 2161 ant
757 2109 1050 2162 debestUontessarius

356 2181 541 2246 penitentem
577 2181 717 2231 absolvam
754 2183 848 2231 oontra
885 2179 1049 2232 sonmntlam

364 2263 442 2304 auen
451 2252 481 2302 in
493 2265 524 2302 re
535 2251 571 2302 ad
587 2263 675 2302 mores
689 2251 842 2316 pertinente
852 2251 1023 2314 opinantem.

334 2332 398 2382 tar.
412 2330 483 2380 n.·-
492 2330 537 2380 *be
548 2329 721 2379 absolutione
731 2327 890 2380 dittersnda.

336 2407 427 2472 Qaatest.
443 2409 482 2459 ³¹1.
496 2435 522 2446 -
538 2410 632 2460 Utrum
642 2407 777 2458 absolutio
788 2406 994 2458 sacramentalis
1003 2406 1052 2458 ali-

367 2477 693 2548 qsaandopossitdiforri.

336 2551 427 2615 Queat.
444 2553 481 2601 38.
498 2577 528 2588 -
548 2550 727 2611 Quandonam
746 2547 1052 2600 confessariusabsolu·

366 2623 469 2672 tionem
483 2619 591 2671 differre
605 2619 711 2670 debeat.

336 2694 427 2755 Quart.
442 2691 481 2741 44.
500 2717 530 2729 -
553 2689 731 2751 Quandousm
750 2689 848 2741 debeat
867 2689 1051 2741 confessarius

365 2762 564 2814 absolutionem
589 2760 698 2811 differre
715 2761 868 2826 paenitenti,
889 2761 936 2826 qul
958 2759 986 2810 in
1006 2773 1052 2810 ea·

366 2832 428 2882 dem
445 2833 556 2894 peccata
579 2829 736 2895 frequenter
750 2829 859 2892 labitur,
878 2831 927 2882 aut
943 2831 971 2881 in
987 2841 1051 2896 pec·

365 2902 446 2951 candi
459 2901 599 2952 occasione
614 2904 746 2952 versatur.

336 2983 400 3033 bar.
417 2981 458 3031 lll.
474 2981 555 3030 -Ue
570 2980 742 3031 absolutione
757 2979 926 3045 deneganda.

337 3053 429 3124 Qasaest.
447 3053 485 3102 44.
498 3077 526 3088 -
540 3049 720 3110 Quandonam
739 3049 926 3103 contestarios
939 3049 1053 3104 absolu-

343 3140 347 3148 ·
366 3123 471 3177 tionem
482 3122 614 3187 derregare
631 3121 737 3172 debeat.

336 3195 375 3246 De
386 3190 574 3246 Saltstacttoue
589 3189 735 3242 Poenitcnti
752 3191 906 3245 indicenda.

338 3267 429 3330 Quart.
442 3265 480 3316 lt.
497 3287 525 3300 -
541 3263 669 3324 Quanam
684 3262 739 3312 sint
749 3267 837 3328 partes
847 3261 1009 3316 confessarii
1024 3263 1053 3314 in

369 3331 513 3385 indicanda
530 3331 675 3383 Poenitenti
687 3333 879 3384 satisfactione.

335 3405 380 3470 44.
394 3405 484 3468 Qonst.
496 3403 533 3452 42.
547 3427 576 3438 -
586 3403 683 3452 Utrum
693 3403 879 3455 confessarius
893 3415 998 3470 semper
1012 3407 1052 3454 te-

368 3479 466 3527 nentur
479 3473 513 3524 ad
530 3477 640 3540 ponam
662 3473 782 3539 aliquam
805 3475 949 3542 poenitenti
965 3475 1055 3542 injun-

386 3543 492 3596 endam.

339 3561 430 3678 (logan.
450 3615 489 3685 43.
509 3639 539 3650 -
553 3613 733 3674 Quandonsm
754 3615 900 3666 Poeuitoati
917 3615 954 3669 ait
967 3615 1055 3680 impo-

370 3685 458 3736 nenda
476 3685 633 3736 satisfactio.
664 3725 671 3734 .

338 3756 430 3820 Qaoest.
450 3759 488 3810 44.
504 3783 533 3798 -
548 3757 588 3806 tn
603 3759 629 3806 et
648 3769 702 3820 quo
721 3755 835 3807 crimine
854 3769 881 3805 se
905 3757 1055 3824 obstringat

369 3827 561 3888 Confessarius,
573 3826 618 3892 qui
629 3827 734 3877 nullam
744 3825 842 3878 indicit
851 3827 1052 3891 peonitentiam

369 3904 435 3950 tuuc
449 3912 511 3950 curn
527 3897 599 3949 ralet
613 3899 749 3964 poenitens
762 3897 883 3962 aliquam
897 3898 1010 3950 solvere.
1087 3899 1131 3950 444

337 3972 397 4040 git.
423 3977 513 4042 Quart.
529 3979 567 4026 45.
587 3975 775 4036 -Quomodo
800 3975 944 4040 poeuiteuti
956 3973 1049 4040 iujun-

368 4045 458 4110 genda·
471 4047 506 4096 sit
520 4047 678 4109 satisfactio,
690 4059 737 4112 per
751 4048 862 4097 modum
873 4049 1008 4114 precepti,
1017 4057 1053 4098 an

369 4131 418 4182 per
435 4117 545 4168 modum
556 4117 672 4168 corasilii.

340 4197 410 4267 till.
427 4197 518 4261 Quart.
534 4199 572 4248 46.
591 4221 619 4232 -
639 4194 736 4258 Qualis
752 4195 1053 4264 satisfactiopoeuitauti

370 4268 537 4334 injungendo
552 4268 596 4318 sit.

340 4339 430 4404 Queat.
446 4339 484 4392 l‘t.
501 4363 528 4374 ·-
540 4339 580 4388 bn
595 4351 662 4404 opus
671 4351 744 4390 more
759 4333 885 4402 interius,
897 4339 1053 4404 cujusmodi

346 4405 350 4414 '
370 4405 434 4458 sunl
456 4412 532 4460 actus
555 4407 628 4471 fidei,
647 4407 714 4472 spei,
734 4407 1002 4473 abalienantque
1026 4409 1053 4462 id

368 4492 463 4542 genus,
475 4480 578 4542 possint
587 4481 658 4530 recta
669 4479 698 4529 in
712 4493 821 4544 paenam
831 4481 1054 4532 sacramentalem
1080 4479 1083 4484 '

371 4552 485 4616 injungi.
841 4549 845 4556 ’

340 4609 486 4686 (44044344.
501 4649 531 4659 -
546 4621 642 4674 Utrum
661 4621 690 4672 in
706 4635 816 4686 pmaam
830 4621 1051 4677 sacramentalem

1077 1183 1125 1233 433

1081 1687 1126 1736 436

1082 1828 1127 1882 438

1080 2040 1127 2092 433

1083 2329 1128 2380 448

1084 2476 1128 2528 444

1085 2618 1129 2670 443

1085 2903 1130 2953 444

1086 2983 1131 3034 tlt

1087 3123 1131 3176 446

1086 3190 1132 3243 444

1085 3337 1130 3386 444

1086 3547 1130 3596 tlt

1087 4269 1131 4322 tlt

1087 4553 1131 4606 448

371 4693 475 4760 injungi
492 4695 577 4760 possit
591 4709 659 4758 opus
673 4693 731 4761 jam
751 4693 885 4758 debitum,
901 4698 928 4748 et
942 4695 1055 4760 impera·
1134 4736 1136 4745 .
1182 4753 1186 4764 Ι

370 4769 437 4827 tum,
453 4765 615 4830 cujusmodi,
629 4767 671 4814 est
689 4765 825 4828 jejunium
841 4780 866 4816 v.
886 4781 911 4831 g.
932 4769 1053 4832 tempore

340 4979 480 5042 Qttoeot.49.
494 5003 525 5016 -
540 4977 579 5029 An
597 4977 702 5041 injungi
727 4977 812 5050 pospit
835 4978 864 5033 in
887 4991 996 5042 poemm
1011 4992 1054 5030 sa·
1085 4901 1137 4986 448,

370 5049 562 5100 cmmcntalcm
585 5048 983 5114 ffl0⁹m⁰⁸l¹1avatjejunrum
1006 5052 1055 5100 am
1134 5094 1138 5114 1

370 4835 597 4956 rQuadragesimaa,
626 4835 738 4898 ltissoe,
768 4835 931 4889 sacrificium
958 4830 1057 4887 diebus

381 4921 408 4956 os
423 4921 453 4958 rs·

370 5117 445 5200 alind
464 5115 631 5240 1444400044,
650 5131 698 5183 pra
718 5117 866 5184 liberandis
883 5121 1054 5172 mortuorum

370 5203 460 5240 anund
483 5203 524 5240 us.

339 5269 410 5332 844.
428 5271 518 5331 Qaoest.
532 5271 571 5319 50.
590 5295 620 5308 -
634 5270 740 5329 Quanta
754 5271 955 5325 Psanitoutibua
972 5272 1051 5324 satis-

371 5340 628 5404 tactiojaiunsseuda
642 5341 686 5392 sit.
935 5369 937 5374 ·

341 5409 433 5469 Quart.
449 5413 490 5462 54.
506 5437 535 5448 -
550 5411 587 5464 tiu
609 5411 791 5464 confessarius
804 5415 889 5477 possit
903 5414 1053 5478 iniunctam

371 5480 405 5528 ab
420 5479 632 5544 aliosacerdote
647 5480 836 5545 paonitentiam
850 5482 878 5536 iu
895 5486 1052 5541 Sscmmen·
1096 5482 1099 5490 ’

1085 5557 1130 5614 tta

1086 5193 1130 5244 448

372 5549 399 5616 tp
416 5551 584 5614 paenitentia
599 5551 751 5604 immutare.

1086 3685 1134 3736 447
1218 3663 1401 3714 bumanorum
1413 3661 1543 3730 regulam,
1553 3676 1600 3716 san
1611 3665 1808 3717 conscientiam
1822 3663 1891 3729 peril:

1082 5345 1138 5398 448.

848 647 851 654 ,
876 567 998 632 inam
1020 563 1165 631 aman
1181 561 1431 630 mussans.

1445 961 1628 1024 seculo
1663 955 1709 1022 ll.

1226 1163 1263 1210 ult
1289 1160 1407 1210 nrttatts
1432 1160 1626 1220 causamur,
1656 1161 1745 1211 4440444
1775 1159 1907 1208 41488841

1451 1257 1586 1305 romoalt
1609 1257 1702 1304 Gffl'l'.

1181 1448 1273 1510 Quart.
1292 1448 1315 1496 t.
1332 1469 1363 1484 -
1381 1447 1494 1506 Utrum,
1522 1447 1551 1496 et
1573 1442 1663 1508 qualia
1686 1444 1715 1494 ia
1733 1441 1885 1494 eoskssnia

1212 1512 1325 1566 scientia
1340 1515 1504 1578 mutabatur.

1140 1572 1147 1590 ‘
1182 1588 1272 1651 Quart.
1287 1589 1310 1636 2.
1327 1609 1355 1622 -
1369 1585 1435 1645 Qun
1449 1584 1634 1635 confessarius
1648 1588 1680 1635 nt
1693 1585 1792 1636 Ductor
1806 1585 1884 1650 puni·

1211 1654 1752 1717 teutamadmonera,atatocaradolssat
1819 1684 1823 1692 -
1866 1664 1869 1681 ¹
1902 1655 1938 1706 444

1909 1514 1941 1564 444

1440 1911 1618 1987 sauata
1650 1911 1720 1978 444.

1242 2123 1276 2172 na
1297 2120 1413 2172 orneris
1435 2107 1634 2184 cessassem,
1660 2124 1748 2174 raoar
1773 2121 1901 2177 insutu

1474 2212 1572 2260 uastos
1593 2212 1689 2259 asara.

1184 2392 1275 2456 Queat.
1292 2393 1313 2443 t.
1329 2414 1358 2427 ·-
1373 2389 1503 2450 Quaenam
1523 2389 1578 2449 siut
1593 2391 1684 2456 partes
1702 2389 1854 2442 centenarii
1866 2393 1891 2441 at

1214 2462 1321 2513 Medici.
1506 2475 1510 2482 ·
1532 2468 1537 2479 ·

1184 2535 1276 2598 Qaoest.
1290 2535 1314 2584 2.
1326 2559 1354 2570 -
1369 2533 1511 2594 Quomodo
1530 2533 1666 2598 poenitcns
1678 2533 1781 2597 iurari,
1791 2535 1816 2584 et
1828 2545 1890 2597 prae·

1215 2605 1266 2654 tice
1281 2604 1388 2670 disponi
1404 2604 1530 2670 possitad
1545 2603 1667 2654 dolorem
1682 2603 1716 2653 de
1732 2603 1852 2668 pcccatis.
1907 2603 1938 2652 lit

1185 2675 1276 2740 Qaoest.
1291 2677 1313 2724 3.
1330 2699 1360 2712 -
1382 2673 1524 2734 Quomodo
1548 2674 1577 2724 la
1600 2673 1786 2724 satisfactione
1811 2672 1889 2726 reai-

1216 2749 1276 2797 tous
1290 2747 1409 2810 lavetur.

1186 2815 1313 2878 Quarti.
1328 2843 1358 2857 -
1373 2815 1514 2877 Quomodo
1530 2817 1643 2881 juvetur
1656 2815 1795 2881 poenitens
1807 2827 1822 2866 s
1835 2816 1891 2867 Con·

1217 2886 1326 2937 tessaria
1340 2886 1467 2938 adfinem
1482 2886 1644 2938 sacramenti
1660 2887 1829 2952 poeniteutin
1837 2899 1889 2938 con·

1186 2959 1514 3090 000441044ᾱ-ιῖη444ιοηιοάο
1525 3032 1638 3096 juratur
1652 3029 1792 3094 paenitens
1805 3040 1820 3079 s
1833 3027 1891 3081 ooa-
1910 2955 1940 3004 m

1217 3099 1329 3150 tessaria
1343 3099 1377 3150 ad
1393 3100 1614 3167 emendationem
1631 3101 1704 3151 vita.
1892 3161 1894 3170 Ι
1924 3097 1932 3112 ”

1188 3169 1280 3232 Quoest.
1291 3171 1314 3221 4.
1334 3197 1352 3208 —
1369 3171 1510 3232 mornado
1525 3174 1638 3237 privetur
1653 3171 1791 3237 paenitens
1804 3183 1819 3220 a
1831 3166 1890 3221 don·

1220 3240 1331 3292 tessaria
1341 3243 1374 3292 ad
1389 3243 1484 3306 gratita
1498 3247 1685 3308 augmentum.

1186 3309 1307 3430 synopsis
1323 3311 1459 3378 Theolops'oe
1472 3314 1576 3364 noram
1585 3312 1622 3363 ad
1633 3311 1765 3378 amabis
1775 3311 1890 3362 0040444040

1216 3395 1245 3428 ra
1263 3384 1333 3434 oetoe.

1914 2461 1943 2512 lta

1911 2743 1941 2792 444

1913 3378 1941 3430 444

1187 3451 1248 3501 Car.
1265 3453 1284 3503 l.
1300 3477 1330 3490 -
1343 3453 1382 3504 tic
1402 3453 1591 3506 nxioamtibus
1613 3455 1647 3506 ad
1671 3459 1751 3507 actus
1770 3449 1893 3539 bominac
1914 3458 1917 3469 ¹
1971 3479 1972 3500 i

1218 3522 1247 3572 iu
1265 3535 1361 3587 ponere
1376 3525 1571 3589 spectantibus.

1845 3530 1856 3549 '
1913 3513 1972 3570 tlt?

1186 3591 1249 3643 Car.
1266 3593 1296 3642 ll.
1309 3619 1338 3630 -
1353 3595 1389 3644 De
1405 3595 1593 3645 tixiomatibus
1603 3595 1637 3645 sd
1649 3595 1891 3646 internamactnnn
1971 3597 1972 3648 i

1217 3733 1358 3784 uentibus.
1913 3728 1942 3780 tii

1187 3802 1251 3853 cer.
1268 3802 1309 3854 444.
1326 3825 1355 3844 ι·-
1370 3805 1407 3854 lle
1431 3767 1620 3856 axiomatibus
1641 3805 1675 3856 ad
1701 3806 1838 3856 extem
1852 3810 1893 3854 to·

1217 3876 1307 3995 inumb
1321 3875 1503 3926 bumanorum
1518 3875 1640 3940 regulam
1663 3890 1712 3927 seu
1729 3877 1814 3940 legam
1828 3888 1891 3940 epm·

1246 3957 1287 3993 nr
1309 3959 1349 3996 us.
1611 3956 1615 3963 ’

1101 4035 1102 4040 ¹
1186 4015 1249 4065 Car.
1272 4014 1313 4065 lv.
1337 4037 1364 4054 υ
1384 4016 1422 4065 De
1449 4016 1623 4080 generalibus
1651 4015 1840 4079 Axiouatibas
1861 4013 1890 4065 ad

1084 4121 1136 4179 444,

1217 4083 1342 4136 Virtutes·
1353 4083 1528 4150 theologicas
1542 4085 1755 4150 pertinentibus.
1788 4105 1790 4108 ·

1186 4156 1245 4208 Car.
1261 4157 1292 4207 V.
1310 4183 1337 4195 -
1348 4159 1385 4208 De
1400 4157 1587 4208 axiomatibus
1595 4157 1761 4210 aucmento
1772 4157 1892 4208 virsano

1217 4227 1428 4293 pertinentibus.
1628 4261 1633 4264 -

1185 4299 1248 4350 Car.
1262 4298 1598 4350 Vl.-·-liatl1lomattbus
1612 4297 1646 4348 sd
1656 4297 1826 4364 Religionem
1840 4309 1888 4362 par·

1217 4369 1378 4424 liuentibus.

1184 4440 1247 4492 Gar·
1266 4439 1320 4492 vn.
1337 4467 1367 4478 -
1380 4441 1417 4492 De
1448 4440 1638 4493 Axiomatibuo
1663 4439 1699 4491 'ad
1727 4439 1888 4495 8404414414

1217 4511 1434 4575 spectantibus·
1678 4531 1681 4539 ’

1348 4759 1350 4766 ’
1397 4758 1400 4766 ’
1474 4794 1689 4886 urrunnu.

1187 5007 1222 5052 U!
1244 5005 1282 5054 444
1302 5007 1367 5061 QUAE
1386 5007 1537 5056 mdiu!
1562 5007 1653 5054 4448ἱὶ
1681 5005 1877 5056 immuta
1896 4999 1942 5051 4444

1294 5096 1297 5105 “
1383 5095 1549 5143 amaturos
1570 5094 1789 5144 stantuanrol.

1184 5277 1233 5342 3¹·
1248 5278 1339 5340 Qaoest.
1356 5279 1378 5327 t.
1398 5301 1428 5336 ·‚-
1452 5277 1535 5338 auat
1556 5273 1695 5339 quomodo
1719 5271 1888 5327 Contasssriaa
1970 5279 1972 5342 l

1216 5347 1467 5403 ernoudaredabeat
1477 5359 1589 5409 errores,
1601 5359 1669 5411 qnos
1679 5347 1710 5400 in
1717 5361 1796 5400 mero
1806 5344 1887 5397 urai·
1920 5406 1927 5418 .
1970 5345 1972 5364 ¹

1216 5417 1403 5471 nulisdanisit.
1910 5401 1937 5458 445

1183 5486 1244 5552 §ll
1263 5487 1354 5549 osaea
1378 5489 1401 5538 4.
1418 5486 1534 5545 -Quos
1549 5488 1578 5535 et
1590 5485 1660 5538 circa
1676 5497 1741 5550 qun
1762 5483 1887 5548 ambiunt

1216 5557 1398 5616 Uoutessionis
1413 5556 1542 5626 sigillum.
1908 5545 1937 5598 444
