3974 6348
595 561 646 624 DE
670 567 702 628 S.
729 560 941 626 CRUCIATAE
963 566 1104 627 BULLA.

31 747 83 831 quii
104 749 142 810 ad
164 749 268 830 ipsum
290 753 441 829 praestare
464 769 576 828 genus,
592 751 641 812 vel
656 751 808 832 adjuvare

31 839 216 916 personaliter
230 839 262 898 in
277 839 363 900 dieto
378 840 529 916 exercitu,
556 857 613 916 per
627 859 746 900 anirum
760 845 809 901 to-

29 933 84 986 tum
96 927 124 986 in
138 927 203 1005 ipso
220 927 448 1006 permanendo.
466 929 504 989 Et
525 929 579 1008 qni
601 929 809 1008 personaliter

33 1034 82 1075 non
95 1015 226 1078 adfuerit
245 1017 407 1094 exercitui,
433 1016 612 1094 satisfaciet,
636 1017 732 1078 alium
752 1035 808 1096 pro

31 1121 56 1162 se
69 1101 184 1163 mittens
201 1122 209 1176 ;
232 1107 266 1165 et
280 1104 332 1184 qui
350 1121 406 1165 nee
421 1104 513 1165 iverit
525 1123 582 1182 per
596 1123 640 1178 se,
652 1105 702 1164 vel
713 1105 809 1166 alium

37 1191 150 1268 miserit,
165 1195 342 1253 tanatama
365 1192 583 1254 commissario
608 1193 704 1254 Bullm
728 1193 810 1252 elee-

35 1297 191 1357 mosynam,
207 1299 267 1360 pro
282 1281 372 1343 Bulla
383 1282 457 1344 dare
469 1286 601 1344 tenetur.
615 1282 704 1344 Unde
715 1281 809 1342 resol-

33 1367 123 1430 ritnr:

61 1459 84 1515 l.
100 1459 163 1516 Non
184 1455 329 1534 gaudere
351 1457 451 1534 Bella,
476 1459 529 1538 qui
549 1467 658 1522 eontra
679 1463 806 1535 Tuscae,

29 1549 71 1602 aut
90 1541 228 1605 lnfideles
252 1543 284 1602 in
308 1545 435 1606 alterius
467 1546 618 1625 Principis
648 1549 796 1624 exercitu,

30 1635 219 1710 preterquam
235 1634 366 1712 llrspani
384 1635 476 1714 Regis
490 1642 620 1714 pugnat.

62 1725 86 1782 t.
101 1723 204 1800 Neque
230 1723 329 1782 etiam
352 1742 583 1804 quemeumque
611 1726 642 1786 in
671 1725 809 1786 exercitu

32 1808 138 1886 Hispani
153 1809 344 1870 militantem
359 1811 462 1888 Regis,
479 1810 538 1870 nisi
560 1817 669 1873 eontra
692 1815 810 1872 aneas

30 1903 138 1978 pugnet,
154 1904 210 1959 aut
224 1897 381 1977 infideles,
408 1900 547 1980 gaudere
570 1901 670 1961 Bulla.
697 1901 810 1961 lnlrde-

31 1987 91 2046 lium
103 1989 226 2047 nomine
243 1987 556 2067 comprehenduntur
571 1988 730 2064 Haeretici,
754 1991 808 2048 Pn-

30 2075 88 2152 gani
115 2079 144 2136 et
166 2075 379 2138 Schismatiei.

61 2165 84 2223 3.
98 2165 185 2237 llum,
202 2162 259 2243 qui
274 2165 411 2240 gratuito
423 2169 454 2227 et
469 2171 579 2244 sponte
591 2165 707 2226 assistit
721 2184 810 2225 eser-

32 2250 101 2328 citui,
123 2257 176 2314 aut
210 2251 344 2328 militiae,
379 2254 519 2331 Senatui,
545 2254 594 2314 rel
627 2253 807 2330 confitendi,

31 2343 228 2418 concionandi,
245 2348 302 2402 aut
316 2340 498 2401 celebrandi
515 2341 650 2418 muneri,
667 2345 721 2401 eut
735 2341 810 2400 alte·

33 2426 82 2488 das
101 2431 235 2512 cujusvis
261 2428 405 2507 obsequii
419 2429 540 2507 generi,
558 2428 655 2491 etiam
671 2428 810 2508 gaudere

32 2516 114 2579 Bnlla.

63 2607 242 2684 tllilitem,
267 2606 320 2687 qui
345 2605 492 2684 stipendii
516 2609 605 2684 parte
630 2606 736 2687 aliqua
761 2623 810 2665 ae-

33 2701 115 2773 eepta,
130 2699 304 2757 restantem
320 2696 398 2773 Regi
413 2693 553 2770 remittit,
565 2713 635 2772 qnae
646 2697 740 2756 etiam
752 2691 810 2753 sibi

33 2783 181 2863 exjustitia
195 2784 385 2860 debebatur,
403 2783 497 2843 etiam
512 2783 573 2842 frui
596 2784 692 2844 Bullee
716 2782 811 2862 privi-

33 2872 114 2950 legiis,
139 2873 213 2953 quin
234 2871 383 2934 subvenit
408 2871 483 2950 Regi
508 2871 549 2930 ed
572 2871 689 2932 bellum
705 2891 742 2934 ea
756 2872 812 2934 sti-

34 2961 232 3039 pendiiparte,
251 2959 302 3020 eui
317 2959 427 3040 parcit,
446 2977 515 3039 quae
526 2960 808 3039 aestimabiliorest,

5 3049 6 3052 ’
36 3067 113 3127 quam
128 3049 196 3110 duae
213 3049 277 3110 illae
292 3049 461 3124 drachmae,
479 3067 556 3128 quas
571 3067 627 3127 pro
639 3051 811 3128 eleemesy-

35 3136 808 3217 natribuuuthi,quiRegiseastranonsequuntur.

5 3299 7 3308 y
66 3229 91 3286 5.
105 3226 246 3286 Gaudere
262 3226 358 3286 etiam
373 3225 463 3286 Bulla
476 3225 646 3286 morientes
661 3226 692 3285 in
708 3228 811 3288 eundo

35 3313 66 3372 ed
84 3314 206 3392 bellum,
233 3315 285 3374 vel
309 3319 477 3394 antequam
492 3314 620 3375 finiatur
634 3333 745 3392 anneis,
762 3316 812 3376 vel

36 3401 77 3478 qui
93 3402 236 3481 relinquit
251 3406 356 3462 castra
369 3401 665 3480 antequambellnm
675 3400 809 3481 desinat,

5 3491 7 3550 Ξ
36 3490 196 3551 oboansarn
210 3491 404 3570 prudentum
424 3490 543 3569 judicio
567 3490 751 3570 legitimam,
778 3500 812 3554 ut

5 3569 7 3646 ζ
35 3595 80 3654 per
108 3585 273 3659 urgentem
293 3579 450 3657 morbum,
473 3580 614 3640 strictam
637 3579 761 3642 familiae
782 3585 812 3643 et

5 3699 6 3704 κ
39 3667 154 3743 propriae
168 3665 284 3728 domus
299 3669 525 3728 necessitatem.

5 3753 7 3822 j
66 3755 91 3814 o.
118 3754 267 3816 Similiter
289 3753 428 3833 gaudere
452 3754 542 3816 Bulla
563 3774 627 3833 eos,
653 3757 705 3836 qui
729 3757 811 3818 bello

5 3841 7 3890 ῗ
36 3841 213 3921 adstiterunt,
232 3843 318 3923 quod
333 3847 405 3904 ante
419 3849 612 3906 transactum
628 3864 746 3906 annum
756 3847 813 3909 luit

5 3939 6 3942 ’
36 3936 193 4008 peraetuxn3
207 3951 311 4012 neque
323 3932 476 4013 reliquam
485 3934 559 3994 anni
571 3938 692 4012 partem
703 3939 812 3997 tenen-

36 4020 173 4081 toralias
201 4021 290 4082 adire
318 4023 429 4088 terras,
455 4021 506 4081 nbi
537 4021 630 4102 Regis
658 4023 812 4084 exereitus

6 4179 7 4182 Ἴ
37 4111 130 4168 eontra
143 4108 285 4169 infideles
301 4108 588 4187 astringuntarma.

5 4205 6 4208 ’
69 4195 212 4268 Ouuritur
222 4197 347 4278 primo:
367 4197 513 4272 Quantum
524 4199 813 4263 me'litumnumerom

36 4285 146 4362 cepnae
153 4285 284 4366 propriis
297 4287 410 4346 mittere
425 4295 567 4356 tenentur,
584 4291 638 4369 qni
649 4309 707 4350 oon
717 4293 814 4372 sequi-

36 4379 200 4450 tilecastro,
226 4384 261 4434 ut
285 4375 383 4436 Belloe
398 4375 564 4456 privilegiis
583 4378 679 4458 potiri
702 4381 814 4461 possit?

36 4457 112 4538 ltesp.
129 4463 156 4522 l.
173 4462 265 4533 Quod
280 4461 304 4522 si
320 4461 377 4523 iste
393 4463 463 4523 talis
478 4469 525 4525 est
539 4465 728 4545 Cardinalis,
746 4471 814 4530 Pri-

36 4559 100 4624 mos,
133 4548 326 4626 Patriareha,
364 4550 547 4630 ltpisoopus,
585 4555 681 4616 Filius
706 4557 810 4637 llegis,

5 4657 7 4670 ·
36 4631 102 4710 llus,
130 4635 280 4713 llarehio,
312 4643 366 4697 ant
388 4639 510 4714 Cornea,
542 4659 620 4719 qnos
648 4645 813 4706 commode

5 4779 6 4782 ,
37 4721 250 4802 preteritosque
259 4723 299 4783 ad
311 4723 814 4805 denarinmenpletumnunrerum

38 4805 142 4902 mittere
156 4815 292 4872 tenetur.
310 4811 400 4883 Onod
414 4813 438 4874 si
454 4817 501 4877 tot
515 4833 576 4876 non
600 4821 748 4900 potnerit,
773 4823 813 4884 ad

38 4907 124 4956 minus
137 4902 275 4977 quatuor
283 4899 398 4963 mittat.

5 5057 6 5080 χ
69 4981 151 5062 ltesp.
167 4990 197 5048 2.
214 4987 299 5049 Alias
314 5006 528 5071 quascumque
542 5009 694 5071 personas
710 4993 815 5074 eujus-

5 5083 6 5158 p
38 5081 154 5151 eumque
168 5075 356 5138 conditionis
370 5078 514 5158 existant,
532 5081 678 5156 Clerioos,
696 5082 814 5144 antlai-

5 5173 7 5246 p
38 5169 82 5216 eos
102 5159 256 5240 singulos,
281 5163 411 5225 militem
434 5185 533 5228 unum
554 5169 677 5230 mittere
701 5170 812 5247 teneri,

39 5242 86 5304 uisi
101 5265 150 5309 eos
170 5256 294 5330 egestas
318 5252 358 5312 ab
380 5253 570 5333 obligatione
595 5257 727 5330 enimat3
752 5276 814 5337 qno

5 5317 7 5384 l
40 5347 111 5410 oasa,
125 5337 199 5415 bini,
215 5339 296 5399 terni
311 5340 361 5400 vel
375 5344 518 5420 quaterni
539 5345 665 5407 mittant
684 5344 815 5404 militem

40 5435 132 5501 unum,
152 5427 330 5489 contributa
353 5429 393 5490 ab
415 5449 605 5514 unoquoque
625 5433 815 5495 mittentium

42 5523 87 5586 pro
100 5512 241 5578 laenitate
256 5515 398 5596 pecunia.

1604 567 1660 628 367

903 755 996 832 Resp.
1014 757 1044 815 3.
1063 752 1207 832 Capitula
1226 753 1448 831 Baetasiorum,
1472 755 1665 816 Monasteria

863 841 1091 918 Religiosornm
1106 840 1269 920 utriusque
1284 859 1375 901 sexus
1392 841 1492 902 teneri
1503 859 1560 920 pro
1571 841 1661 902 denis

863 919 1007 1006 Capituli,
1023 928 1072 987 vel
1088 927 1266 988 blonasterii
1289 930 1442 1007 personia,
1469 948 1567 990 unum
1588 928 1660 990 mit-

862 1021 928 1076 tere
943 1015 1092 1090 militem;
1109 1033 1181 1076 eum
1197 1016 1256 1076 boo
1271 1023 1364 1078 antea
1387 1017 1420 1078 in
1443 1017 1584 1097 Capitale
1606 1018 1661 1078 de-

864 1103 965 1164 cisum
980 1103 1087 1166 luerit.

905 1191 1059 1264 Queritur
1067 1191 1208 1253 seeundo:
1222 1193 1369 1268 Quantam
1371 1213 1428 1274 per
1440 1192 1641 1255 Commemorat
1650 1212 1659 1252 :

865 1280 1049 1340 taxationem
1072 1279 1280 1360 eleemosynam
1304 1300 1426 1362 erepere
1449 1280 1580 1359 debeant,
1610 1281 1664 1362 qni

864 1366 992 1427 militem
1006 1367 1046 1428 od
1059 1365 1168 1428 delium
1182 1387 1241 1428 non
1255 1369 1375 1429 mitteret
1387 1375 1401 1430 ,⁹
1415 1371 1451 1430 n.
1470 1373 1498 1430 l.
1512 1369 1662 1431 Cardine·

863 1456 919 1531 les,
943 1456 1107 1532 PrimateS,
1133 1457 1346 1534 Patriarebas,
1377 1458 1656 1536 Arohiepisoopos;

863 1544 1044 1624 Episcopus
1061 1545 1199 1607 Abbates
1211 1546 1275 1626 ,qui
1286 1545 1403 1608 habent
1407 1547 1662 1626 jurisdictionem

863 1632 1090 1712 Episcopalem,
1107 1634 1308 1712 Inquisitores
1323 1640 1354 1697 et
1369 1634 1543 1714 Dignitates
1553 1636 1659 1696 lloele-

863 1719 980 1780 siarum
1015 1721 1257 1798 cathedralium,
1295 1726 1407 1800 Duces,
1447 1723 1657 1800 Marehiones,

864 1808 1010 1885 Comites,
1023 1810 1658 1894 Commendatariesmaximquroreges,

863 1898 974 1973 Duees,
992 1899 1169 1975 GenernleS,
1191 1900 1454 1976 Ambasoiatores,
1484 1901 1660 1960 Praesiden-

864 1989 921 2060 teS,
938 1984 1074 2063 reliquus
1089 1987 1299 2054 Consiliurios,
1318 1991 1472 2049 Praetores
1483 1988 1585 2050 Curiae
1597 1989 1660 2048 din-

864 2079 913 2133 tos
936 2071 1061 2132 strodes
1083 2073 1118 2134 de
1143 2073 1226 2142 Caso,
1253 2078 1378 2157 yCerte
1396 2076 1431 2137 de
1444 2097 1478 2137 su
1494 2077 1657 2158 diogenem

865 2161 1030 2222 auditores
1054 2163 1317 2224 Coneellariornm
1341 2170 1372 2226 et
1396 2165 1556 2243 regiorum
1589 2185 1660 2226 sno·

864 2267 946 2326 rum,
963 2254 995 2309 et
1010 2251 1173 2325 Praetores,
1196 2249 1300 2328 idest,
1319 2251 1445 2314 Aleodes
1468 2253 1504 2314 do
1530 2252 1660 2330 Climon,

866 2338 1000 2399 Fiseales
1036 2340 1207 2400 Senatunm
1236 2344 1267 2400 et
1293 2341 1455 2420 regiarum
1484 2343 1662 2404 audientia·

866 2445 946 2504 rum,
964 2430 1185 2488 Numeratores
1201 2428 1306 2508 Regiae
1322 2429 1512 2508 blajestatis,
1530 2449 1583 2492 eos
1607 2432 1660 2511 qui

866 2515 897 2574 in
912 2515 1055 2576 inanimis
1071 2534 1308 2577 numerosorum
1321 2519 1420 2579 Curiis
1430 2518 1475 2578 rei
1500 2519 1662 2580 familiaris

866 2608 896 2665 et
921 2605 1124 2666 numerantiis
1148 2606 1278 2668 rationis
1302 2605 1333 2666 in
1358 2609 1481 2668 Sancte
1509 2607 1662 2668 cruciatae

867 2695 982 2754 Senatu
998 2699 1174 2754 versantur.
1192 2695 1358 2756 Auditores
1374 2701 1405 2757 et
1420 2695 1557 2756 Fiseales
1580 2695 1659 2775 ejus,

866 2786 898 2841 et
912 2781 1102 2842 secretarios
1118 2782 1223 2859 Regiae
1244 2781 1426 2861 lilajestatiS,
1454 2787 1484 2843 et
1498 2785 1662 2844 Commen-

866 2866 1003 2927 datarios
1017 2872 1253 2931 commendatos
1265 2871 1418 2946 omnium,
1431 2870 1582 2932 Dominus
1592 2890 1661 2932 vas-

865 2955 1026 3032 sallorum,
1038 2976 1152 3018 uxores
1162 2957 1302 3018 virorum
1312 2958 1444 3020 istorum
1450 2959 1658 3036 saecnlarinm,

865 3063 943 3123 quos
959 3047 1197 3124 nominavimus
1215 3047 1392 3109 viventibus
1407 3047 1482 3109 viris
1498 3048 1573 3125 suis,
1598 3048 1663 3108 sin-

865 3134 930 3211 guli
963 3139 993 3196 et
1022 3135 1152 3214 singulae
1176 3141 1343 3215 argenteos
1367 3142 1437 3198 oete
1466 3137 1662 3198 castellanos

866 3239 922 3298 pro
937 3222 1026 3283 Bulla
1040 3224 1098 3284 sibi
1114 3229 1244 3303 aeoepta
1257 3243 1388 3304 erogare
1401 3227 1512 3286 teneri.

908 3313 999 3389 Resp.
1021 3315 1050 3371 l.
1078 3313 1223 3392 Reliquas
1247 3331 1408 3392 personas,
1434 3314 1662 3396 cujuscumque

867 3403 976 3476 status,
994 3405 1025 3461 et
1039 3402 1225 3463 conditionis
1240 3403 1383 3480 existant,
1402 3403 1525 3464 duobus
1540 3409 1663 3468 tantum

867 3489 1024 3567 argenteis
1035 3489 1226 3550 satisfacere.

908 3580 999 3655 llesp.
1017 3581 1046 3638 3.
1059 3578 1109 3638 Ad
1119 3578 1233 3656 ludias,
1247 3569 1480 3657 eleemosynam
1490 3581 1584 3640 aliam
1594 3601 1664 3642 esse

866 3669 1014 3744 taxatam,
1032 3685 1138 3746 quarn.
1156 3687 1185 3728 v.
1204 3667 1234 3726 in
1249 3669 1346 3730 Trull.
1361 3668 1383 3730 l.
1398 3669 1491 3748 r‚§3,
1502 3668 1532 3731 d.
1547 3672 1575 3747 l,
1586 3689 1617 3732 o.
1631 3675 1662 3731 2.

1118 3999 1315 4064 DUBlUbl
1351 4001 1410 4063 Vl.

867 4191 1064 4254 Resoluuntrn·
1086 4193 1271 4274 difficultates
1294 4195 1405 4276 utiquo?
1427 4191 1507 4256 cirre
1528 4192 1605 4260 dioto
1633 4197 1663 4260 io

1139 4337 1225 4399 electio
1236 4338 1383 4419 proaimo.

911 4556 1067 4629 Qnaritur
1091 4558 1213 4636 primo;
1240 4562 1344 4619 utrum
1366 4561 1447 4621 ultra
1470 4560 1587 4639 titulos,
1612 4560 1665 4642 qul

869 4643 1073 4705 nominantur
1087 4664 1207 4723 eornm,
1226 4647 1278 4726 qui
1294 4647 1408 4708 milites
1428 4649 1538 4710 decem
1563 4650 1666 4712 mitte-

868 4736 934 4792 tere
950 4735 1107 4810 tenentur,
1124 4739 1159 4795 ut
1172 4735 1268 4795 Bulloe
1283 4736 1443 4810 gaudeant
1457 4738 1576 4817 gratiis,
1600 4738 1663 4815 ulii,

869 4819 963 4880 etiam
977 4821 1057 4880 tituli
1071 4825 1246 4899 teneantur,
1271 4841 1406 4902 quorum
1420 4826 1462 4886 ibi
1473 4828 1590 4887 mentio
1602 4846 1664 4889 non
1694 4821 1698 4828 ’

870 4909 910 4969 sit
937 4909 1039 4970 laetu?
1063 4911 1292 4990 Respondetur,
1319 4914 1414 4974 etiam
1438 4915 1664 4993 comprehendi

870 4999 1018 5058 Prooeres
1033 4997 1110 5059 ulios
1125 4999 1276 5079 ejusdem,
1294 5001 1493 5083 submajoris
1508 5003 1590 5063 tituli
1615 5021 1664 5063 se-

869 5084 1008 5145 eundum
1023 5103 1222 5147 communem
1236 5088 1487 5150 estimationem.
1513 5089 1576 5150 Sed
1602 5107 1664 5150 non

870 5173 1138 5251 comprenduntnr
1161 5173 1193 5233 hi
1219 5174 1271 5255 qni
1286 5181 1359 5238 sunt
1373 5176 1503 5238 minoris
1522 5177 1615 5254 tituli,
1631 5181 1666 5238 ut

869 5261 1087 5340 VieeeomiteS,
1106 5267 1136 5323 et
1150 5263 1201 5324 alii
1217 5263 1352 5338 similes;
1370 5267 1445 5345 quia
1459 5265 1604 5344 quamvis
1614 5265 1663 5326 isti

869 5347 931 5408 sint
945 5348 1074 5410 ditiores
1090 5351 1170 5428 aliis,
1187 5351 1321 5413 attendit
1336 5353 1489 5428 Pontifex,
1507 5353 1558 5413 vel
1573 5353 1613 5413 ad
1633 5351 1664 5414 id

870 5435 954 5514 quod
969 5435 1164 5515 frequentius
1178 5437 1303 5514 accidit,
1321 5457 1434 5518 nempe
1449 5438 1594 5518 superins
1608 5456 1666 5499 no·

869 5523 1003 5586 noinatos
1018 5525 1118 5604 inagis
1133 5525 1272 5603 affluere,
1289 5527 1339 5588 vel
1354 5527 1395 5588 ad
1409 5527 1570 5591 titulorum
1585 5543 1667 5607 pree·
