4186 6348
4 1299 6 1362 i

4 1471 6 1524 l

644 583 696 648 DE
715 579 880 647 OFFlGllS
902 575 1171 644 courussaall.
1666 577 1725 636 aaa

91 764 229 844 quasdam
252 765 380 846 quidem
401 779 460 846 per
477 784 511 828 se
526 773 561 828 ut
574 771 715 848 peccata,
732 767 877 848 quadam
931 779 1076 826 avocare.
1100 765 1131 825 5.
1153 761 1186 826 Si
1201 760 1420 824 Confessarius
1433 759 1515 822 ultro
1530 757 1616 821 dicat
1628 758 1732 839 pmni-

90 872 159 915 vero
174 873 212 914 cx
226 853 390 930 accidenti,
415 853 591 935 cujusmodi
604 862 677 916 sunt
691 874 729 918 ea
744 871 878 936 quorum
930 855 1051 914 tentem
1071 851 1111 912 de
1132 850 1262 913 crimine
1284 845 1389 928 aliquo
1412 849 1445 910 in
1469 847 1671 912 confessione
1698 860 1731 908 ss

91 941 295 1004 manifestatio
315 941 356 1003 ad
379 941 535 1021 integram
558 947 761 1022 peccatorum
776 943 877 1004 decla·
937 959 1000 1002 non
1018 941 1189 1015 incusasse,
1202 939 1296 1024 ¹cujus
1305 936 1443 1000 criminis
1453 954 1526 998 eum
1539 953 1650 998 revera
1663 953 1730 998 esse

91 1029 239 1092 rationem
248 1030 437 1112 requiritur;
454 1033 666 1112 quotlatutin
681 1034 877 1095 sacramento
935 1029 1117 1106 conscium,
1140 1032 1195 1090 aut
1218 1027 1286 1108 jem
1309 1029 1395 1088 certo
1416 1029 1558 1100 constat,
1581 1028 1636 1086 aut
1658 1041 1730 1086 con-

91 1119 302 1182 necessitatem
325 1119 454 1181 omnino
476 1124 530 1183 aut
552 1121 718 1184 utilitatem
741 1120 878 1199 aliquam
932 1121 1018 1179 stare
1034 1116 1183 1195 deinceps
1198 1119 1311 1194 potest.
1327 1117 1358 1177 6.
1375 1114 1408 1176 Si
1421 1117 1551 1192 peccata
1564 1112 1731 1176 manifesta

92 1205 232 1269 habeant.
257 1209 361 1281 Quare
382 1214 418 1269 ut
437 1211 503 1270 tuto
519 1213 550 1270 et
563 1209 660 1270 libere
674 1226 764 1270 suam
779 1208 810 1269 in
825 1206 877 1268 illo
932 1205 987 1266 illa
1002 1203 1141 1284 quidem,
1159 1221 1221 1265 non
1231 1207 1267 1264 ut
1275 1202 1472 1282 provulgata,
1489 1201 1544 1262 sed
1561 1204 1596 1261 ut
1609 1199 1640 1260 in
1655 1217 1730 1261 con-

91 1295 308 1357 conscientiam
318 1314 488 1358 exonerare
497 1297 606 1359 fideles
615 1297 746 1378 possint,
763 1295 879 1357 debent
932 1291 1068 1352 sessione
1091 1291 1200 1352 audita
1221 1290 1378 1350 declaret:
1404 1287 1491 1350 uerbi
1506 1287 1618 1387 gratia,
1634 1287 1729 1349 homo

91 1380 153 1444 hec
167 1382 273 1444 omnia
288 1385 530 1446 sacramentalis
544 1384 657 1447 silentii
671 1385 742 1464 lege
755 1382 854 1462 excipi
868 1401 875 1442 :
932 1380 990 1442 iste
1006 1379 1118 1440 ultimo
1128 1378 1282 1460 supplicio
1291 1377 1436 1440 addictus
1445 1395 1502 1438 sua
1513 1391 1618 1436 omnia
1633 1375 1727 1453 furta,

91 1467 141 1530 etsi
156 1469 303 1549 quaedam
321 1470 372 1532 vel
386 1488 444 1551 per
456 1470 710 1549 imprudentiam,
727 1471 778 1533 vel
799 1470 878 1531 citra
932 1466 1115 1544 homicidia,
1140 1471 1214 1543 eto,
1238 1465 1315 1526 milri
1338 1465 1500 1526 confessus
1523 1466 1580 1525 est.
1598 1462 1631 1526 Si
1645 1462 1729 1523 enim

91 1556 302 1620 necessitatem
312 1559 523 1636 declarentur,
539 1559 614 1639 quia
628 1560 722 1620 rudes
736 1558 877 1620 adamae
932 1554 1069 1616 facultas
1092 1553 1273 1636 hujusmodi
1295 1551 1456 1616 Sacerdoti
1471 1553 1726 1648 concessumst,
1770 1637 1772 1644 Ι

91 1643 241 1723 simplices
265 1645 318 1726 qui
340 1647 408 1708 bac
431 1646 609 1708 necessaria
630 1651 685 1709 aut
707 1645 796 1709 utilia
810 1663 877 1707 esso
933 1663 971 1705 aa
994 1660 1222 1723 nonnunquam
1244 1642 1427 1703 abuteretur
1448 1639 1480 1700 in
1503 1656 1601 1719 grave
1628 1653 1729 1716 preru-

91 1731 272 1810 eaistimant,
298 1731 417 1796 debent
438 1751 549 1795 secure
573 1738 605 1796 et
625 1734 743 1814 absque
757 1733 878 1794 revela·

90 1817 176 1880 tionis
190 1819 329 1898 periculo
340 1821 492 1884 confiteri.
505 1823 587 1902 Ergo
598 1823 744 1886 convenit
759 1840 796 1883 ea
810 1839 877 1882 orn·

91 1904 137 1966 nia
157 1907 259 1986 sigillo
283 1906 412 1977 includi,
437 1926 508 1990 quae
530 1908 670 1988 ipsorum
684 1908 813 1971 interest
827 1926 877 1970 oc·

91 1995 166 2056 culta
181 2013 260 2056 esse.

126 2083 226 2161 ltque
239 2081 270 2143 in
285 2080 469 2142 uuiversum
491 2083 661 2163 loquendo,
687 2083 823 2146 violatur
838 2083 877 2146 si·

90 2167 203 2246 gilium,
229 2167 401 2250 etquidem
417 2170 547 2247 directe,
563 2171 732 2232 revelando
748 2171 876 2251 aliquod

89 2255 120 2316 in
139 2257 333 2320 confessione
357 2257 499 2320 auditum
523 2257 642 2338 absque
665 2277 813 2338 expresse
830 2259 878 2320 ia·

91 2344 198 2406 cultata
226 2344 430 2425 penitentis:
461 2346 613 2408 indirecte
641 2365 729 2416 vero.
757 2347 877 2427 aliquid

91 2433 270 2511 proterendo
292 2453 299 2496 :
323 2435 376 2496 vel
397 2439 499 2513 gestu,
525 2439 615 2512 nutu,
640 2435 762 2498 silentio
795 2435 874 2516 ipso,

91 2519 183 2582 aliave
193 2522 312 2584 ratione
323 2521 539 2602 significando,
556 2542 595 2584 ex
606 2543 667 2604 quo
682 2523 875 2604 deprehendi

90 2608 182 2686 possit
202 2609 352 2672 delictum
372 2611 502 2691 aliquod
522 2612 554 2672 in
573 2613 772 2674 Confessione
787 2613 877 2675 audi-

90 2696 260 2760 tumtlnde
274 2697 441 2776 specialius
457 2697 590 2761 violatur
603 2699 750 2778 sigillum.
768 2703 796 2762 l.
812 2701 875 2762 lle·

90 2781 280 2846 attestatione
294 2785 415 2863 peccati
425 2785 549 2848 lethalis
558 2791 624 2849 tum
635 2787 667 2848 in
682 2788 796 2867 specie,
808 2791 876 2850 tum

90 2868 179 2930 etiam
192 2870 223 2932 in
237 2889 371 2950 genere;
394 2873 445 2934 vel
458 2873 547 2951 levis,
570 2873 602 2935 in
615 2875 719 2954 specie
734 2877 874 2954 quidem,

89 2957 141 3018 sed
156 2976 215 3019 non
229 2961 377 3021 tamenin
391 2979 526 3040 genere:
544 2981 617 3024 uam
632 2967 667 3025 ut
681 2964 750 3044 quis
764 2964 804 3025 ad
820 2966 873 3026 Sa·

89 3063 172 3108 crum
192 3047 340 3110 tribunal
357 3067 390 3110 se
404 3049 495 3128 sistit,
512 3051 573 3114 hoc
587 3051 655 3130 ipsc
669 3052 827 3131 significat
840 3071 874 3114 se

89 3136 183 3215 culpe
195 3138 305 3199 saltem
318 3137 443 3200 levioris
457 3157 547 3201 reum
556 3157 636 3201 esse.
652 3141 701 3202 ab
716 3160 753 3203 ao
768 3145 874 3204 tamen

89 3223 301 3287 abstinendum
336 3230 384 3286 est
409 3227 450 3288 ob
477 3227 652 3307 periculum
680 3229 870 3292 ollensionis.

89 3315 116 3374 2.
132 3311 164 3374 Si
178 3311 330 3374 Sacerdos
349 3316 437 3375 entra
454 3316 585 3376 Sacrum
599 3315 750 3378 'l'ribunal
763 3317 802 3378 de
817 3336 874 3378 au·

90 3399 196 3461 ditisiu
206 3399 405 3462 confessione
415 3419 487 3463 cum
497 3402 666 3480 paenitente
675 3410 759 3484 agat,
777 3405 874 3485 ipsius

89 3486 178 3548 venis
196 3504 258 3547 non
281 3485 368 3564 prius
389 3487 574 3568 impetrate3
600 3489 674 3570 quia
687 3491 713 3552 si
727 3492 874 3570 manisd-

89 3591 171 3634 mum
191 3593 248 3653 per
267 3592 301 3636 se
324 3573 366 3635 sit
386 3579 517 3653 peccata
538 3577 635 3638 semel
658 3577 810 3654 confiteri,
827 3581 874 3639 est

931 1730 1026 1793 tentis
1051 1729 1298 1808 incommodum,
1321 1729 1371 1791 vel
1384 1727 1488 1788 minus
1501 1725 1629 1806 publica
1642 1723 1729 1786 evul-

931 1818 1048 1900 gando,
1077 1818 1128 1879 vel
1156 1819 1261 1880 minus
1293 1820 1379 1880 certa
1406 1813 1640 1890 confirmando,
1666 1829 1727 1893 quo

932 1924 1027 1968 exosa
1040 1908 1130 1968 lieret
1145 1906 1309 1970 confessio.
1325 1910 1356 1968 7.
1374 1904 1407 1967 Si
1422 1902 1576 1967 Sacerdos
1590 1900 1728 1982 plurium

931 1996 1065 2058 fratrum
1083 1998 1139 2056 aut
1159 1994 1444 2074 condiscipulorum
1460 1988 1605 2070 excipere
1618 1988 1728 2052 solitus

931 2083 1155 2160 confessiones,
1182 2101 1220 2144 ex
1235 2083 1284 2145 his
1298 2100 1398 2144 unum
1415 2078 1626 2156 commendet,
1643 2077 1727 2158 quod

930 2170 1089 2232 levissima
1102 2173 1226 2232 tantum
1239 2173 1370 2250 peccata
1383 2169 1424 2230 ad
1438 2167 1666 2230 contessionem
1681 2165 1728 2227 al·

931 2259 1031 2332 larat;
1047 2257 1088 2319 de
1102 2258 1224 2321 caeteris
1234 2262 1340 2320 autern
1355 2257 1504 2320 reticeat:
1520 2255 1566 2317 sic
1581 2254 1665 2316 enim
1679 2257 1727 2316 ta·

931 2346 991 2410 cite
1005 2347 1162 2427 significat
1182 2346 1259 2410 alios
1281 2346 1468 2410 innocentie
1483 2342 1577 2406 laude
1595 2361 1657 2406 non
1672 2361 1726 2404 ea·

931 2435 1055 2498 cellere.

971 2527 1124 2588 Ceterum
1139 2523 1270 2605 quilibet
1284 2525 1310 2586 is
1320 2544 1395 2588 usus
1406 2523 1523 2588 notitiae
1533 2520 1725 2604 per-(tontes-

930 2614 1050 2676 sionem
1073 2616 1262 2691 comparatae
1285 2613 1461 2691 prohibitus
1487 2631 1550 2674 non
1573 2615 1637 2687 est,
1661 2625 1723 2690 quo

930 2699 1083 2764 confessio
1105 2698 1234 2760 minime
1256 2703 1362 2779 gravis
1386 2705 1417 2762 et
1441 2700 1550 2762 odiosa
1571 2697 1721 2773 efficitur,

930 2789 1004 2871 quia
1017 2789 1067 2850 lex
1077 2788 1188 2850 secreti
1203 2787 1234 2849 in
1245 2807 1282 2849 eo
1297 2788 1364 2850 solo
1374 2789 1477 2868 posita
1486 2793 1544 2865 est,
1559 2793 1596 2849 ut
1609 2805 1629 2848 a
1643 2789 1724 2850 Con·
1783 2783 1785 2788 ’

930 2879 1063 2940 sessione
1082 2876 1303 2938 sacramentali
1316 2877 1435 2939 invidia
1449 2877 1550 2939 omnis
1565 2877 1719 2938 arceatur.

929 2967 1018 3030 Unde
1040 2965 1126 3026 illum
1148 2965 1299 3028 duntaxat
1320 2984 1411 3027 usum
1426 2966 1583 3045 prohihet,
1599 2983 1637 3026 ex
1659 2980 1721 3044 quo

928 3054 1028 3134 possit
1047 3051 1270 3132 poenitentibus
1293 3053 1530 3116 incommodum
1548 3052 1723 3134 etquidem

927 3141 1120 3204 levissimum
1130 3139 1283 3202 accidere.
1297 3143 1399 3214 Quare
1410 3159 1474 3203 non
1487 3144 1598 3221 peccat
1612 3142 1723 3202 Sacar-

928 3230 996 3307 dos,
1013 3229 1038 3290 si
1052 3231 1143 3307 parta
1157 3229 1189 3289 in
1204 3228 1405 3290 confessione
1424 3229 1535 3292 notitia
1549 3245 1588 3289 eo
1601 3229 1719 3302 utatur,

927 3323 963 3378 ut
977 3316 1181 3396 penitentem
1196 3315 1296 3394 magis
1311 3317 1342 3378 in
1352 3317 1464 3396 spiritu
1475 3317 1595 3395 diligat,
1607 3313 1722 3394 sapius

927 3423 985 3484 pro
1006 3403 1088 3465 illius
1110 3403 1210 3464 salute
1231 3405 1331 3466 Deum
1353 3410 1436 3481 oret,
1462 3403 1616 3484 majorem
1639 3403 1721 3464 illius

927 3511 1037 3554 curam
1063 3496 1170 3570 gerat,
1195 3490 1286 3570 plura
1309 3492 1352 3553 illi
1380 3491 1522 3554 conterat
1547 3489 1718 3567 beneficia,

927 3580 1019 3659 plura
1031 3578 1258 3640 benevolentiae
1273 3584 1460 3657 argumenta
1474 3579 1629 3641 ostendat.

89 3659 179 3721 etiam
191 3661 424 3748 permolestum,
435 3662 559 3725 indicio
570 3665 795 3727 sacramentali
806 3664 874 3745 jem
968 3669 1107 3730 Observa
1130 3665 1264 3746 denique
1292 3665 1557 3729 consultissimum
1584 3685 1653 3728 esse
1680 3666 1720 3728 de

89 3751 237 3812 bansacto
261 3755 294 3810 et
307 3751 473 3829 completo,
491 3756 621 3830 peccata
634 3753 746 3814 eadem
760 3772 780 3814 a
793 3755 874 3816 Gon·
926 3757 976 3832 iis,
993 3771 1062 3835 quae
1077 3752 1109 3814 in
1123 3751 1318 3814 confessione
1332 3754 1440 3816 audita
1461 3757 1543 3830 sunt,
1562 3754 1648 3815 nulla
1662 3773 1721 3816 un·

88 3836 210 3899 tessaria
223 3837 344 3900 audire.
361 3837 393 3900 Si
408 3842 514 3901 umen
529 3839 636 3902 statim
650 3847 721 3920 post
733 3841 872 3920 imperti-
927 3859 1023 3921 quam
1046 3839 1178 3917 ratione,
1204 3840 1329 3902 nullave
1348 3841 1387 3902 de
1411 3859 1508 3904 causa
1527 3842 1717 3919 meminisse,

88 3925 383 3988 taurabscluticnem
391 3927 605 3990 Confessarius
615 3929 741 4008 aliquod
752 3929 790 3990 iis
804 3949 871 3991 esse
926 3928 986 3989 nisi
1009 3929 1090 3989 sorte
1111 3928 1276 3990 consilium
1291 3947 1310 3990 a
1327 3928 1395 3990 viro
1415 3929 1507 3992 docto
1531 3929 1719 4008 capiendum

88 4011 872 4098 addendumputet‚quaindanlessionejamdicta
925 4020 980 4090 sit;
1002 4017 1097 4097 idque
1121 4019 1196 4078 tunc
1217 4035 1255 4076 ea
1278 4016 1424 4078 cautione
1448 4017 1599 4095 adhibita,
1616 4018 1717 4098 utqui

87 4105 166 4176 sunt,
188 4100 219 4162 id
239 4101 323 4162 licite
346 4101 470 4180 poterit.
488 4103 627 4166 Pertinet
640 4103 726 4166 enim
739 4104 816 4167 illud
830 4106 872 4168 ad
925 4104 1107 4181 consulitur,
1120 4103 1151 4164 in
1162 4104 1297 4166 auctoris
1312 4105 1454 4167 notitiam
1469 4105 1616 4168 devenire
1632 4107 1717 4167 nullo

87 4187 287 4250 Confessionis
318 4190 593 4268 complementum,
632 4209 690 4253 nec
724 4192 871 4274 cuiquam
924 4192 1141 4271 mcdopossit.
1159 4195 1237 4253 Nam
1252 4190 1368 4271 alioqui
1383 4193 1717 4255 vallevidebisrebus

86 4293 177 4354 grave
198 4281 300 4356 potest
322 4277 476 4342 accidere.
498 4277 585 4341 Licet
598 4280 693 4342 etiam
708 4281 869 4344 Sacerdoti
924 4281 1061 4343 motione
1076 4280 1171 4341 rudes
1193 4297 1230 4340 ao
1250 4279 1407 4358 simplices
1421 4281 1622 4344 offenduntur
1635 4300 1717 4343 sam-

86 4363 114 4424 in
127 4364 327 4446 sequentibus
336 4365 589 4429 Confessionibns
602 4369 806 4448 poenitentem
816 4371 869 4432 ad·
923 4387 994 4450 per3
1020 4369 1083 4430 imo
1105 4375 1137 4430 et
1159 4386 1287 4447 sagaces
1311 4369 1469 4431 interdum
1487 4387 1526 4430 ex
1548 4369 1644 4431 variis
1663 4371 1716 4433 ad-

84 4469 207 4515 monere
229 4453 269 4514 de
288 4469 395 4515 errore
417 4454 522 4536 aliquo
545 4455 577 4516 in
600 4457 801 4519 confessione
815 4458 869 4519 ed·
918 4455 1036 4536 junctis
1049 4455 1143 4518 simul
1156 4457 1425 4532 concurrentibus,
1441 4457 1556 4536 partim
1571 4460 1716 4540 quaejam

83 4539 184 4618 missa
201 4539 308 4621 illique
323 4559 479 4620 exponere
493 4560 530 4604 ac
545 4543 688 4621 suadere,
706 4563 801 4624 quam
816 4565 868 4608 oa-
922 4547 1086 4620 noverant,
1102 4542 1216 4623 partim
1232 4561 1302 4623 quae
1322 4562 1405 4606 nunc
1418 4544 1556 4623 primum
1571 4546 1713 4622 discunt,

83 4628 181 4707 pitalis
194 4629 234 4690 sit
247 4629 359 4691 iterata
377 4630 409 4690 in
420 4630 532 4692 eadem
546 4630 689 4708 erimina,
706 4651 776 4711 quse
790 4634 867 4696 alias
921 4631 953 4692 in
974 4631 1193 4712 gravissimam
1216 4631 1426 4710 suspicionem
1447 4633 1592 4707 veniunt3
1619 4638 1714 4714 atque

82 4717 235 4778 contessus
258 4720 316 4792 est,
338 4717 515 4796 prolapsio;
542 4721 573 4778 ct
587 4717 649 4779 alia
665 4718 759 4798 hujus
773 4739 866 4800 gene-
921 4719 1001 4780 aden
1024 4737 1114 4780 reum
1141 4719 1245 4798 ipsum
1270 4718 1434 4782 manifeste
1459 4720 1709 4800 deprehendunt.

80 4802 129 4864 ris.
154 4807 183 4865 3.
208 4805 242 4866 Si
265 4804 420 4866 Sacerdos
444 4823 481 4866 ex
499 4804 612 4867 notitia
625 4805 657 4866 in
671 4807 866 4869 confessione
921 4807 1023 4879 Quare
1037 4805 1090 4866 vix
1111 4823 1249 4886 unquam
1269 4806 1308 4867 de
1330 4805 1368 4867 iis
1381 4821 1452 4887 que
1466 4808 1498 4869 in
1517 4809 1712 4873 consessione

81 4895 256 4970 comparata
270 4890 311 4952 itu
327 4897 462 4970 sereret
475 4909 547 4953 cnm
561 4893 744 4971 poenitente,
761 4898 796 4955 ut
809 4911 866 4956 sua
920 4903 1028 4966 audita
1042 4907 1124 4981 sunl,
1141 4903 1208 4964 sine
1222 4903 1421 4966 avolationis
1439 4905 1579 4984 periculo
1594 4907 1711 4970 mentio

80 4975 119 5037 itti
139 4981 267 5056 peccata
289 4977 426 5058 objicere
449 4997 487 5040 ec
510 4981 700 5060 exprobrare
728 4983 865 5061 quodam
918 4991 987 5052 fleri
1002 4995 1114 5071 potest.

80 5065 169 5125 modo
182 5065 336 5141 videatur,
353 5065 409 5126 etsi
420 5065 461 5126 sd
476 5066 508 5126 id
523 5067 626 5128 nullus
639 5071 755 5146 preter
767 5070 866 5149 poeni·
961 5070 1068 5145 Οιιωεε.
1084 5073 1114 5132 3.
1130 5071 1180 5132 Αη
1194 5079 1287 5154 porto
1300 5071 1331 5132 io
1346 5069 1528 5154 Consear‘ooc
1546 5072 1652 5137 aetitia
1664 5077 1713 5138 uti

80 5155 192 5214 tentam
206 5152 370 5214 advertere
385 5153 493 5234 possit.
510 5157 539 5215 l.
558 5154 590 5217 Si
605 5167 802 5236 quacumque
817 5175 864 5218 ra·
918 5157 1064 5220 cacodoti
1074 5159 1172 5227 liccat,
1188 5177 1254 5220 cum
1267 5157 1450 5221 reoctottom'r
1461 5159 1625 5241 periculum
1634 5161 1713 5227 otest

80 5238 159 5300 bone
172 5241 211 5302 de
225 5238 406 5320 penitentis
419 5239 601 5302 criminibus
620 5259 693 5302 cum
707 5241 745 5303 iis
758 5244 866 5324 loqua-
918 5251 1027 5306 omne?

79 5330 137 5404 tar,
153 5327 264 5408 quibus
283 5343 399 5388 eaesae
409 5326 660 5407 perspectissime
669 5333 754 5392 certo
765 5331 862 5394 norit.
959 5335 1053 5412 ltesp.
1070 5349 1158 5413 seqq.
1176 5335 1204 5395 l.
1222 5335 1303 5396 Usus
1324 5331 1440 5396 notitiae
1463 5333 1495 5394 in
1515 5333 1710 5397 confessione

81 5413 181 5476 Potest
189 5414 271 5476 enirn
281 5413 359 5474 illud
372 5416 596 5494 permolestum
610 5415 753 5478 accidere
767 5419 865 5497 poeni·
918 5423 1108 5500 comparatas
1131 5419 1198 5481 sine
1217 5420 1357 5499 periculo
1380 5420 1590 5499 revelationis,
1607 5422 1633 5483 is
1653 5423 1711 5483 ba·

80 5501 222 5580 tcutilum,
251 5519 367 5580 eosque
395 5520 415 5564 a
440 5502 632 5584 poenitentia
661 5505 864 5572 sacramento
917 5509 1020 5586 betur,
1036 5525 1110 5570 cum
1125 5509 1279 5571 Sacerdos
1293 5514 1384 5589 parta
1398 5509 1429 5571 in
1444 5509 1708 5573 contessioneno-
