3976 6348
296 556 354 616 170
1014 553 1131 618 LIBER
1151 553 1216 618 Vll.

228 740 257 785 ⁸⁶
337 737 450 820 inseres
463 741 493 801 1.
511 741 605 802 Recte
620 737 784 802 damnatas
799 754 901 802 essee
922 738 1013 802 Cion.
1029 741 1087 810 XI,
1145 743 1187 802 sis
1201 746 1233 804 et
1247 739 1386 802 censuris
1400 741 1917 820 111111111111111εεί11110111.

296 827 346 888 die
361 831 381 890 8
396 826 589 906 Septembris
609 830 701 904 1713,
722 831 889 906 sequentes
903 827 1090 906 propositio-
1145 833 1222 891 Nav.
1240 830 1355 909 aliique
1371 830 1579 891 communiter
1592 847 1663 891 cum
1678 834 1759 895 Cast.
1772 833 1804 895 d.
1821 838 1847 911 1,
1858 854 1885 914 p.
1895 839 1919 912 1,

296 935 363 991 nea,
380 933 450 994 quae
474 919 546 976 sunt
564 916 813 979 lansenistarum
834 933 983 977 censuras
1005 917 1035 976 in
1056 935 1089 978 se
1145 938 1176 978 n.
1193 921 1228 990 ὃς
1246 917 1311 978 011.
1329 917 1360 979 d.
1379 921 1407 994 l,
1424 937 1486 977 un.
1503 920 1576 990 2673
1601 918 1706 981 Pelliz.
1730 925 1771 983 tr.
1796 923 1825 997 'l,
1849 941 1874 983 c.
1897 928 1919 1000 l,

296 1005 336 1064 ab
346 1003 485 1064 Ecclesia
498 1004 576 1064 latas
591 1004 837 1082 explodendum.
849 1007 898 1066 91.
911 1003 1090 1065 Ε111111111-
1145 1024 1176 1065 1.
1192 1009 1242 1078 67;
1260 1005 1339 1066 11111
1350 1009 1407 1080 est,
1421 1004 1496 1084 quia
1509 1004 1639 1083 singulis
1654 1008 1757 1070 causis
1771 1009 1923 1088 respondet

295 1091 450 1152 nicationis
464 1091 583 1172 injustae
597 1099 689 1152 metus
706 1109 856 1172 nunquam
875 1088 954 1151 dedet
972 1111 1021 1152 nos
1036 1092 1090 1152 im·
1144 1111 1218 1153 suus
1232 1092 1393 1154 moraliter
1406 1091 1569 1153 distinctus
1584 1095 1723 1172 effectus,
1743 1097 1796 1176 qai
1820 1097 1923 1176 indiget

290 1177 396 1259 pedire
409 1178 445 1239 11
459 1179 605 1260 implendo
619 1179 713 1240 debito
728 1187 825 1239 nostro
836 1201 848 1247 ,·
862 1198 1012 1260 nunquam
1027 1181 1090 1240 cci·
1143 1179 1210 1240 tolli
1225 1180 1399 1259 perplures
1414 1179 1553 1241 actiones
1568 1179 1775 1244 destructivae
1791 1184 1878 1247 illius.

295 1265 559 1336 rnusodEcclesio‚
572 1266 783 1348 eticmqucndo
798 1265 947 1326 bominum
962 1266 1091 1346 nequitia
1185 1269 1243 1342 11.
1265 1267 1367 1328 Etiam
1386 1266 1548 1344 probabile
1572 1273 1628 1345 est,
1658 1270 1744 1348 quod
1766 1273 1861 1349 possit
1881 1273 1925 1334 ali·
1953 1285 1971 1328 1

295 1354 514 1416 oidernurabea
524 1354 652 1436 conpulsi,
666 1354 784 1435 quando
794 1353 854 1416 lieo
864 1353 1092 1416 1138001111-
1145 1355 1214 1436 quis
1229 1373 1285 1433 pro
1300 1354 1412 1415 eodem
1436 1354 1548 1416 delicto
1570 1355 1687 1435 duplici
1709 1377 1841 1420 censura
1859 1360 1927 1441 ejas·

296 1453 344 1511 to,
370 1453 457 1524 utque
481 1443 537 1524 qrsi
558 1443 702 1504 Ecclesia
723 1463 780 1523 per
807 1442 981 1503 claritatem
1006 1437 1094 1520 affini
1145 1444 1217 1503 dom
1230 1443 1360 1504 rationis
1374 1443 1476 1516 affici3
1493 1461 1556 1504 una
1570 1462 1590 1504 a
1603 1446 1691 1522 June,
1715 1447 1817 1508 altera
1830 1449 1868 1510 ab
1880 1449 1926 1510 bo-

295 1552 403 1594 sumus.
419 1536 468 1593 92.
485 1530 560 1590 Pati
572 1531 674 1611 potius
693 1531 723 1589 in
732 1549 805 1611 poce
819 1529 1092 1591 excommonicatio-
1145 1531 1244 1604 minc;
1261 1531 1336 1592 item
1350 1549 1414 1592 una
1429 1531 1468 1592 ab
1489 1531 1549 1593 hoc
1571 1533 1739 1610 Superiore
1754 1535 1804 1596 vel
1818 1535 1926 1614 lodice,

295 1640 370 1688 erem,
382 1630 408 1681 ct
422 1617 576 1680 anatliema
592 1619 731 1700 injiistnm
746 1638 834 1700 qoam
845 1617 970 1699 prodere
983 1617 1091 1678 cerita-
1145 1622 1244 1681 altera
1258 1620 1298 1680 nb
1313 1619 1385 1696 alio,
1403 1619 1429 1680 si
1440 1619 1523 1680 enim
1535 1620 1608 1682 huic
1618 1626 1649 1682 et
1659 1621 1702 1682 illi
1712 1625 1928 1686 contumaciam

297 1718 363 1778 turi,
380 1715 421 1769 cst
435 1707 551 1767 imitari
566 1705 601 1768 S.
618 1706 761 1774 Paulum,
778 1716 890 1768 tuntum
906 1706 992 1773 obest,
1010 1715 1042 1766 ut
1055 1705 1092 1766 sit
1146 1708 1305 1784 ostendat,
1331 1724 1393 1767 non
1418 1710 1466 1768 est
1488 1706 1583 1784 ratio,
1609 1727 1666 1768 cnr
1688 1710 1729 1771 ab
1757 1711 1818 1772 hoo
1839 1720 1869 1773 et
1885 1712 1928 1774 illo

296 1797 564 1876 eriqcresecoutra
584 1794 785 1854 aetetoritotem
807 1803 860 1854 aut
878 1793 1009 1855 scindere
1022 1793 1091 1852 uni·
1141 1796 1392 1876 jurisdictionem
1421 1795 1556 1856 habente
1585 1815 1647 1858 non
1675 1798 1776 1876 possit
1798 1799 1929 1861 distincta

297 1887 467 1946 11111113.
490 1881 628 1944 JESL'S
650 1881 823 1964 quandoque
845 1891 930 1944 sonat
955 1881 1087 1948 uulnera,
1145 1883 1386 1960 censuraallici,
1403 1884 1447 1944 ita
1462 1885 1552 1945 Suar.
1570 1885 1669 1947 Castr.
1693 1907 1725 1948 n.
1752 1891 1790 1960 ὃς
1816 1889 1878 1949 llic.
1900 1907 1927 1949 n.

296 1989 363 2052 quae
375 1987 503 2052 praeceps
514 1970 679 2051 primorum
690 1969 846 2031 Pastorum
856 1970 1002 2050 festinatio
1013 1967 1091 2047 inlli·
1145 1976 1220 2045 171;
1236 1973 1334 2034 lirim.
1351 1989 1382 2032 n.
1401 1975 1488 2035 1707.
1505 1971 1568 2034 Nec
1581 1973 1684 2053 refert,
1704 1975 1791 2054 quod
1811 1993 1930 2038 censura

296 2061 351 2140 qir,
367 2061 429 2120 sinc
442 2060 530 2140 quius
543 2057 679 2119 mundato
690 2081 702 2127 ,·
715 2057 769 2119 JE
771 2058 796 2119 S
800 2059 853 2122 HS
873 2059 1000 2119 restituit
1014 2056 1093 2138 qnod
1145 2060 1185 2122 sit
1199 2060 1293 2121 veluti
1305 2059 1449 2138 privatio,
1462 2079 1531 2139 quae
1540 2064 1734 2122 tantumodo
1744 2069 1804 2141 est,
1817 2063 1929 2142 quando

297 2148 354 2228 r'psi
367 2145 578 2208 inconsiderato
600 2146 659 2207 zelo
677 2144 922 2208 1111111111191.
939 2145 1091 2223 11111111-
1145 2166 1208 2209 una
1230 2147 1332 2208 formo
1353 2145 1544 2224 excluditur,
1575 2149 1719 2227 quamvis
1747 2151 1854 2229 plures
1878 2152 1930 2211 sint

288 2237 388 2316 jerem
407 2234 441 2296 de
459 2233 594 2296 Ecclesia
613 2235 773 2316 opinionem
793 2235 904 2315 inqerit
917 2236 978 2315 ejus
993 2234 1090 2294 inimi·
1145 2251 1247 2296 cause
1262 2235 1344 2295 illius
1359 2234 1557 2312 exclusionis,
1579 2255 1648 2296 nam
1668 2239 1704 2298 R.
1722 2239 1866 2318 quamvis
1879 2239 1930 2318 pri·

296 2323 348 2392 cis,
364 2343 453 2406 quam
467 2321 565 2384 cidere
578 2324 641 2385 illic
654 2323 839 2386 dominatum
857 2323 988 2384 coerceri
1000 2341 1092 2403 supra
1145 2323 1228 2384 vatio
1243 2321 1284 2384 sit
1298 2341 1371 2400 una,
1389 2322 1516 2401 quando
1540 2341 1603 2384 nna
1622 2330 1669 2386 eat
1689 2325 1794 2387 forma
1821 2327 1931 2387 exclusa

296 2411 384 2493 fidem
405 2411 559 2493 fidelium,
582 2421 610 2474 et
627 2411 723 2492 soceri
734 2413 890 2472 divisiones
897 2421 1021 2492 propter
1033 2430 1088 2478 res,
1146 2417 1177 2472 et
1191 2409 1334 2489 quamvis
1357 2410 1453 2471 etiam
1476 2427 1540 2471 non
1561 2412 1789 2491 multiplicetur
1802 2413 1928 2493 physice,

295 2521 362 2583 qooe
382 2521 434 2562 nee
456 2500 545 2583 fidem
570 2499 700 2568 ludant.
722 2519 773 2560 nec
791 2519 894 2561 mures.
910 2503 960 2561 96.
977 2496 1092 2560 DEUS
1146 2497 1272 2577 quando
1299 2497 1525 2576 multiplicatur
1552 2517 1667 2577 cause,
1702 2506 1808 2580 potest
1840 2509 1930 2564 tamen

292 2590 450 2670 permittit,
462 2598 493 2650 ut
508 2609 603 2651 omnes
611 2596 767 2670 potestates
780 2589 838 2649 11111
850 2587 1091 2668 conrrurtoeprn
1146 2585 1344 2665 multiplicari
1360 2585 1530 2655 moraliter,
1547 2605 1577 2649 v.
1594 2607 1625 2667 g.
1647 2589 1672 2649 si
1695 2590 1790 2668 plura
1812 2607 1931 2668 corpora

296 2677 475 2740 (lecatoribus
489 2679 632 2746 unitatis,
645 2678 749 2758 atejus
763 2677 886 2738 victoria
899 2675 1025 2737 attribui
1032 2693 1091 2736 non
1147 2691 1246 2753 opaea
1259 2673 1433 2752 impediant
1446 2674 1564 2753 lumen,
1580 2680 1628 2737 est
1642 2676 1772 2756 quidem
1788 2695 1851 2738 una
1864 2677 1931 2756 phy-

294 2766 396 2846 possit,
420 2765 478 2827 nni
496 2765 610 2826 elioiuoe
623 2767 744 2846 qratioe.
761 2768 811 2828 07.
828 2764 927 2826 Neuris
939 2783 1014 2846 sape
1026 2783 1092 2824 con·
1146 2764 1208 2824 sice
1223 2762 1368 2842 privatio,
1384 2762 1546 2824 moraliter
1569 2767 1757 2841 lamentet,
1782 2769 1931 2844 qootsunt
1974 2813 1976 2832 2

298 2855 387 2935 tinqit
401 2853 529 2916 membra
545 2852 619 2920 illo,
642 2872 710 2934 qaoe
724 2852 817 2932 inopis
830 2861 939 2914 sanctu.²
952 2870 986 2912 ac
998 2851 1092 2932 mcqr's
1146 2868 1402 2931 corporaopace,
1428 2869 1564 2932 quorum
1587 2871 1650 2913 uno
1670 2859 1794 2916 remoto
1811 2853 1931 2915 necdum
1974 2845 1976 2896 ἶ

295 2943 393 3004 structe
406 2942 492 3002 unito
506 2939 649 3002 Ecclesiae
661 2949 738 3009 sunt,
750 2941 856 3021 respici
867 2948 955 3022 atquc
968 2939 1094 3000 tractari
1146 2941 1280 3002 hebetur
1301 2940 1365 3016 lux,
1387 2939 1442 3000 sed
1470 2939 1594 3019 singula
1621 2941 1738 3002 debent
1760 2941 1845 3018 tolli,
1870 2940 1931 3020 quia
1974 3007 1976 3018 ε

297 3041 441 3112 tanquam
466 3029 605 3110 indique,
633 3037 664 3090 nt
682 3029 741 3088 sint
760 3030 791 3088 in
806 3027 951 3102 Ecclesia,
967 3027 1014 3088 ccl
1024 3036 1092 3089 ton·
1145 3029 1269 3108 singula
1291 3027 1467 3107 impediunt
1485 3031 1583 3089 totam
1604 3027 1718 3104 lucem,
1743 3027 1832 3088 idem
1846 3027 1931 3090 estde
1975 3023 1976 3090 j

296 3138 385 3200 quam
403 3118 440 3179 od
459 3137 492 3178 ea
505 3126 656 3198 separata.
673 3115 829 3198 sedjustus
844 3116 914 3178 oioit
927 3136 965 3178 en
978 3114 1047 3196 fids,
1063 3123 1092 3176 et
1145 3116 1294 3178 censuris.
1319 3115 1415 3177 Addit
1435 3119 1519 3176 recte
1543 3114 1653 3178 Pelliz.
1678 3133 1850 3178 censuram
1875 3131 1931 3175 esse

296 3227 352 3268 non
366 3226 403 3268 ec
417 3207 554 3287 opinione
567 3204 726 3266 dominum.
739 3207 787 3266 00.
806 3205 908 3264 Status
919 3204 1091 3284 persecucio
1145 3206 1248 3285 potius
1262 3204 1428 3283 positivam
1449 3221 1588 3282 poennm,
1610 3221 1731 3266 cumae
1748 3205 1867 3266 habeat
1886 3222 1932 3283 per
1974 3209 1975 3212 ’

296 3297 342 3356 nis
354 3305 381 3356 et
389 3313 561 3376 penarum,
578 3312 652 3374 qaas
669 3294 736 3374 quis
756 3291 862 3353 tolerat
876 3302 1018 3372 tunquam
1032 3291 1091 3351 ln·
1145 3294 1275 3355 modum
1293 3292 1425 3370 vinculi,
1451 3295 1555 3371 potest
1577 3297 1683 3354 cutem
1707 3293 1781 3374 quis
1805 3293 1932 3373 pluribus
1974 3309 1975 3360 j

297 3383 416 3450 reticio,
433 3381 598 3462 slaqitiosus
615 3389 643 3442 et
662 3381 789 3460 impius,
805 3379 909 3441 ultima
919 3381 1092 3462 plerumque
1145 3381 1277 3443 vinculis
1292 3381 1433 3461 ejusdem
1448 3381 1579 3442 rationis
1594 3381 1698 3462 ligari,
1714 3387 1753 3443 ut
1766 3386 1863 3460 petet.
1973 3385 1975 3446 ἶ

291 3470 431 3553 probatio
454 3478 495 3530 est
517 3478 544 3530 et
566 3470 694 3529 monitus
714 3469 876 3536 men'torio,
902 3475 1002 3549 utpote
1024 3485 1091 3548 quie
1184 3471 1203 3548 ξ
1225 3472 1254 3530 3.
1277 3467 1394 3548 Siquis
1417 3469 1510 3530 unico
1532 3473 1603 3570 acm
1627 3487 1658 3530 v.
1684 3487 1715 3548 g.
1739 3469 1865 3530 occidat
1880 3473 1932 3529 tres
1959 3449 1975 3546 1]

296 3557 529 3640 semihominem
544 3557 637 3637 nmqis
647 3557 824 3637 conformem
833 3556 913 3619 JES
918 3557 947 3618 l]
960 3555 1087 3618 Christo.
1145 3558 1291 3630 clericos,
1309 3556 1472 3636 probabile
1494 3561 1541 3618 est
1560 3561 1655 3618 ctiam
1669 3557 1835 3618 incurrere
1850 3554 1931 3634 tripli·

297 3652 365 3710 100.
379 3646 504 3729 Tempus
517 3645 715 3727 deplorabili,
731 3665 788 3728 quo
803 3645 936 3706 creditur
949 3644 1091 3706 honorari
1144 3664 1213 3707 cem
1228 3644 1594 3722 excommunicationem,
1610 3646 1661 3706 hic
1677 3645 1765 3706 enim
1776 3651 1932 3706 actuscon-

296 3736 384 3803 Deus,
391 3734 590 3816 perseqncrulo
605 3735 765 3801 ceritatem,
782 3734 900 3815 q'usque
914 3733 1089 3814 discipulos:
1144 3734 1222 3795 tinet
1236 3736 1300 3794 tres
1313 3731 1449 3793 malitias
1465 3741 1497 3795 et
1511 3737 1559 3794 est
1573 3733 1805 3813 aequivalenter
1822 3732 1931 3811 triplex,
1972 3743 1974 3808 j

297 3821 420 3903 Tempus
434 3823 487 3884 111
501 3822 621 3884 advenit
624 3867 686 3884 .....
702 3821 817 3883 Hateri
833 3823 1091 3882 ettractoriurc-
1145 3824 1258 3883 Novar.
1276 3823 1387 3883 Govar.
1404 3819 1520 3900 aliique
1530 3838 1602 3882 cum
1613 3822 1679 3882 Dic.
1696 3841 1729 3882 n.
1747 3823 1820 3888 271,
1837 3823 1932 3881 contra

298 3910 413 3991 liqionis
431 3911 573 3972 ministris
591 3919 732 3993 tunquam
750 3911 875 3991 impium
893 3919 920 3970 et
938 3909 1090 3991 indiqnum
1144 3911 1262 3972 Leand.
1279 3909 1364 3988 apud
1377 3908 1476 3970 lirim.
1493 3929 1525 3971 n.
1542 3913 1630 3972 1708.
1972 3923 1974 3984 ξ

296 3997 376 4058 omni
395 3997 567 4059 commercio
589 4016 654 4060 cum
678 3997 748 4066 Deo,
770 4006 912 4078 tanquam
931 3997 1090 4058 membrum
1184 4000 1245 4077 §i
1263 3997 1376 4076 Siquis
1390 3997 1768 4078 percutiatReligiosum,
1787 3998 1931 4080 quisimul
1958 3989 1974 4064 1

290 4085 456 4168 putridum,
475 4104 570 4166 capue
584 4084 790 4166 corrumpendi
802 4085 902 4146 omnio
916 4085 946 4144 in
959 4084 1091 4144 societate
1144 4087 1184 4148 sit
1197 4085 1364 4162 Diaconos,
1387 4088 1477 4148 Suar.
1501 4085 1600 4148 Gibcl.
1623 4085 1722 4146 Krim.
1756 4086 1933 4160 11170111
1972 4083 1974 4165 l

296 4184 462 4238 sanctorum
475 4182 516 4235 est
529 4172 692 4234 1111111111
699 4172 759 4253 piis
769 4181 861 4234 morte
870 4175 1001 4253 corporis
1013 4191 1091 4232 mors
1145 4175 1195 4235 alii
1211 4178 1323 4253 putent
1345 4174 1463 4235 incurri
1486 4173 1565 4235 duas
1589 4175 1931 4246 excommunicationes,
1971 4173 1974 4233 l

298 4261 468 4323 terribilior.
481 4261 605 4322 Frustra
619 4261 684 4342 quis
697 4260 755 4321 sidi
762 4261 918 4322 blanditur
927 4259 1090 4321 desuarum
1144 4268 1212 4326 tum
1227 4261 1363 4342 quiaest
1381 4261 1508 4322 diversa
1523 4261 1719 4323 consecratio
1746 4260 1891 4342 Religiosi
1907 4259 1933 4320 et
1969 4241 1973 4351 1

298 4350 490 4412 intentionum
501 4349 636 4430 puritate
655 4357 682 4410 et
700 4349 760 4409 zelo
773 4347 899 4430 quodam
913 4348 1088 4429 Reliqionis,
1145 4351 1266 4428 Clerici,
1278 4354 1380 4412 etune
1389 4368 1450 4412 non
1458 4352 1601 4412 continet
1609 4350 1755 4428 alteram,
1763 4356 1832 4412 tum
1840 4349 1930 4422 etiam,
1971 4357 1973 4440 q

295 4437 491 4520 persequendo
514 4437 637 4516 flamma
659 4437 795 4519 ferroque
816 4441 894 4498 circs
914 4435 1039 4517 probos,
1064 4437 1091 4496 si
1146 4438 1219 4520 quia
1238 4457 1256 4499 a
1274 4440 1350 4501 lure
1374 4456 1430 4517 pro
1456 4438 1596 4518 qualibet
1619 4438 1858 4501 circumstantia
1878 4443 1931 4497 tem

294 4527 419 4607 proprio
435 4527 569 4608 passione
590 4537 630 4588 est
649 4535 823 4588 caecentur.
840 4525 1019 4607 Frequenter
1031 4544 1090 4585 111
1145 4525 1269 4600 Clerici,
1294 4543 1389 4605 quam
1408 4526 1554 4587 Monachi
1574 4527 1638 4588 lata
1659 4530 1708 4587 est
1731 4523 1932 4588 excommuni-

297 4613 394 4675 dimus
419 4611 590 4696 sacrificare
610 4613 671 4676 Deo
694 4615 817 4695 impium
840 4623 868 4676 ct
890 4613 1092 4694 sacrificamus
1144 4613 1236 4675 catio.
1253 4611 1319 4674 Dic.
1336 4630 1432 4690 supro
1445 4630 1507 4673 non
1523 4613 1651 4674 omnino
1666 4615 1850 4689 assentitur,
1870 4609 1931 4691 quic

297 4701 416 4764 diodoto
429 4701 488 4764 Dei
499 4721 622 4764 1111111.
1037 4728 1060 4763 ο
1145 4719 1207 4762 non
1223 4700 1346 4762 videtur
1364 4699 1470 4777 praxis
1489 4719 1568 4779 esse,
1593 4705 1628 4763 at
1648 4700 1721 4762 ideo
1748 4697 1930 4781 111111111-

339 4789 446 4865 (ineest.
465 4794 512 4852 l3.
525 4825 565 4836 -
577 4789 625 4850 An
638 4789 752 4871 aliquis
764 4789 856 4872 possit
872 4789 977 4872 saepius
994 4791 1090 4852 incur-
1144 4791 1217 4870 plex
1230 4788 1431 4867 dispensatio.

296 4899 361 4942 rere
373 4881 404 4940 in
417 4879 545 4942 camdem
559 4887 734 4942 censuram?
751 4883 787 4942 R.
804 4881 865 4960 51.
883 4880 1008 4960 ligatus
1028 4900 1091 4943 nna
1184 4879 1202 4958 ᾗ
1228 4881 1257 4939 5.
1288 4877 1320 4938 Si
1348 4875 1418 4956 qais
1446 4877 1602 4956 percutiat
1625 4877 1854 4952 Sacerdotem,
1878 4891 1929 4935 non

297 4985 440 5044 censura,
456 4972 559 5045 potest
580 4966 1091 5046 1111111131111111111111111
1144 4966 1215 5027 ideo
1237 4963 1367 5026 incurrit
1386 4967 1450 5026 tres
1474 4983 1633 5041 censuras,
1659 4983 1777 5043 anam,
1803 4964 1873 5044 quis
1892 4965 1930 5022 est

297 5072 418 5132 causas,
434 5061 562 5133 propter
576 5073 654 5135 quas
667 5055 784 5134 ligatur
798 5054 867 5133 quis
881 5055 935 5116 tali
945 5073 1088 5132 censura,
1146 5051 1378 5129 subdiaconus,
1400 5052 1553 5130 alteram,
1583 5054 1657 5132 quia
1684 5053 1855 5130 Diaconos,
1881 5055 1930 5112 ter·

297 5143 418 5204 etiamsi
433 5159 536 5204 causae
550 5146 656 5204 essent
666 5147 795 5221 peccata
805 5143 869 5204 solo
883 5161 1014 5204 numero
1028 5141 1092 5204 dis-
1144 5143 1231 5216 tiam,
1248 5140 1323 5221 quia
1336 5139 1503 5218 Presbyter
1519 5161 1527 5202 ι
1544 5157 1654 5203 omnes
1668 5142 1757 5202 enim
1773 5142 1822 5202 hae
1841 5151 1929 5200 cause

296 5230 404 5306 tincta,
420 5248 450 5290 v.
467 5249 499 5308 g.
524 5228 576 5309 qui
591 5229 691 5292 trihus
713 5229 865 5291 distinctis
888 5229 1008 5292 vicibus
1022 5249 1091 5310 per·
1145 5228 1302 5306 integrant
1330 5245 1425 5289 unam
1448 5228 1649 5307 adequatam
1672 5234 1705 5291 et
1725 5227 1929 5310 perfectiorem

298 5317 535 5378 cutiteumdem
558 5317 723 5394 clericum,
749 5322 798 5380 111
819 5317 951 5379 incurrit
969 5337 1090 5379 excom·
1145 5333 1284 5394 causam,
1310 5335 1382 5378 cum
1416 5317 1648 5396 presbyterium
1672 5317 1766 5398 quasi
1796 5312 1927 5382 includat

298 5405 552 5483 medicationem,
569 5406 689 5486 indiget
708 5407 808 5468 tribus
831 5406 1088 5486 absolutionibus,
1146 5408 1200 5466 out
1214 5405 1323 5465 saltem
1338 5403 1496 5466 ordinarie
1510 5411 1739 5485 praesupponat
1757 5405 1836 5467 alios
1856 5398 1930 5466 oidi-

298 5491 348 5552 vel
362 5510 425 5553 una
438 5492 587 5573 generali,
605 5511 674 5571 quae
689 5493 850 5573 explicatis
864 5492 1006 5572 pluribus
1020 5513 1092 5556 cau·
1146 5511 1212 5570 nes,
1228 5491 1294 5554 Dic.
1311 5511 1373 5574 sup.
1390 5492 1490 5555 lirim.
1506 5513 1538 5555 n.
1556 5495 1644 5558 1701.
