3986 6350
307 584 365 642 loa

1005 575 1122 640 traua
1150 573 1228 638 Vlll.

296 766 399 828 rituali
414 766 505 828 saluti
521 766 711 842 conducunt,
728 772 873 828 concedit
883 765 967 846 juste
983 753 1092 826 eorum
1148 779 1222 823 vero
1237 763 1364 842 quando
1383 765 1419 826 tit
1431 782 1488 843 per
1500 765 1618 842 Bullas,
1635 767 1711 847 quia
1725 769 1798 830 tnnc
1810 763 1923 846 suffieit,

295 854 555 936 compositionem
573 855 605 916 in
627 855 826 917 conscientiae
848 855 927 934 foro,
944 854 1018 934 quin
1034 853 1090 914 bo·

296 960 409 1004 norum
423 943 550 1006 domina
565 942 784 1023 praejudicium
798 943 863 1004 fiat.

337 1029 487 1104 Quaeritur
503 1029 636 1108 aarum,
658 1029 830 1112 quibusnam
849 1029 981 1111 personis
998 1030 1090 1111 possit

294 1117 393 1180 valae
409 1120 575 1202 compositio
587 1139 642 1200 per
656 1117 773 1194 Baiias,
789 1127 841 1180 cut
862 1137 927 1179 eum
951 1117 1089 1180 Commis-

292 1207 397 1270 sorio?
412 1211 503 1288 llesp.
523 1207 648 1270 Cunctis
663 1207 778 1286 quibus
793 1206 929 1269 diximus
943 1206 1088 1269 vivorum

294 1295 417 1358 Rullum
429 1314 520 1375 posse
535 1295 640 1358 valere
655 1295 687 1354 in
703 1296 822 1356 cunctis
841 1294 981 1357 articulis
1001 1293 1088 1354 dubii

294 1382 407 1460 quarti,
423 1401 514 1463 posse
533 1383 628 1446 etiam
644 1383 747 1443 valere
762 1382 999 1461 compositionis
1013 1383 1089 1444 Bul-

291 1471 366 1548 lam,
379 1471 454 1551 quin
469 1471 653 1533 excludatur
662 1471 840 1546 defunctus,
853 1470 907 1549 qui
920 1473 992 1532 ante
1002 1489 1088 1532 mor-

293 1564 358 1620 tem
373 1559 507 1640 injunxit
520 1559 637 1621 baeredi
649 1576 705 1637 pro
717 1559 916 1620 exonerando
930 1558 1087 1620 conscien-

295 1647 359 1722 tia,
390 1649 424 1707 ut
451 1648 643 1709 necessarias
670 1646 904 1725 compositionis
933 1647 1089 1725 acciperet

296 1733 414 1797 Bullas.

337 1821 588 1897 Ouoerituidsrtio,
600 1824 771 1905 quitantiam
779 1825 908 1906 personis
916 1824 1011 1888 Bulla
1027 1824 1089 1885 liceo

294 1909 393 1972 ualere
406 1913 591 1994 conposuit?
613 1915 705 1991 Resp.
722 1914 784 1974 lllis
805 1933 868 1975 nnn
891 1913 1007 1989 valere,
1034 1913 1087 1993 qui

293 1998 325 2059 in
339 1999 455 2061 fiducia
468 2000 577 2077 Bullae,
591 2001 694 2062 aliena
707 2001 790 2064 bone
803 2004 1015 2081 usurparunt3
1031 2002 1087 2062 sed

293 2104 384 2165 posse
399 2088 504 2149 valere
525 2088 584 2165 his,
602 2091 655 2168 qui
670 2107 744 2150 oum
756 2089 873 2151 fidncia
886 2089 982 2151 uullae
998 2107 1088 2150 usur-

292 2182 417 2254 parunt.
431 2176 520 2248 Quod
535 2181 570 2238 ut
584 2177 739 2256 intelligas
752 2199 758 2238 :
772 2179 823 2239 ille
839 2178 870 2238 iu
884 2177 1001 2238 fiducia
1015 2177 1087 2239 Bul·

292 2262 330 2324 le
345 2263 518 2342 usurpavit,
536 2265 630 2344 quisi
653 2285 715 2326 nnn
737 2272 888 2344 speraret,
905 2283 938 2326 se
962 2282 1086 2343 compn-

292 2351 426 2414 aiturum
448 2352 583 2416 enbona
605 2373 662 2433 per
681 2354 811 2430 bullam,
828 2372 890 2415 non
905 2353 1086 2432 usurpavis-

291 2442 340 2501 set
353 2457 408 2513 ea;
425 2439 475 2500 ille
490 2459 565 2502 vero
581 2461 652 2503 cnm
667 2443 784 2504 fiducia
798 2443 894 2506 Rullae
909 2442 1082 2520 usurpavit,

292 2525 345 2605 qui
360 2531 464 2590 motus
485 2532 532 2590 est
546 2529 587 2590 ad
602 2532 783 2609 usurpanda
796 2531 881 2591 bona
894 2549 950 2609 per
964 2528 1085 2608 cupidi-

292 2633 375 2692 nem,
402 2621 458 2676 aut
480 2616 633 2679 motivum
656 2619 753 2694 aliud,
771 2619 845 2698 quia
859 2616 1001 2698 quamvis
1023 2636 1085 2678 non

292 2707 434 2781 speraret
456 2721 489 2764 se
512 2705 759 2785 compositurnm
782 2707 835 2767 illa
858 2706 952 2782 bona,
979 2709 1084 2766 tamen

292 2790 404 2851 eedem
424 2793 517 2854 modo
542 2794 766 2873 usurpavisset,
792 2794 936 2874 quamvis
958 2793 1085 2874 aliquod

292 2876 439 2940 habuerit
451 2880 603 2958 solamen,
622 2881 707 2961 quod
721 2900 779 2962 per
793 2882 916 2943 Bullam
930 2879 1085 2960 composi-

291 2963 367 3025 tioni
383 2965 620 3028 daretnrlocus.

331 3050 388 3112 llic
407 3053 635 3115 advertendum
659 3054 817 3135 estquod
839 3054 982 3135 quamvis
1000 3055 1085 3115 bona

291 3138 373 3198 male
397 3137 506 3200 habita
527 3141 560 3200 in
585 3141 700 3202 fiducia
729 3142 826 3202 aullae
858 3141 1003 3220 componi
1032 3162 1086 3203 ne-

292 3231 419 3305 queant,
427 3245 518 3305 posse
528 3232 633 3290 mutan
649 3229 769 3290 recurri
779 3229 1086 3292 adcommissarium

292 3313 475 3374 Generalcm
498 3332 555 3393 pro
576 3315 803 3394 compositione
820 3315 1014 3394 eorumdem,
1031 3316 1084 3396 qui

291 3404 394 3479 potest
408 3402 602 3464 committere
612 3404 708 3464 talem
722 3405 983 3482 compositionem
998 3405 1085 3485 Epis·

292 3504 382 3566 cepo,
400 3488 488 3570 cujus
502 3490 649 3552 facultate
664 3509 726 3553 non
742 3495 883 3554 coarctat
897 3492 1086 3556 Commissa-

291 3575 365 3638 rius.
382 3577 486 3640 Mend.
503 3577 809 3650 taenearum.

542 3876 741 3942 DUBIUM
783 3880 830 3943 11.

288 4067 331 4134 oe
347 4071 581 4155 particularibus
596 4073 727 4152 Casibus,
744 4075 777 4135 in
796 4093 868 4158 quos
891 4073 984 4138 Bulla
1006 4093 1084 4136 corn-

541 4163 695 4244 positr'cua's
713 4164 819 4224 intrat.

326 4369 440 4428 Decem
454 4372 486 4427 et
504 4370 574 4429 noto
589 4385 680 4429 casus
694 4367 904 4446 particulares
919 4369 1084 4448 assignan-

286 4459 347 4532 tur,
365 4453 525 4533 inquibus
547 4455 639 4517 Bulla
661 4455 898 4535 compositionis
921 4455 1018 4517 babet
1037 4455 1083 4518 lo-

286 4560 368 4603 cam.
394 4544 428 4602 ln
450 4542 564 4622 quibus
586 4542 743 4620 omuibus,
761 4542 824 4604 duo
846 4548 1081 4622 supponuntur,

287 4648 357 4709 quse
368 4629 435 4709 jam
449 4631 671 4692 animadversa
685 4631 910 4710 relinquimus:
928 4631 1077 4709 Primum,

288 4718 371 4796 qnod
386 4736 447 4778 non
471 4723 593 4780 constet
608 4720 646 4780 de
672 4719 800 4782 domiuo
825 4719 992 4798 bonorum,
1010 4737 1081 4799 quae

287 4810 526 4884 componuntur.
553 4807 747 4886 Secundum,
773 4808 859 4888 quod
880 4809 965 4871 iacta
988 4807 1084 4868 suerit

287 4893 394 4954 sedulo
406 4893 567 4973 diligentia
582 4895 774 4974 prudentum
785 4896 906 4977 judicio
922 4894 1082 4956 sufficiens

287 4985 444 5042 uteorum
458 4981 604 5042 dominns
619 4981 807 5045 inveniatur.
821 4987 855 5045 ln
867 4983 958 5046 Bulla
970 4981 1083 5044 Latina

287 5067 413 5129 additur
426 5087 446 5129 a
461 5070 608 5132 Pontifice
623 5071 686 5132 alia
700 5072 850 5150 conditio,
867 5089 980 5152 nempe
997 5071 1081 5151 quod

287 5156 442 5218 avolante
457 5176 490 5219 se
505 5176 694 5238 componere
711 5159 855 5239 exigatur
865 5159 1081 5240 juramentum

286 5243 371 5323 quod
393 5243 598 5308 sufficientem
622 5246 819 5326 diligentiam
843 5245 1023 5307 adhibuerit
1049 5243 1082 5305 iu

286 5330 456 5410 quaerendo
474 5333 629 5394 bonorum
645 5335 772 5396 domino
783 5339 815 5397 et
831 5339 899 5397 'uon
914 5333 1078 5396 invenerit.

286 5417 349 5478 Sed
382 5417 597 5497 juramentum
634 5420 694 5482 boc
729 5421 883 5484 duntaxat
920 5420 1080 5501 exigitur,

286 5502 411 5582 quando
426 5506 462 5566 ot
482 5506 665 5588 compositio
681 5526 754 5569 cum
768 5508 1001 5587 commissario,
1019 5529 1082 5573 uon

1147 850 1232 929 quod
1243 850 1313 930 quis
1328 851 1360 911 in
1374 852 1566 916 conscientia
1579 855 1638 916 sibi
1654 856 1926 938 persuadeat,quod

1144 938 1352 1000 sufficientem
1366 957 1475 1001 curam
1499 942 1531 1003 in
1553 942 1681 1004 domino
1697 945 1861 1024 querendo
1875 945 1925 1006 ba-

1143 1026 1259 1088 buerit.
1276 1027 1372 1089 latita
1387 1027 1418 1090 in
1432 1031 1522 1108 praxi
1537 1039 1700 1113 receptum
1715 1039 1773 1096 est.

1363 1333 1657 1397 ARTICULUS
1694 1335 1717 1396 l.

1163 1513 1207 1576 ne
1215 1517 1323 1597 primis
1335 1537 1386 1580 sca
1400 1518 1521 1597 casibus,
1538 1520 1592 1601 qui
1602 1528 1756 1600 pannutia
1770 1523 1801 1582 iu
1815 1521 1910 1582 Ralla.
1989 1483 1991 1600 i

1183 1727 1305 1788 Primus
1329 1747 1429 1791 casus.
1457 1731 1563 1793 Potest
1593 1732 1661 1794 fieri
1689 1733 1873 1812 compositio
1895 1733 1928 1795 de
1989 1735 1991 1808 J

1142 1814 1232 1876 bonis
1246 1817 1328 1878 male
1347 1817 1481 1881 obtentis
1496 1824 1527 1882 ct
1541 1820 1668 1897 habilia,
1685 1821 1725 1883 de
1749 1822 1883 1902 acceptis
1902 1829 1930 1882 et
1989 1821 1991 1900 ζ

1142 1903 1302 1984 acquisitis
1317 1925 1373 1985 per
1393 1907 1482 1968 lucra
1507 1914 1539 1971 ct
1558 1928 1682 1987 usuras,
1698 1911 1750 1972 vel
1765 1911 1824 1972 alin
1838 1911 1929 1992 quoli-
1989 1915 1991 1996 l

1143 1993 1199 2054 bet
1212 1993 1320 2070 modo,
1337 1993 1376 2071 si,
1395 1995 1479 2056 lacta
1499 1996 1665 2060 sufficienti
1687 1998 1860 2078 diligentia,
1875 2017 1928 2060 non

1142 2080 1376 2160 comparuerint
1395 2082 1525 2162 domini,
1552 2085 1668 2164 quibus
1687 2085 1829 2164 legitima
1849 2088 1929 2148 rest-i-
1989 2085 1991 2154 l

1141 2168 1219 2231 tutin
1235 2167 1302 2228 fieri
1318 2169 1443 2232 debeat.
1989 2173 1991 2236 i

1180 2256 1214 2316 ln
1230 2255 1290 2317 hoc
1304 2275 1378 2318 casu
1393 2258 1622 2322 advertendum
1646 2265 1705 2339 est,
1730 2262 1819 2342 quod
1831 2262 1929 2322 videa·
1989 2273 1991 2336 i

1139 2349 1192 2404 tur
1205 2343 1272 2404 dub.
1289 2348 1318 2421 7,
1335 2353 1374 2406 tr.
1391 2349 1422 2422 5,
1439 2347 1540 2408 iulii.
1557 2350 1587 2424 3,
1602 2367 1747 2428 summm,
1765 2350 1819 2411 nbi
1834 2351 1930 2430 agitur
1989 2345 1991 2404 l

1141 2431 1179 2493 de
1208 2451 1304 2494 usura
1327 2434 1407 2495 etin
1432 2435 1545 2515 quibus
1568 2437 1693 2498 casibus
1719 2437 1854 2500 debetur
1870 2437 1928 2518 ejus
1990 2501 1991 2516 ,

1141 2519 1306 2596 restitutio,
1323 2523 1438 2599 poterit
1459 2524 1644 2602 compositio
1664 2544 1723 2603 per
1744 2527 1868 2588 Bullam
1883 2527 1929 2586 ba·

1139 2606 1214 2667 bere
1230 2607 1343 2684 locum,
1360 2608 1455 2670 modo
1479 2610 1518 2670 dc
1538 2611 1685 2688 domino,
1707 2615 1758 2674 cni
1784 2613 1928 2676 restitutio
1989 2655 1991 2684 ÷

1140 2694 1284 2756 facienda
1303 2703 1396 2772 esset,
1416 2702 1488 2776 post
1511 2699 1708 2778 diligentiam
1731 2702 1930 2764 sufficientem
1989 2691 1991 2716 ⁴

1141 2799 1202 2843 non
1218 2783 1403 2861 constiterit,
1420 2804 1521 2866 neque
1545 2805 1649 2849 usurae
1671 2789 1809 2852 obtenta
1824 2789 1930 2851 inerint

1141 2868 1172 2929 in
1186 2870 1302 2932 fidncia
1314 2872 1425 2933 Bulla.
1442 2874 1532 2945 Quod
1548 2875 1632 2936 idem
1646 2877 1877 2941 advertendum
1890 2882 1930 2938 est

1140 2957 1171 3016 in
1187 2959 1315 3038 reliquis
1334 2959 1586 3042 quibuscumque
1608 2963 1745 3042 casibus,
1769 2985 1808 3026 ne
1826 2967 1930 3028 iterum

1140 3049 1282 3124 repetere
1297 3066 1459 3127 cogamur.

1180 3133 1318 3194 lliximus
1333 3137 1478 3214 componi
1493 3155 1585 3216 posse
1610 3137 1654 3215 id,
1678 3139 1765 3218 quod
1781 3140 1931 3203 obtinetur
1989 3141 1991 3148 '

1140 3241 1197 3301 per
1211 3221 1306 3298 lucro,
1323 3242 1394 3302 quie
1413 3230 1569 3304 exurgunt
1590 3245 1628 3286 ex
1643 3227 1929 3290 accommodatione

1140 3309 1297 3370 tractuum
1312 3305 1512 3372 obtentorum
1527 3331 1585 3391 per
1598 3332 1715 3392 usuras,
1732 3317 1821 3395 quod
1842 3314 1931 3376 resul·

1142 3399 1185 3457 tat
1199 3415 1236 3457 ex
1250 3399 1540 3461 accommodatione
1562 3402 1706 3480 pecuniae
1728 3403 1762 3464 in
1782 3403 1931 3486 signitica-

1139 3484 1223 3546 tione
1251 3486 1368 3562 stricta,
1391 3492 1422 3549 et
1439 3487 1472 3548 in
1491 3489 1556 3550 lata
1578 3490 1812 3569 significatione
1835 3493 1867 3552 in
1889 3509 1932 3552 ec

1140 3574 1391 3636 commodatione
1400 3575 1539 3655 cujusvis
1547 3578 1673 3640 mercis.
1686 3579 1833 3642 diximus
1845 3600 1852 3642 ι
1863 3578 1932 3655 One

1141 3661 1316 3724 lidetmndn.
1343 3663 1377 3724 ld
1395 3670 1443 3725 est
1463 3666 1557 3728 modo
1579 3665 1673 3728 simili
1691 3687 1808 3746 usnrae,
1826 3675 1932 3730 utmo·
1989 3709 1991 3726 .

1140 3751 1242 3813 hatra.

1180 3837 1343 3900 Secundus
1356 3857 1458 3902 casus.
1478 3842 1585 3904 Potest
1606 3843 1674 3905 fieri
1698 3843 1884 3923 compositio
1897 3841 1930 3902 da

1139 3927 1290 3989 fructibus
1313 3928 1538 3992 beneficiorum
1553 3935 1585 3993 et
1598 3932 1735 3994 aliorum
1759 3931 1930 3994 reddituum

1138 4016 1427 4080 Ecclesiasticornm
1442 4020 1523 4082 male
1538 4020 1654 4084 habitis
1670 4021 1712 4083 nb
1734 4021 1891 4084 defectum
1903 4020 1930 4080 in

1139 4105 1232 4166 Horis
1247 4105 1412 4168 Canoniois
1426 4107 1607 4170 recitandis.
1630 4107 1723 4172 Circa
1742 4109 1830 4189 quod
1845 4107 1931 4170 resol-

1138 4191 1246 4254 vitun:

1179 4281 1207 4340 l.
1225 4279 1315 4350 Quod
1331 4279 1458 4360 quando
1481 4279 1523 4342 ob
1541 4281 1699 4344 delectum
1719 4281 1754 4342 in
1779 4281 1930 4344 recitando

1137 4367 1173 4428 lit
1187 4365 1299 4427 borum
1312 4368 1468 4429 bonorum
1483 4371 1690 4450 compositio,
1706 4371 1879 4432 tribuenda
1892 4372 1931 4430 est

1137 4457 1226 4516 tanta
1239 4472 1313 4533 pare
1334 4455 1374 4516 ad
1399 4455 1552 4518 fabricam
1575 4458 1737 4536 Ecclesia,
1755 4458 1811 4520 ubi
1827 4457 1931 4520 estbe-

1138 4543 1295 4622 uelicium,
1313 4547 1433 4622 quante
1447 4544 1610 4624 Cruciatae,
1635 4565 1666 4606 v.
1689 4563 1723 4624 g.
1741 4545 1767 4606 si
1785 4545 1931 4624 accipitur

1138 4647 1194 4708 pro
1210 4623 1435 4709 compositione
1457 4633 1548 4694 Bulla
1570 4652 1652 4711 una,
1678 4633 1843 4695 tribuendi
1867 4635 1931 4693 sunt

1137 4717 1283 4780 Ecclesiae
1300 4722 1441 4799 argentei
1456 4720 1530 4800 duo,
1547 4721 1573 4784 si
1590 4721 1762 4784 duodecim
1778 4722 1876 4784 Bulla
1888 4738 1930 4782 ac·

1137 4807 1302 4886 cipiantur,
1319 4807 1429 4888 viginti
1451 4815 1589 4889 quatuor
1611 4810 1757 4890 argentei
1781 4807 1930 4872 tribuendi

1137 4899 1209 4956 sunt
1223 4897 1370 4958 ltcclesiae
1384 4901 1415 4960 et
1429 4898 1474 4984 sin
1490 4898 1784 4976 proportionaliter.

1176 4985 1206 5044 2.
1224 4981 1388 5053 Quianam
1411 4983 1530 5045 fructus
1555 4983 1699 5044 beneficii
1720 4985 1930 5066 percipiantur
1987 5002 1990 5023 ³

1137 5071 1232 5132 etiam
1247 5071 1315 5131 aliis
1330 5070 1426 5133 titulis
1447 5076 1478 5134 et
1502 5071 1748 5152 obligationibus
1764 5073 1930 5136 onerosisa

1136 5159 1318 5220 recitatione
1333 5158 1475 5237 diversis,
1488 5159 1561 5220 hinc
1585 5161 1631 5236 fit,
1644 5159 1748 5221 solum
1764 5159 1819 5222 hie
1832 5159 1928 5223 deberi

1136 5246 1364 5307 restitutionem
1379 5245 1419 5307 ob
1433 5246 1591 5308 delectum
1606 5246 1638 5306 in
1655 5246 1836 5326 recitando,
1852 5243 1928 5328 qued

1137 5332 1287 5394 recitandi
1303 5333 1390 5394 oneri
1404 5332 1640 5414 correspondet,
1661 5333 1773 5398 debita
1796 5342 1928 5416 spectatu

1136 5421 1348 5500 proportione.
1365 5422 1423 5485 Tb.
1441 5423 1535 5486 Sanc.
1547 5425 1643 5485 Henr.
1659 5429 1693 5485 et
1707 5423 1864 5488 ltlendad.
1880 5426 1924 5502 dl,

1137 5529 1167 5570 u.
1185 5513 1234 5587 25,
1251 5516 1403 5590 asserunt,
1420 5511 1610 5591 Episcopum
1629 5511 1768 5575 recitare
1793 5515 1927 5577 omitten-
