3974 6348
302 551 362 611 364
1023 545 1140 610 LIBER
1162 545 1226 608 Vll.

303 737 627 812 160611066666184,
641 735 843 814 completum,
857 734 1006 794 eredens:
1027 737 1053 794 l.
1066 732 1098 794 id
1151 737 1206 794 aut
1220 751 1277 811 per
1291 731 1521 793 contessionem
1534 731 1567 792 in
1581 733 1657 793 Jure
1672 731 1803 808 saetam,
1825 733 1873 792 sut
1883 749 1926 809 per
1981 729 1983 810 ζ

303 842 366 887 606
381 825 448 886 fore
462 824 602 904 graviter
616 824 758 884 illicitum
773 828 802 884 8.
824 823 1013 901 Episcopum
1037 821 1097 882 dis·
1151 821 1248 881 talem
1268 819 1313 880 rei
1337 820 1538 897 evidentiam,
1564 838 1634 900 quae
1659 820 1746 879 nulla
1766 818 1926 897 tergiversa-

303 918 518 992 pcnsaturum,
553 914 578 974 si
607 914 708 974 sciret.
727 917 756 976 3.
796 915 891 974 Posse
923 911 1097 990 computari
1153 909 1236 970 tione
1247 909 1341 969 celari
1352 909 1461 986 possit,
1475 926 1576 987 neque
1587 907 1690 969 officia
1701 906 1811 968 divina
1828 906 1925 985 peragi,

302 1007 426 1080 tempus
441 1002 654 1080 conceptionis
669 1019 744 1062 sucu.
762 1006 791 1062 4.
810 1001 850 1062 80
865 1018 955 1078 posse
972 998 1098 1060 ordina·
1153 1015 1254 1076 neque
1270 999 1475 1058 Sacramenta
1488 995 1605 1074 percipi
1628 999 1771 1074 possunt,
1799 993 1867 1073 quia
1886 995 1928 1054 lh·
1982 1017 1983 1072 }

303 1088 340 1166 ri,
358 1089 529 1152 dummodo
545 1109 602 1168 pro
620 1090 761 1171 legendis
784 1089 928 1168 primitiis
952 1093 1098 1166 expecta·
1152 1085 1247 1145 clesia
1260 1086 1419 1164 prohibet,
1436 1083 1482 1145 uti
1497 1084 1595 1144 rideri
1611 1087 1715 1162 potest
1729 1083 1818 1162 apud
1833 1082 1929 1161 Pigno
1978 1097 1983 1204 1

301 1182 350 1238 101
369 1183 493 1257 tempus
516 1182 554 1239 84
570 1197 725 1239 66601016
748 1178 985 1255 completorum.
1014 1176 1097 1249 (100-
1152 1176 1270 1234 0189.

301 1265 380 1324 ritur
393 1268 421 1325 l.
438 1283 478 1325 an
493 1264 620 1326 incursa
635 1265 674 1325 sit
689 1262 926 1342 irregularitas?
948 1267 977 1323 8.
996 1263 1028 1325 Si
1052 1263 1096 1322 in·
1190 1261 1208 1337 ἓ
1222 1262 1250 1320 3.
1269 1258 1383 1320 llistrio
1399 1259 1463 1319 sive
1478 1259 1564 1319 ludio
1581 1258 1725 1337 publicus
1744 1257 1929 1319 videturesse
1947 1261 1973 1304 ³⁴⁸

302 1369 405 1428 cursa,
431 1352 501 1430 quis
522 1352 562 1412 ah
587 1371 625 1413 ea
649 1353 830 1430 dispensare
853 1351 970 1430 possit?
992 1353 1021 1411 3.
1049 1353 1095 1411 An
1151 1347 1347 1425 irregularis,
1378 1346 1452 1425 quia
1479 1364 1588 1406 omnes
1611 1347 1687 1407 Jure
1709 1345 1795 1406 cirili
1820 1345 1930 1407 insanies

305 1440 460 1502 Sacerdos
473 1439 536 1516 illc,
554 1441 675 1520 quoties
699 1441 825 1502 Missam
848 1439 934 1518 legit,
959 1440 1097 1518 peccarit
1152 1435 1245 1495 etiam
1267 1440 1340 1496 sunt
1363 1434 1495 1495 infames
1516 1437 1532 1496 l
1538 1453 1591 1494 ure
1616 1434 1788 1510 66106100,
1814 1437 1847 1494 01
1864 1441 1930 1496 reete

302 1517 486 1588 mortaliter.
503 1530 533 1586 4.
550 1529 597 1587 An
613 1528 638 1587 si
663 1526 756 1588 tuerit
777 1527 969 1605 irregularis,
996 1529 1096 1586 stante
1151 1525 1260 1600 Laym,
1278 1522 1300 1582 t.
1320 1527 1348 1598 1,
1364 1531 1404 1582 tr.
1421 1525 1451 1598 5,
1463 1542 1496 1602 p.
1513 1525 1543 1598 5,
1561 1541 1586 1584 e.
1603 1527 1633 1598 4,
1653 1542 1682 1582 6.
1700 1526 1729 1594 8;
1743 1522 1787 1584 010
1801 1522 1930 1584 enimba-

302 1615 355 1676 illa
369 1633 452 1676 nunc
466 1616 564 1694 possit
584 1616 671 1694 fungi
695 1616 796 1676 officio
821 1615 1018 1691 sacerdotali,
1046 1635 1097 1674 us·
1151 1609 1206 1670 bet
1221 1610 1341 1686 Regula
1356 1610 1515 1671 Generalis
1529 1608 1684 1670 Hadriani
1695 1607 1791 1690 Paper
1812 1629 1889 1670 caasa
1906 1614 1929 1684 6,

302 1702 440 1784 quadum
462 1703 728 1782 dispensationem
748 1703 911 1766 obtineat?
935 1703 1097 1783 despondeo
1151 1719 1180 1778 q.
1199 1702 1228 1759 1.
1247 1699 1350 1759 Omnes
1365 1697 1490 1778 infames
1503 1718 1560 1759 esse
1574 1699 1710 1769 dicimus,
1726 1717 1799 1780 quos
1812 1699 1930 1780 lepesnr

302 1790 343 1853 ad
352 1795 380 1852 1.
397 1791 547 1852 Praesumi
562 1791 718 1852 incussam
734 1811 802 1852 esse
817 1792 1094 1870 irregularitatem,
1152 1787 1215 1847 culi
1228 1787 1352 1866 infames
1365 1788 1539 1868 appellant:
1553 1787 1638 1868 atqui
1655 1788 1770 1848 Histrio
1780 1789 1799 1849 J
1804 1807 1855 1849 ure
1864 1789 1929 1848 cirili

302 1882 366 1942 imo
381 1885 413 1942 et
426 1879 673 1958 suspensionem,
691 1881 764 1960 quia
778 1881 809 1939 in
824 1880 878 1940 tali
887 1898 1023 1959 persona
1033 1898 1094 1937 nan
1151 1882 1198 1935 est
1212 1876 1347 1954 infamis,
1365 1876 1480 1956 nam‘ff.
1495 1876 1517 1937 t.
1534 1879 1564 1952 3,
1582 1877 1681 1952 11118,
1698 1875 1734 1935 de
1746 1875 1803 1954 110,
1819 1877 1868 1958 qai
1881 1887 1928 1936 nat.

302 1968 503 2046 praesumitur
517 1967 693 2046 ignorantia
707 1973 771 2028 tam
785 1968 859 2027 clari
877 1967 1000 2038 etobrii
1011 1969 1027 2028 J
1033 1967 1096 2027 uris
1151 1964 1261 2042 infant.
1279 1963 1399 2044 Legem.
1416 1968 1445 2041 1,
1463 1965 1507 2025 010
1521 1964 1657 2024 habetur
1672 1983 1679 2024 ε
1697 1964 1843 2024 Praetoris
1860 1963 1931 2022 00110

302 2055 397 2117 161000
412 2055 635 2118 invincibilem.
656 2054 704 2116 Ad
713 2060 742 2117 8.
754 2055 801 2116 Ab
812 2073 850 2116 06
867 2055 1095 2133 irregularitate
1151 2051 1262 2119 dicunt,
1280 2053 1408 2132 infamia
1423 2061 1580 2114 natatur...
1597 2052 1651 2133 qui
1661 2050 1930 2130 artistndieroepna
1979 1969 1983 2146 1

303 2151 335 2205 01
348 2145 552 2223 suspensione
568 2146 689 2206 occulta
700 2145 861 2205 absolvere
872 2147 1097 2222 6000661666-
1150 2141 1343 2202 urantiandiue
1356 2161 1443 2203 causa
1458 2142 1489 2201 in
1502 2160 1615 2201 scenam
1629 2138 1789 2222 prodierit.
1809 2139 1852 2201 16.
1873 2140 1891 2200 t.
1906 2144 1928 2214 8,
1981 2155 1983 2244 Ι

302 2232 375 2310 1160,
393 2233 575 2311 Episcopus,
592 2232 734 2294 Vicarius
748 2233 915 2312 generalia.
932 2231 982 2291 Ad
993 2235 1023 2293 3.
1043 2231 1096 2292 Af·
1150 2231 1169 2308 6
1190 2231 1236 2290 ait
1258 2231 1385 2298 Praetor,
1410 2231 1465 2311 qui
1483 2231 1515 2290 in
1529 2248 1641 2290 scenam
1654 2226 1813 2309 proficerit,
1829 2227 1930 2307 insanis
1981 2245 1983 2310 1

302 2320 456 2382 firmative
471 2340 527 2400 per
541 2339 573 2381 se
587 2321 756 2401 loquenda.
774 2319 824 2380 Aa
843 2324 871 2382 4.
889 2323 956 2381 Ν66
982 2323 1093 2398 potest,
1151 2315 1929 2398 0018010006,111106001011011,0610161110060
1981 2327 1983 2390 t

305 2409 381 2489 quia
394 2409 505 2470 saltem
519 2427 688 2488 suspensus
703 2413 760 2485 est,
774 2409 881 2468 010116
894 2408 1096 2487 suspensione
1150 2407 1352 2487 faciendorum
1368 2427 1453 2468 eausa
1463 2407 1590 2488 quotibet
1605 2407 1678 2484 loco,
1697 2406 1750 2467 uti
1764 2407 1831 2487 quis
1843 2405 1930 2466 006010
1981 2391 1983 2490 t

303 2503 448 2560 exerceat
460 2502 565 2559 actum
581 2497 705 2560 Ordinis
719 2498 766 2558 sui
783 2501 893 2574 peccat
912 2502 943 2558 et
966 2495 1098 2557 incurrit
1152 2504 1195 2556 tat
1222 2506 1437 2577 accusatorque,
1464 2495 1663 2576 spectaculum
1686 2496 1736 2556 sui
1752 2495 1927 2575 prebiturus.
1981 2503 1983 2540 t

302 2605 417 2649 novam
431 2585 705 2665 irregularitatem.
1146 2585 1244 2667 posita
1266 2586 1302 2645 sit
1326 2587 1356 2646 in
1379 2585 1503 2666 pirhtico
1523 2586 1680 2665 priuato-ee
1698 2583 1745 2645 cet
1759 2585 1788 2644 iri
1803 2583 1871 2651 oica.
1885 2599 1930 2663 pue

234 2702 276 2746 m
346 2676 453 2751 Quoest.
470 2678 519 2737 68.
535 2709 576 2720 -
592 2674 674 2752 Quid
685 2674 849 2736 addendum
864 2676 902 2736 sit
915 2673 1096 2755 circadefce·
1151 2683 1246 2734 tamea
1262 2675 1322 2734 loco
1331 2676 1444 2756 passim
1459 2675 1586 2734 homines
1599 2674 1772 2755 spectaculis
1792 2691 1876 2734 causa
1887 2669 1931 2731 ad·

308 2773 371 2826 tum
387 2763 502 2824 ratione
515 2761 671 2843 infamiae?
686 2765 755 2842 lt.§
780 2768 807 2826 1.
835 2765 915 2836 Ouid
938 2763 978 2824 sit
1000 2763 1094 2839 fama,
1151 2763 1318 2824 mittuntur.
1335 2762 1398 2822 Eos
1412 2763 1527 2825 enim...
1545 2781 1640 2823 omnes
1650 2773 1777 2843 propter
1791 2761 1929 2843 premium
1981 2783 1983 2876 1

303 2851 379 2930 quid
392 2850 521 2912 infamia
543 2852 606 2912 dixi
621 2853 642 2913 l.
667 2855 696 2929 4,
724 2871 754 2912 6.
779 2856 856 2926 186,
883 2852 1097 2930 irregularitas
1153 2849 1184 2910 in
1198 2869 1310 2910 scenam
1324 2850 1500 2930 prodeuntes
1514 2851 1640 2931 famosos
1657 2869 1724 2918 esse,
1751 2850 1888 2931 Pepasor,
1908 2857 1929 2907 et
1981 2877 1983 2946 J

303 2941 408 3000 autem
423 2956 461 2998 ex
474 2938 604 3000 infamia
618 2939 778 3000 reducitur
792 2940 833 3000 ad
851 2939 1097 3018 irregularitates
1152 2937 1251 2998 therua
1270 2937 1352 3018 fitius
1366 2938 1586 3020 responderunt.
1612 2937 1714 3000 Iltiam
1738 2937 1854 2999 directe
1876 2938 1929 3014 ipso

303 3027 927 3109 0111010010,001616161616001110100160
951 3027 1031 3088 dorice
1050 3028 1098 3104 sa·
1152 3029 1227 3088 lure
1250 3027 1405 3088 Canonieo
1421 3027 1567 3087 videntur
1588 3024 1756 3086 histriones
1780 3043 1846 3086 esse
1867 3023 1930 3084 inta-
1981 2949 1983 3096 1

303 3133 371 3193 mcc,
388 3114 440 3195 qui
456 3116 522 3176 sine
537 3115 649 3176 delicto
665 3135 732 3176 esse
743 3121 854 3194 potest.
1153 3133 1230 3190 mea,
1248 3117 1279 3174 et
1292 3117 1520 3192 consequenter
1534 3112 1734 3191 irregulares,
1748 3131 1832 3173 narn.
1844 3131 1867 3173 0.
1879 3110 1929 3171 110-
1981 3119 1983 3244 p

236 3228 275 3272 na
341 3202 1098 3282 §hadinducendampropriedietamirrogu-
1152 3202 1300 3270 ritumd.
1317 3206 1367 3278 33,
1384 3203 1539 3279 statuitur,
1566 3201 1785 3263 Ctera'cnmnon
1808 3201 1930 3262 ordinan-
1981 3245 1983 3286 Ι

301 3291 458 3352 laritatem
472 3309 535 3352 non
550 3290 664 3351 sufficit
678 3291 807 3352 infamia
822 3291 981 3370 popularis
1003 3292 1097 3352 etiarn
1153 3291 1260 3353 ditm...
1277 3293 1332 3373 qui
1345 3292 1376 3351 in
1390 3311 1473 3352 scena
1484 3291 1582 3352 lusisse
1595 3291 1786 3371 dignoscitur.
1806 3291 1892 3353 Causa
1904 3293 1927 3362 1,
1981 3287 1983 3292 ’

302 3377 438 3458 publiea,
467 3377 523 3439 sed
550 3378 719 3458 requiritur
745 3379 853 3458 legalis
877 3385 908 3440 et
922 3379 1095 3456 Canoniea,
1153 3401 1181 3461 q.
1200 3383 1228 3455 1,
1245 3399 1270 3441 0.
1290 3381 1347 3457 l,§
1365 3383 1394 3440 8.
1417 3381 1522 3439 Omnes
1543 3379 1633 3439 etium
1659 3378 1794 3458 infamia
1816 3378 1930 3438 0106616

303 3485 373 3546 quae
383 3466 502 3528 scilieet
516 3485 554 3526 ex
567 3469 643 3529 lure
659 3469 816 3529 canonico
832 3469 881 3528 vel
896 3469 957 3529 alio
973 3471 1097 3547 60166-
1152 3469 1268 3550 aspersi,
1285 3469 1378 3537 idest,
1394 3469 1583 3530 lristrnnucs...
1599 3467 1635 3528 ab
1649 3469 1827 3529 accusatione
1841 3465 1930 3549 prali-

303 3571 402 3615 nones
415 3555 601 3634 approbato,
618 3555 668 3616 rel
683 3574 722 3616 ex
737 3555 893 3616 sententia
906 3557 923 3618 J
928 3557 1026 3618 udicis
1040 3559 1099 3618 llo-
1154 3557 1268 3625 deutur.
1288 3557 1361 3638 t'ap.
1378 3561 1428 3618 46.
1445 3557 1506 3618 Pro
1520 3557 1687 3634 dilectione,
1713 3557 1758 3618 De
1780 3574 1882 3615 consu.
1902 3551 1926 3611 d.

303 3641 467 3704 elesiastici
483 3647 563 3720 orta,
581 3645 709 3704 allectus
723 3645 859 3705 morales
878 3644 1030 3706 stabiliter
1050 3645 1099 3704 in·
1153 3649 1181 3706 8.
1201 3645 1414 3706 Conantendum
1429 3665 1473 3705 me
1486 3645 1694 3705 existimasti...
1721 3640 1929 3724 0011116116ϊὶ-

303 3730 410 3808 ducat,
427 3730 595 3792 11661606
611 3749 668 3809 per
681 3733 753 3792 vitat
763 3731 1029 3806 emendationem
1042 3733 1097 3793 sed
1152 3732 1257 3794 dentur
1270 3732 1305 3793 de
1317 3733 1492 3794 la'strione...
1510 3751 1548 3792 aa
1564 3731 1635 3792 talis
1645 3731 1746 3792 debeat
1756 3729 1928 3792 communice-
1981 3727 1983 3766 ἶ

301 3838 359 3902 per
374 3819 474 3880 solam
493 3819 639 3880 Ecclesiae
662 3820 927 3899 dispensationem
950 3822 1094 3893 tollatur3
1153 3839 1185 3880 re
1199 3821 1348 3880 nobiscum
1367 3821 1474 3901 :quod
1490 3839 1541 3901 epo
1550 3827 1624 3901 pato
1638 3839 1690 3880 nee
1703 3817 1854 3901 Majestatr'
1866 3815 1929 3877 diui·
1981 3857 1983 3900 ,

302 3909 347 3969 nti
363 3908 476 3989 probat
491 3909 581 3970 Suar.
599 3907 629 3970 d.
645 3913 695 3986 48,
711 3928 734 3969 s.
753 3913 768 3970 1
793 3919 820 3970 01
838 3913 867 3985 8,
884 3909 957 3970 hinc
975 3911 996 3972 1.
1016 3915 1045 3987 6,
1063 3929 1094 3989 p.
1152 3908 1929 3990 00,60080069011001110011111010006910066160-
1982 3915 1983 3968 ἶ

302 3999 332 4073 3,
350 4013 382 4057 6.
399 3997 470 4072 816,
486 3995 549 4056 dixi
565 3995 718 4057 Clericum
729 4014 790 4057 non
801 4015 869 4057 esse
879 3996 1095 4077 irregularem,
1152 3996 1210 4056 dor
1220 4007 1247 4057 et
1259 3997 1353 4057 honor
1371 3996 1509 4058 acclesiae
1522 4005 1583 4058 tam
1597 3997 1691 4077 turpi,
1712 4005 1741 4056 et
1756 3993 1927 4076 1010011006-
1982 3987 1983 4010 l

303 4084 357 4164 qui
373 4084 416 4144 ab
431 4083 780 4162 incompetentetudiee
794 4084 873 4146 laico
889 4087 921 4146 in
936 4091 1097 4148 conturna·
1152 4085 1267 4166 capione
1279 4085 1416 4166 studetur.
1441 4085 1530 4146 Hinc.
1549 4085 1620 4165 Cap.
1646 4084 1768 4146 Honore
1789 4089 1819 4160 7,
1843 4080 1870 4144 d.
1886 4083 1927 4154 86,
1981 4081 1983 4166 l

302 4173 384 4234 ciam
399 4171 626 4233 condemnatus
638 4177 695 4248 ost,
709 4172 829 4234 01161601
841 4172 1097 4234 occasioneillius
1152 4173 1265 4234 dicitur
1282 4193 1288 4233 :
1305 4174 1421 4234 Ilouare
1433 4193 1486 4236 sua
1499 4171 1691 4234 histrionibus
1705 4173 1808 4235 uitium
1825 4180 1863 4232 est
1885 4167 1928 4230 in·
1981 4167 1983 4240 l

302 4258 424 4338 injuste
439 4259 601 4320 sententiae
614 4262 688 4320 nata
702 4260 740 4321 sit
756 4261 783 4320 ei
808 4261 939 4321 infamia
958 4260 1093 4340 publica.
1151 4281 1245 4329 naaria,
1262 4283 1318 4322 000
1330 4262 1435 4324 uirtus.
1981 4261 1983 4374 1

301 4346 426 4407 Etlicet
440 4347 509 4426 quis
523 4346 653 4407 erimine
668 4347 777 4408 infami
801 4353 967 4410 accusatus
990 4349 1094 4425 fuerit,
1190 4352 1208 4428 ἓ
1228 4355 1257 4411 4.
1284 4354 1343 4411 Per
1362 4351 1528 4411 histriones
1550 4350 1618 4426 hos,
1645 4368 1724 4430 quos
1747 4352 1823 4412 Jura
1837 4347 1929 4409 (110661
1947 4347 1983 4420 ⁵⁸⁵,

302 4451 364 4492 non
379 4433 450 4493 ideo
466 4433 589 4494 infamis
605 4435 725 4495 censeri
740 4435 844 4512 debet,
863 4436 920 4496 nisi
944 4436 1029 4514 apud
1052 4436 1096 4497 vi·
1151 4439 1292 4515 infames,
1310 4438 1565 4516 intelligebantur
1579 4439 1654 4498 olim
1667 4438 1725 4515 illi,
1739 4439 1833 4519 quise
1843 4432 1928 4516 pretia
1981 4423 1983 4496 1

301 4539 353 4581 100
384 4520 531 4581 honestos
555 4526 585 4582 et
609 4523 724 4599 probos
753 4524 869 4583 lainam
897 4522 964 4604 ejus
988 4525 1097 4586 laesam
1151 4527 1368 4588 conducebant
1383 4527 1422 4587 ad
1437 4527 1648 4604 spectaculum
1671 4526 1718 4586 sui
1742 4525 1874 4604 eorporis
1886 4541 1929 4582 er·
1981 4499 1983 4574 1

304 4627 371 4670 0000
386 4609 519 4682 0016161;
533 4611 619 4670 11001.
632 4611 716 4689 apud
728 4611 835 4676 Dian.
847 4615 915 4674 364.
927 4615 992 4674 hno
1004 4629 1095 4673 nemo
1152 4615 1337 4691 hibendum,
1355 4615 1419 4676 sive
1436 4613 1488 4693 qui
1513 4615 1660 4675 obsemna
1683 4615 1807 4692 publice
1829 4625 1929 4690 repra·
1981 4645 1983 4702 ,

302 4701 448 4758 censetur
462 4697 595 4757 civiliter
608 4697 744 4774 infamis,
761 4699 1096 4760 doneeeondemnatus
1151 4703 1326 4776 sentahan{;
1344 4705 1443 4765 Castr.
1461 4702 1490 4764 d.
1508 4707 1538 4780 6,
1552 4723 1582 4783 p.
1595 4706 1645 4778 86,
1661 4723 1692 4763 0.
1711 4707 1741 4781 6,
1755 4705 1893 4780 ethaym.
1902 4717 1926 4756 6.
1982 4703 1983 4750 l

301 4785 352 4862 sit,
370 4784 392 4846 t.
413 4788 441 4861 l,
458 4783 493 4862 ts.
510 4783 545 4845 de
559 4783 615 4852 ln's,
640 4786 695 4865 qui
715 4795 871 4865 notantur,
889 4789 979 4849 Suar.
997 4787 1027 4848 d.
1045 4792 1094 4864 48,
1152 4797 1181 4867 4,
1198 4791 1274 4851 dicit
1288 4791 1356 4851 illos
1367 4791 1533 4852 histriones
1543 4810 1610 4852 esse
1630 4791 1775 4868 infames,
1785 4788 1929 4869 quiinpu-

302 4892 326 4934 s.
345 4877 373 4950 l,
389 4893 421 4936 n.
437 4877 487 4949 88,
504 4873 647 4952 quamvis
662 4875 855 4936 contradicat
869 4878 946 4954 Lug.
964 4876 995 4935 in
1010 4875 1093 4956 Itesp.
1151 4879 1240 4939 blicis
1255 4879 1411 4940 obscoenis
1422 4879 1609 4958 spectaculis
1620 4885 1738 4957 agunt;
1752 4879 1831 4941 unde
1841 4877 1928 4936 dicen·

302 4980 378 5024 mor.
397 4962 419 5022 l.
436 4967 466 5037 8,
482 4959 551 5022 dub.
570 4965 618 5022 18.
636 4962 714 5023 Η160
725 4963 860 5025 Clericus
869 4964 963 5024 etiam
973 4964 1097 5042 publice
1153 4967 1238 5044 dum,
1256 4969 1281 5028 si
1297 4967 1445 5028 obseoena
1461 4985 1522 5028 non
1540 4973 1660 5046 ageret,
1679 4985 1742 5028 non
1754 4963 1928 5029 incurrerent
1981 5021 1983 5036 ,

302 5049 545 5112 concubinarius
559 5067 621 5111 non
637 5050 707 5112 ideo
723 5055 769 5112 est
782 5051 973 5131 irregularia,
986 5053 1030 5114 uti
1043 5054 1097 5114 ha·
1151 5053 1425 5132 irregularitatem.
1453 5053 1515 5115 Sed
1539 5053 1699 5115 ordinarie
1723 5043 1928 5116 0600166601-
1982 5045 1983 5080 1

300 5139 356 5200 bet
371 5138 571 5200 communior
585 5156 656 5199 eum
670 5142 778 5217 haym.
797 5143 886 5202 Garz.
904 5141 991 5220 Pign.
1018 5151 1039 5203 t.
1065 5147 1095 5220 9,
1152 5145 1235 5217 sant,
1253 5139 1371 5200 attalia
1386 5145 1638 5217 ρ160001666161;
1657 5141 1730 5202 hine
1745 5140 1880 5202 videntur
1893 5134 1926 5193 le

303 5245 382 5288 cons.
401 5229 471 5302 139,
488 5223 1097 5300 0061860101.01611006611116101116
1152 5247 1207 5308 ges
1222 5228 1404 5306 simpliciter
1417 5228 1496 5288 tales
1512 5228 1643 5288 reddere
1658 5228 1798 5290 insamae.

302 5315 362 5375 hoc
379 5315 536 5390 statuitur,
554 5319 585 5375 et
599 5313 695 5392 ipsius
710 5315 837 5376 infamia
852 5333 913 5376 non
936 5321 982 5377 est
1000 5317 1094 5394 luris,
1191 5317 1209 5395 ξ
1235 5319 1265 5377 a.
1299 5315 1515 5395 lrregularitas
1539 5335 1576 5376 ex
1598 5315 1738 5391 infamia,
1762 5314 1785 5375 si
1808 5313 1846 5375 sit
1870 5309 1925 5386 ipso
1943 5315 1973 5364 16

300 5403 439 5464 sedlaeti
451 5409 584 5480 tanturn,
597 5422 666 5482 quae
679 5404 860 5482 tolliturper
870 5407 1093 5484 paenitentiam.
1151 5409 1167 5468 J
1173 5424 1237 5482 uro,
1251 5406 1299 5464 vel
1314 5423 1370 5482 per
1384 5405 1570 5465 sententiam
1585 5406 1602 5466 J
1606 5405 1705 5466 udicis
1723 5403 1854 5478 inducta,
1874 5410 1925 5456 11⁰ss

299 5493 325 5554 A
341 5489 562 5553 concubinarie
579 5496 687 5552 tamen
703 5492 825 5554 notorie
840 5511 897 5572 per
911 5493 1095 5556 sententiam
1154 5494 1272 5555 tollitur
1287 5513 1343 5572 per
1366 5492 1591 5572 paenitentiam,
1610 5512 1667 5556 nec
1691 5511 1746 5574 per
1767 5492 1926 5572 ingressum
