3986 6350
602 563 655 626 un
681 559 845 625 OFFlGllS
873 557 1142 623 CONFESSARH.
1628 556 1690 624 155

61 749 105 830 661
125 748 163 809 ad
194 765 270 809 eum
291 747 446 810 vocantur
471 765 478 808 :
503 764 566 809 nou
589 749 695 810 tamen
717 745 844 826 expedit
897 744 1104 817 turasiut;et
1117 743 1142 804 si
1157 743 1322 806 commode
1336 743 1404 808 lteri
1418 749 1534 825 posset,
1547 744 1588 808 ad
1603 761 1689 808 exer·

60 835 234 916 prenitentes
248 834 354 897 statim
368 835 409 896 ad
423 834 455 897 id
470 833 642 912 stimulare,
659 853 698 895 ne
712 833 843 895 idoneos
896 832 970 894 citis
984 831 1158 910 spiritualia
1180 835 1285 892 essent
1306 831 1495 906 inducendi;
1521 833 1572 896 vel
1595 834 1691 912 66661

60 923 185 1004 quidem,
202 921 280 1002 quia
302 922 391 985 multi
415 941 453 984 eo
466 921 570 1002 magis
593 921 763 1002 refugiunt,
780 940 843 1003 quo
898 921 1002 979 essent
1025 918 1186 997 dispositi,
1210 918 1252 981 ad
1266 999 1269 1004 Ι
1284 919 1403 998 optima
1425 939 1558 1002 quaeque
1581 921 1690 1001 impel-

60 1011 149 1090 magis
162 1011 221 1072 sibi
236 1010 421 1090 persuaderi
436 1010 468 1070 id
483 1009 631 1072 sentiunt.
896 1003 991 1066 lendi.
1018 1005 1050 1068 Si
1074 1009 1179 1068 tamen
1211 1005 1441 1069 animadvertat
1471 1009 1625 1071 Sacerdos
1645 1008 1691 1072 ita

94 1101 242 1162 Securum
256 1101 428 1160 esttamen
448 1097 628 1174 huiusmodi
643 1098 787 1161 homines
801 1097 842 1159 ad
898 1092 1093 1172 dispositum,
1111 1099 1146 1155 ut
1168 1094 1316 1172 expedire
1337 1093 1458 1175 judicet
1478 1097 1519 1157 ad
1543 1093 1690 1158 consilio·

59 1186 236 1269 perfectiora
249 1190 282 1249 et
296 1186 389 1248 saluti
402 1187 553 1248 viciniora
566 1187 705 1264 trahere,
722 1190 753 1248 et
768 1203 840 1248 cum
896 1197 967 1240 rom
981 1179 1080 1242 vitam
1102 1198 1175 1242 cum
1196 1180 1345 1244 inducere
1362 1200 1368 1242 :
1393 1183 1590 1246 occasionem
1607 1181 1690 1244 elabi

60 1275 232 1338 dexteritate
264 1275 304 1336 de
333 1274 589 1355 inspirationibus
620 1275 676 1338 Dei
708 1275 844 1337 interro-
895 1268 934 1330 de
949 1269 1094 1332 manibus
1110 1287 1173 1331 non
1188 1270 1290 1344 sinat;
1310 1271 1360 1332 vel
1374 1271 1414 1332 ad
1430 1271 1622 1352 colloquium
1635 1289 1690 1332 ex·

59 1383 136 1444 gare,
152 1363 238 1425 61666
251 1362 477 1442 perfectionem
491 1366 523 1425 et
535 1366 651 1424 statum
666 1363 738 1425 vitoe
754 1381 842 1424 assu-
895 1360 945 1419 166
974 1356 1206 1419 confessionem
1237 1357 1359 1422 invitet.
1387 1359 1447 1422 Sed
1473 1359 1626 1422 hactenus
1649 1359 1688 1422 de

61 1452 212 1512 mendum.
230 1451 261 1514 Si
286 1450 425 1511 66611661
447 1449 479 1511 16
502 1468 535 1510 66
550 1451 682 1531 6116666,
699 1470 739 1512 66
754 1450 840 1512 surdi
896 1444 1012 1506 Officiis
1039 1445 1235 1523 confessarii,
1259 1450 1352 1524 66661
1378 1446 1490 1510 Medici
1520 1463 1689 1526 personam

60 1540 114 1601 sint
133 1541 172 1602 ad
195 1539 395 1602 vocationem
427 1539 550 1601 Domini
577 1559 584 1602 ε
610 1541 725 1604 vocabis
747 1559 792 1602 me
814 1547 843 1600 et
895 1531 999 1612 gerit:
1023 1536 1120 1595 restat
1143 1533 1337 1596 utbreviter
1361 1538 1393 1597 et
1413 1535 1580 1614 perpaucis
1601 1535 1690 1598 dica-

60 1647 105 1708 666
123 1625 297 1708 medeba
321 1627 386 1689 tibi.
415 1628 469 1688 Sin
495 1645 570 1690 vero
594 1628 706 1705 nullas,
732 1629 842 1690 admo·
895 1621 1019 1682 musde
1042 1620 1090 1698 iis,
1112 1639 1182 1702 quae
1196 1627 1346 1701 praestare
1361 1623 1455 1686 debet
1475 1622 1689 1686 confessarius

11 1767 12 1770 ,
59 1715 140 1776 nendi
156 1719 229 1776 sunt
251 1733 289 1776 66
312 1714 500 1776 dehortandi
521 1718 557 1776 ut
579 1733 612 1776 se
626 1720 753 1795 paratus
767 1717 842 1777 offe·
895 1709 1158 1788 postabsolutum
1174 1713 1425 1774 Sacramentum.

60 1805 203 1865 66611166
227 1803 269 1864 ad
293 1803 411 1880 omnia,
427 1821 497 1883 666
513 1802 570 1882 1661
592 1803 771 1883 gratissima
793 1803 842 1864 fu-

690 2507 1053 2616 APPENDIX

12 2805 13 2808 ¹
58 2875 169 2960 111118
200 2875 290 2965 OUAE
312 2875 522 2961 PRAESTARE
555 2877 680 2962 uacat
712 2876 993 2962 centustatus
1027 2875 1686 2962 666116661666661661666166

92 3290 234 3352 Revocari
257 3292 389 3368 possunt
411 3289 452 3350 ad
473 3289 535 3350 duo
559 3290 673 3368 capita.
696 3291 836 3352 Primum
892 3290 1009 3364 nuerit3
1039 3290 1088 3352 vel
1113 3289 1157 3352 illi
1177 3308 1245 3352 esse
1269 3289 1498 3353 restituendum
1520 3308 1687 3370 perperam

59 3375 91 3436 de
112 3377 264 3439 erroribus
288 3395 367 3456 quos
391 3376 548 3456 corrigere
564 3383 595 3437 et
618 3377 790 3439 defectibus
805 3378 836 3438 in
891 3379 1126 3459 significaverit,
1143 3379 1271 3458 aliaque
1286 3378 1466 3458 hujusmodi
1480 3378 1560 3440 bene
1575 3378 1684 3442 multa.

60 3465 312 3527 administratione
333 3465 527 3527 Sacramenti
541 3465 735 3527 Paenitentia
750 3483 836 3526 com·
931 3470 960 3528 2.
991 3467 1047 3529 Vel
1072 3469 1100 3528 1.
1134 3466 1295 3528 Poenitens
1322 3467 1448 3546 ignotus
1481 3465 1608 3530 omnino
1641 3470 1688 3530 est

58 3552 156 3628 missis,
180 3571 257 3632 6666
288 3553 434 3632 66661666
457 3555 582 3614 tenetur
604 3553 831 3615 confessarius.
891 3553 1100 3632 confessario,
1118 3553 1686 3634 6611666(1166666166666666616616

58 3641 220 3701 Secundum
233 3641 273 3702 de
288 3639 507 3702 observatione
522 3641 646 3718 secreti,
667 3659 725 3704 seu
741 3641 780 3704 de
795 3641 837 3702 si·
889 3642 951 3702 buc
965 3659 1159 3702 6666666666.
1176 3643 1268 3703 Tunc
1291 3640 1443 3704 autemid
1466 3659 1565 3702 unum
1577 3660 1688 3721 super·

59 3728 123 3808 gillo
136 3728 351 3792 confessionis.
890 3733 938 3791 est
960 3729 1166 3806 confessario,
1183 3734 1218 3791 ut
1243 3747 1312 3790 rem
1326 3733 1425 3791 totam
1448 3727 1563 3792 divinae
1577 3729 1686 3792 Provi-

406 3851 425 3930 ἓ
447 3854 460 3912 4
892 3817 1005 3879 dentiae
1029 3817 1221 3894 committat,
1238 3821 1269 3880 et
1292 3834 1331 3878 ne
1355 3834 1443 3878 error
1460 3816 1494 3877 in
1515 3817 1687 3896 perniciem

467 3895 474 3911 '
890 3903 1071 3986 poenitentis
1101 3905 1221 3980 vertat,
1246 3906 1346 3965 Deum
1371 3907 1458 3980 oret,
1483 3904 1684 3984 culpamque,

94 3991 194 4067 06661.
220 3997 247 4055 t.
273 4027 314 4040 -
336 3991 384 4052 Aa
413 3991 605 4074 ecquomodo
631 3991 837 4073 confessarius
890 3993 918 4053 61
952 4009 1016 4072 666
1037 3991 1142 4068 166611,
1168 4008 1224 4069 666
1248 4008 1305 4054 666
1330 3989 1441 4064 merito
1464 3991 1553 4054 luere
1576 3994 1683 4060 curet3

59 4079 194 4144 mandore
206 4080 304 4143 deccat
326 4099 447 4149 6666666,
463 4098 534 4162 quos
557 4080 588 4141 16
611 4079 704 4142 Sucro
728 4079 837 4142 Tribu-
890 4080 1052 4159 discatque
1067 4079 1216 4157 deinceps
1231 4077 1273 4138 ad
1295 4077 1436 4139 officium
1460 4077 1623 4140 attendere
1638 4077 1687 4138 di-

60 4169 275 4234 6611πωί611
890 4168 1058 4248 ligantias,
1083 4185 1122 4227 ne
1152 4165 1247 4227 simili
1271 4183 1413 4246 unquam
1436 4166 1551 4229 delicto
1574 4184 1607 4226 66
1629 4166 1686 4228 ob·

94 4259 179 4338 llesp.
201 4277 290 4339 seqq.
315 4261 345 4320 1.
368 4257 494 4336 Triplex
524 4256 726 4336 distinguitur
749 4275 836 4318 erro·
891 4257 1035 4335 stringat.
1061 4255 1117 4319 Vel
1132 4259 1162 4316 2.
1188 4254 1347 4316 Pmuitens
1371 4258 1464 4316 notus
1489 4258 1536 4316 est
1559 4252 1687 4316 Confes-

59 4363 119 4406 mm
140 4365 245 4426 genus,
273 4345 387 4426 quibus
410 4344 442 4405 16
466 4343 613 4405 obeundo
634 4362 764 4405 munere
780 4345 836 4406 ob·
888 4345 984 4421 sario,
1009 4362 1145 4425 eumque
1168 4343 1248 4404 solet
1278 4341 1452 4405 identidem
1477 4342 1686 4405 confessionis

61 4431 133 4491 noxii
154 4437 230 4496 6661·
245 4431 445 4495 confessarii.
472 4433 500 4492 1.
524 4433 629 4509 Ipsam
647 4431 835 4494 sacramenti
889 4451 985 4494 66666
998 4431 1095 4492 adire.
1112 4434 1200 4493 'lunc
1221 4429 1246 4491 is
1261 4430 1364 4510 prima
1378 4429 1543 4491 occasione
1559 4436 1686 4508 6666166-

60 4517 248 4583 substantiam
264 4523 472 4600 naturamque
487 4519 623 4599 attingit,
636 4523 671 4582 ut
685 4520 711 4581 si
727 4523 836 4582 Sacer·
888 4520 940 4582 itm
964 4518 1171 4581 Confessionis
1194 4536 1323 4580 errores
1342 4517 1510 4579 emendare
1525 4517 1615 4578 facile
1630 4535 1687 4596 pc-

59 4604 116 4682 dos,
126 4607 267 4687 legitimae
277 4607 507 4672 iurisdictionis
522 4625 632 4687 expers
647 4608 687 4669 ad
702 4610 834 4670 Sacrum
890 4607 965 4671 terit
978 4626 1015 4669 66
1029 4607 1167 4669 debebit.
1197 4607 1254 4670 1161
1269 4609 1299 4668 3.
1312 4608 1368 4669 nst
1381 4605 1537 4684 poenitens
1551 4605 1603 4667 1116
1619 4605 1686 4686 qui·

58 4693 189 4758 'tribunal
203 4696 380 4772 accesserit,
397 4695 447 4756 vel
468 4694 493 4756 si
515 4714 573 4773 per
587 4693 835 4774 imprudentiam
892 4697 965 4758 dem
988 4695 1087 4775 probe
1110 4701 1202 4757 66166
1225 4695 1442 4771 confessario,
1467 4694 1524 4755 sed
1547 4694 1588 4755 ad
1612 4711 1685 4755 eum

57 4782 178 4846 omiserit
197 4784 401 4848 absolutionis
423 4783 590 4845 formulam
611 4785 829 4863 pronuntiare.
891 4783 995 4844 denuo
1016 4800 1078 4844 666
1099 4785 1146 4844 661
1165 4799 1364 4854 6666666666;
1385 4799 1439 4842 666
1460 4779 1535 4860 6616
1553 4797 1624 4841 raro
1638 4798 1687 4841 sa·

57 4872 82 4930 1.
93 4873 185 4935 cenas
198 4873 239 4936 ad
253 4873 466 4952 integritatem
477 4871 620 4952 ejusdem
635 4872 836 4934 Sacramenti
894 4889 948 4932 cro
969 4869 1130 4931 Γ1611166611
1153 4887 1187 4930 66
1210 4868 1301 4947 616111,
1331 4886 1387 4929 666
1408 4867 1483 4948 6616
1503 4870 1588 4929 66616
1610 4864 1686 4927 nulli

59 4960 195 5040 pertinet,
210 4965 246 5025 ut
260 4962 286 5023 si
297 4961 452 5024 Sacerdos
467 4960 506 5022 de
517 4964 718 5040 peccatorum
730 4979 836 5022 nume·
892 4957 1035 5020 addictus
1056 4960 1104 5019 est
1124 4957 1329 5019 Confessario.
1353 4958 1455 5035 Atque
1478 4955 1510 5016 in
1530 4955 1592 5017 hoc
1610 4971 1685 5016 casu

60 5061 98 5123 66,
118 5050 224 5126 666616,
246 5052 341 5130 atque
352 5048 518 5128 adjunctis,
541 5052 692 5128 quantum
706 5067 764 5127 par
777 5053 834 5125 661,
891 5049 958 5108 1616
976 5049 1023 5107 661
1043 5045 1222 5124 quaestionis
1246 5043 1340 5124 hujus
1366 5043 1469 5123 posita
1490 5042 1683 5119 difficultas,

60 5150 113 5194 non
131 5133 319 5217 inquisierit3
350 5137 401 5198 vel
421 5137 446 5197 si
468 5135 838 5215 debitampoenitentiam
893 5151 962 5213 666
993 5133 1177 5213 priusquam
1201 5133 1357 5210 solvatur,
1384 5130 1617 5192 observandum
1638 5136 1686 5191 est

60 5236 114 5280 uon
126 5221 313 5304 imposuerit.
339 5226 368 5286 3.
389 5223 531 5304 Denique
545 5241 645 5303 genus
659 5222 756 5302 ipsius
770 5241 823 5301 por
892 5219 1122 5283 Confessarium
1143 5219 1194 5281 vel
1215 5222 1376 5294 nocenter,
1392 5218 1443 5279 vel
1462 5217 1576 5278 lunone
1597 5235 1685 5296 pror·

61 5304 171 5370 61166116
181 5311 375 5391 aliorumque
394 5311 595 5373 commodum
610 5314 731 5390 spectat
760 5314 839 5370 tern-
893 5327 946 5370 sus
969 5326 1090 5370 errasse
1107 5327 1114 5382 ;
1132 5308 1164 5369 id
1184 5307 1268 5369 enim
1290 5307 1416 5369 omnino
1441 5308 1631 5366 necesseest
1650 5307 1686 5365 61

61 5395 163 5473 percle,
176 5403 211 5460 ut
223 5399 251 5459 si
261 5415 334 5458 eum
348 5397 561 5460 confessarius
576 5398 616 5458 de
630 5397 837 5474 restitutione,
894 5413 990 5475 quam
1009 5395 1036 5456 ei
1059 5395 1275 5457 necessitatem
1299 5393 1455 5456 admissus
1476 5409 1565 5454 66666
1584 5389 1683 5470 impo-

62 5479 96 5541 611
108 5500 192 5563 66666
200 5505 237 5547 ex
250 5486 322 5566 lege
328 5485 457 5567 justitie
469 5486 645 5564 tenebatur,
659 5501 721 5545 non
730 5486 842 5546 admo·
895 5487 960 5562 nat,
976 5482 1034 5545 rite
1049 5482 1171 5544 definiri
1185 5482 1300 5564 666611.
