4012 6354
308 547 365 614 195
561 539 649 614 '1³

309 735 388 798 44454,
408 739 438 788 54
456 737 517 802 quis
539 735 676 802 possideat
696 747 754 787 rera
777 735 888 787 nomine
913 747 971 797 sao,
995 749 1022 786 44.
1046 732 1100 785 544.

310 807 373 857 plns
405 820 485 858 nemo
517 811 607 870 potest
635 807 818 870 praescribere,
846 819 927 870 qaam
955 803 1101 869 possideat,

310 891 339 927 44.
361 879 415 930 545.
441 877 609 942 prescriptio
632 877 734 928 4454454
751 877 897 942 procedere
919 877 963 926 rel
985 887 1102 933 carrera,

310 950 333 998 si
352 949 473 1014 incipiat,
488 949 531 998 vel
550 952 636 1012 caepta
656 951 759 1012 pergat,
776 962 802 998 n.
822 949 876 998 545.
894 945 1031 1010 Quidquid
1050 944 1104 994 eat·

311 1019 375 1080 4544,
393 1024 423 1069 54
441 1019 605 1084 praescriptio
623 1019 839 1082 interrumpatur
852 1018 895 1068 vel
910 1019 1003 1078 cesset,
1021 1014 1103 1065 etiam

310 1090 420 1151 sutdcit,
434 1104 468 1141 ne
483 1090 596 1156 incipiat
610 1103 726 1152 currere,
742 1101 769 1139 n.
785 1089 839 1140 551.

358 1163 530 1227 Pru-scriptio
553 1162 695 1212 triennalis
717 1161 803 1212 454444
829 1159 885 1211 14444
907 1157 1104 1210 contestatione

312 1233 437 1294 durante,
457 1247 532 1284 uum.
548 1235 601 1283 545.
618 1233 646 1284 Si
662 1232 724 1296 quis
737 1234 871 1296 agnoscat
890 1243 946 1281 rem
964 1241 1021 1279 esse
1040 1226 1106 1278 alie·

310 1317 374 1354 nam
400 1307 427 1354 et
442 1303 645 1368 inculpabiliter
654 1303 761 1353 omittat
771 1302 923 1358 restituere.
935 1299 1103 1364 praescriptio

311 1373 553 1434 sidelnrrurrero3
568 1374 639 1438 qaod
657 1373 787 1423 tamenin
803 1372 877 1436 praxi
889 1371 936 1421 vix
951 1371 1039 1420 locum
1055 1369 1104 1420 ba-

310 1443 433 1505 bebit,n.
448 1447 502 1496 445.
522 1446 622 1496 Contra
646 1444 849 1494 illiumlamilias
872 1455 925 1506 qua
949 1441 1032 1491 4515444
1047 1453 1103 1490 nou

315 1516 413 1580 incipit
431 1529 550 1577 4544545,
566 1517 618 1566 5444
634 1516 744 1580 quando
759 1515 898 1580 egreditur
921 1514 1035 1578 patriam
1059 1525 1105 1576 po·

311 1589 446 1649 testatem,
462 1601 488 1637 n.
506 1589 570 1649 ³³63
588 1589 698 1650 quando
724 1586 794 1636 aller
813 1586 909 1650 incipit
923 1597 978 1635 non
994 1584 1032 1634 uti
1044 1585 1105 1647 jure

312 1671 372 1708 suo.
385 1662 447 1721 ela,
468 1673 495 1708 ιι.
511 1660 565 1709 545.
581 1658 749 1720 praescriptio
774 1657 936 1720 interrumpi
956 1655 1067 1716 dicitnr,
1081 1653 1104 1703 54

314 1728 462 1798 1455544444,
480 1733 511 1779 ut
525 1731 612 1779 totam
627 1731 734 1792 tempus
752 1727 907 1791 precedens
924 1726 1038 1776 omnino
1056 1737 1104 1774 ex·

313 1799 463 1862 tinguatur,
477 1814 508 1850 ac
522 1800 543 1848 si
559 1813 614 1849 non
625 1799 801 1862 precessisse.
818 1812 845 1847 n.
862 1799 918 1848 545.
940 1796 1106 1848 Naturaliter

315 1869 533 1934 interrumpitur,
551 1871 572 1919 si
590 1870 697 1920 desinat
711 1868 815 1934 aliquid
829 1869 863 1920 ad
875 1869 1020 1920 essentiam
1031 1867 1105 1917 illius

317 1941 496 2002 requisiturus
513 1941 589 2002 item,
612 1941 635 1990 54
656 1953 698 1990 454
716 1941 828 1990 domino
843 1940 881 1990 rei
897 1939 977 1991 454444
987 1937 1106 2004 pignori,

315 2009 357 2059 451
373 2010 504 2072 51555454,
519 2011 562 2060 451
588 2010 709 2074 precario
732 2010 906 2072 concedatur,
925 2014 989 2070 etc„
1008 2024 1034 2059 n.
1051 2009 1104 2057 545.

316 2079 485 2145 praescriptio
508 2080 612 2130 habens
636 2081 728 2130 omnia
752 2093 785 2130 ex
809 2084 906 2130 natura
921 2079 959 2129 rei
974 2078 1105 2142 requisita

315 2149 479 2215 quandoque
497 2151 707 2215 interrumpitur
720 2151 847 2212 civiliter,
872 2151 898 2201 id
917 2155 967 2211 est,
990 2148 1107 2200 anctori-

316 2225 371 2271 tate
383 2221 463 2284 juris,
477 2233 504 2270 n.
519 2222 574 2271 544.
599 2221 769 2284 Prascriptic
786 2221 928 2272 triennalis
945 2234 999 2270 non
1021 2221 1105 2270 inter·

315 2292 454 2356 rumpitur
467 2291 523 2342 litis
537 2293 747 2346 contestatione.
772 2305 800 2341 n.
815 2293 869 2343 545.
892 2290 1068 2354 44554444ῑί5,
1083 2291 1105 2340 44

315 2363 476 2428 interrumpi
491 2375 546 2414 non
563 2365 649 2427 possit
671 2377 720 2427 per
742 2362 802 2413 litis
817 2363 1045 2412 contestationem
1071 2361 1107 2412 ab

316 2447 410 2484 causus
424 2433 594 2499 possessoris,
605 2434 653 2496 qai
682 2433 710 2482 41·
718 2437 768 2494 544,
784 2433 826 2484 451
842 2432 961 2483 15445554
979 2435 1028 2492 544,
1044 2434 1107 2493 ete,

317 2518 365 2568 per
374 2503 654 2568 libellumsuppllcem
670 2505 788 2568 principi
803 2509 967 2569 porrectum,
987 2505 1047 2562 etc,
1063 2503 1105 2550 444-

318 2577 449 2640 terrumpi
461 2579 558 2640 polest,
573 2577 660 2625 44544.
674 2575 889 2640 praescriptiones
898 2574 1028 2636 4114444545
1038 2573 1109 2623 flant

317 2659 378 2696 cam
393 2647 549 2710 cognitione
561 2646 631 2710 45444
641 2645 734 2707 514554,
749 2646 945 2696 sciscitatione
962 2646 1106 2694 interram·

318 2721 429 2782 puntur,
439 2730 466 2767 n.
477 2719 533 2768 555.

352 2788 518 2851 t’rarseriplio
534 2801 592 2837 mea
611 2786 731 2837 civiliter
757 2785 967 2850 interrumpitur
980 2787 1107 2848 respectu

318 2857 421 2910 4545445
434 2862 551 2919 tanturn,
567 2861 688 2923 respectu
697 2859 773 2922 cajus
785 2871 840 2908 non
852 2857 1072 2921 interrumpitur,
1085 2856 1107 2905 44

319 2928 364 2979 4415
381 2929 548 2990 5555554554,
560 2930 602 2980 451
616 2933 694 2994 pacto
707 2933 755 2979 aut
769 2929 950 2979 lnrnsactione
964 2941 980 2977 5
995 2928 1041 2978 1445
1052 2937 1108 2977 455·

318 3003 368 3060 554,
382 3013 397 3050 5
413 3013 441 3049 n.
456 3001 509 3050 554.
530 3001 702 3065 prescriptio
719 3001 792 3050 illius
809 3013 864 3049 non
889 2998 1108 3064 interrumpitur,

319 3070 367 3134 qai
394 3070 465 3121 bona
492 3070 545 3122 445
569 3071 687 3136 possidet
717 3071 787 3122 bona
818 3071 943 3121 Ecclesiae
971 3071 1108 3130 1454445545,

319 3142 444 3205 queraris
467 3142 580 3205 singulis
598 3144 679 3194 annis
701 3146 794 3194 contra
818 3157 848 3193 ea
872 3142 1026 3192 detinentes
1045 3155 1130 3206 pru·¹

320 3211 457 3274 mulgetur
471 3213 546 3263 Bulla
569 3213 669 3277 Coerrae,
692 3229 718 3264 n.
744 3216 798 3266 554.
824 3213 993 3277 praescriptio
1015 3219 1109 3264 contra

320 3293 508 3347 quemcunque
518 3283 662 3335 Ecclesiam
671 3283 1026 3348 dormit,quandiulicclesia
1037 3288 1109 3335 caret

320 3353 445 3415 44451545,
469 3355 534 3404 445444
549 3356 671 3420 44555445
696 3356 824 3407 4444445455
840 3356 918 3418 risit,
944 3369 958 3405 5
975 3369 1028 3419 qno
1045 3357 1108 3408 laesa

320 3426 362 3472 554
375 3423 508 3486 1454455454
524 3427 590 3477 445444
618 3425 739 3492 4444544445
759 3427 806 3477 4145
824 3426 859 3476 55
884 3426 1108 3490 impedimentum

319 3493 429 3558 aliquod
444 3509 524 3560 egere
539 3503 701 3562 nonpotesl,
726 3512 753 3549 n.
773 3501 828 3549 555.
840 3499 938 3548 cantra
963 3497 1108 3550 Ecclesiam

319 3565 466 3617 Romanurn
481 3567 592 3628 4545444,
606 3572 628 3620 44
653 3572 735 3622 Sedes
754 3575 838 3630 racel,
853 3571 896 3620 451
916 3571 952 3620 544
970 3571 1108 3632 4554544454

322 3635 386 3688 item
403 3643 497 3688 contra
513 3641 669 3704 imperium,
686 3643 709 3692 54
723 3645 800 3693 vacet
813 3643 949 3702 Thronus3
964 3642 1030 3693 ilem
1045 3656 1110 3692 5544-

321 3710 362 3756 444
378 3707 511 3771 pupillum
533 3709 650 3763 durante
665 3713 794 3777 pupillari
814 3715 902 3774 544545,
926 3715 988 3772 eta,
1009 3726 1036 3761 n.
1054 3713 1109 3762 555.

321 3775 420 3827 contra
434 3791 622 3846 quemcunque
637 3781 738 3833 dormit
755 3785 875 3847 tempore
892 3782 1053 3832 hostilitatis
1067 3781 1110 3832 451

322 3848 415 3912 pestis,
428 3851 450 3899 44
466 3849 527 3900 ideo
542 3858 649 3904 45545444
666 3853 781 3917 4544545;
808 3854 873 3902 ilem
895 3853 1017 3917 quandin
1042 3852 1112 3901 aller

211 3939 216 3950 ·
323 3921 470 3982 possessori
486 3935 543 3973 rem
562 3925 685 3989 precario
710 3925 843 3986 concedit,
859 3925 925 3976 ibid.
943 3923 1111 3987 praescriptio

322 3994 415 4040 contra
429 3992 596 4046 concordata
612 3995 763 4046 Germania
785 3995 964 4062 probabiliter
979 3995 1035 4046 4544
1057 4007 1112 4046 nan

323 4062 421 4124 potest,
437 4061 454 4111 1.
467 4065 490 4125 4,
506 4077 532 4113 5.
548 4065 602 4116 545.

356 4129 534 4196 prescriptio,
562 4136 584 4186 si
618 4135 654 4186 sit
681 4135 897 4199 immemorialis,
920 4135 991 4187 salet
1017 4140 1112 4186 contra

324 4211 406 4251 onera
416 4207 444 4253 et
453 4205 622 4256 conditiones
629 4207 834 4268 laudationum
846 4207 1112 4272 probabiliteretism

224 4327 238 4348 ·
324 4273 491 4338 praescriptio
505 4277 535 4326 44
550 4277 591 4328 451
606 4279 635 4327 45
645 4291 779 4328 annorum
793 4280 867 4327 velet
880 4281 973 4327 contra
983 4291 1064 4328 onera
1086 4281 1113 4328 et

325 4343 495 4396 conditiones
514 4347 714 4412 laudationum,
735 4353 828 4400 contra
851 4361 994 4398 numerum
1017 4349 1112 4398 444445-

324 4423 396 4475 ram,
409 4420 501 4467 contra
523 4419 714 4484 obligationem
738 4420 1002 4480 anniversariorum,
1026 4419 1112 4471 014544

327 4484 738 4555 5545554545444,4115554554445,
758 4495 820 4554 eto,
840 4505 855 4540 a
870 4505 897 4542 a.
912 4492 966 4542 554.
981 4490 1113 4541 probabi·

327 4554 381 4606 lins
395 4569 450 4607 non
466 4563 629 4628 prescripsit
643 4566 737 4614 contra
751 4575 788 4624 se,
809 4563 854 4626 qui
873 4577 921 4625 per
934 4565 964 4612 ³³
978 4575 1065 4612 554454
1079 4563 1113 4613 45

326 4626 476 4690 septimana
493 4631 606 4695 legiter
628 4647 717 4684 errore
735 4639 852 4698 quatuor
866 4635 969 4695 4145455,
983 4635 1005 4682 54
1022 4637 1114 4697 pastea

326 4695 355 4746 in
370 4696 528 4753 laudatione
543 4705 673 4767 45455454,
691 4705 763 4769 qaod
773 4705 807 4755 ad
818 4709 872 4754 4455
883 4707 987 4755 tantum
998 4705 1034 4756 sit
1043 4705 1113 4757 obli·

325 4769 413 4829 gatios
429 4771 482 4823 nisi
497 4775 591 4837 primas
602 4775 753 4827 4554544554
778 4775 937 4826 accessisset
951 4775 1114 4837 melioratio,

327 4841 389 4900 etc„
404 4853 479 4895 nam.
494 4847 548 4896 454.
565 4847 732 4912 praescriptio
745 4847 816 4898 54455
830 4846 1040 4911 applicationem
1050 4847 1115 4897 llis·

327 4921 417 4961 554554
432 4925 481 4976 pro
496 4917 639 4981 stipendiis
654 4918 829 4982 legendarum
844 4930 899 4969 non
926 4918 1034 4968 videtur
1056 4917 1115 4968 41544

327 4991 416 5044 posse,
430 4983 448 5034 1.
472 4989 496 5046 a,
516 5001 543 5053 44.
566 4990 592 5052 4,
606 5001 633 5038 5.
653 4991 705 5040 444.
720 4989 758 5039 ad
778 4987 1007 5054 praescribendum
1022 4992 1116 5039 eontra

328 5049 425 5116 Legem
439 5057 553 5110 civilem
574 5063 602 5112 44
619 5061 684 5110 anni
699 5061 889 5124 requiruntur,
912 5060 1004 5108 cantra
1026 5058 1116 5110 445515-

327 5123 465 5179 54544444444
480 5129 518 5194 ru
535 5131 552 5183 1.
563 5133 587 5196 a,
603 5145 628 5198 p.
643 5135 668 5196 ³,
684 5147 710 5182 44.
726 5134 780 5184 519.

466 5248 697 5302 pensaunium
714 5251 757 5300 41)
775 5249 981 5301 aaaaalctatr.

359 5342 534 5398 presentatio
557 5351 598 5400 est
622 5347 756 5398 exhibitio
778 5360 900 5414 4454554445
924 5345 1119 5398 555544454445

327 5409 397 5464 tacta
421 5414 471 5477 illi,
486 5417 520 5468 ad
539 5429 620 5482 quem
644 5419 762 5483 pertinet
780 5418 930 5478 instituere,
949 5417 967 5468 l.
983 5418 1007 5478 4,
1022 5429 1049 5467 5.
1064 5417 1119 5468 444.

328 5487 417 5555 meu,
430 5495 576 5556 antequam
592 5490 667 5540 vacet
681 5488 856 5553 Beneficium,
870 5488 946 5547 nulla
961 5491 1012 5548 est,
1025 5501 1051 5542 44.
1062 5489 1118 5540 454.

954 547 1073 612 44544
1097 542 1292 610 casuali·
1357 522 1361 528 ’
1612 541 1637 608 5

1159 731 1229 783 rien
1245 735 1333 798 potest
1346 733 1390 784 rel
1405 732 1495 784 missis
1507 729 1618 802 litteris,
1626 731 1671 784 sel
1684 743 1733 797 4454
1741 735 1940 798 procuratorem,

1158 803 1223 854 item
1245 817 1293 868 per
1311 804 1473 868 scripturam
1493 803 1638 866 privatam,
1658 805 1707 854 sut
1723 816 1771 853 ore
1787 806 1872 865 tenus,
1884 807 1939 865 cte,

1158 887 1184 924 n.
1199 876 1255 924 454.
1275 873 1361 925 Etiam
1385 875 1472 939 potest
1489 875 1552 937 quis
1568 885 1596 926 se
1618 871 1773 926 instituenti
1794 877 1941 937 presentare

1158 957 1207 1008 per
1219 945 1323 995 litterae
1336 945 1379 996 451
1394 947 1608 1010 procuratorem,
1619 944 1656 996 ih.
1667 945 1759 998 potest
1772 957 1805 993 es
1819 957 1874 994 esse
1886 957 1942 994 cou-

1158 1016 1301 1079 ditionata,
1312 1018 1436 1079 obscura,
1447 1017 1540 1078 dubia,
1552 1019 1613 1077 eta,
1635 1030 1662 1068 44.
1680 1017 1734 1070 554.
1750 1016 1785 1066 114
1799 1015 1944 1066 5415454444·

1159 1088 1230 1150 quod
1253 1089 1307 1154 454,
1332 1087 1413 1138 dehet
1435 1099 1493 1137 esse
1517 1086 1585 1138 45544
1609 1088 1644 1138 55
1665 1086 1784 1141 54544445
1807 1087 1851 1152 454
1872 1087 1941 1136 iasti-

1159 1159 1349 1220 inradiata
1373 1161 1544 1224 presentato,
1566 1158 1609 1208 vel
1636 1159 1671 1210 ah
1694 1157 1813 1210 lssbcute
1839 1155 1942 1222 speciale

1160 1229 1234 1279 illius
1248 1228 1416 1291 mandalum,
1431 1234 1459 1280 et
1472 1229 1554 1279 45554
1566 1229 1699 1294 acceptari
1720 1228 1792 1282 laus
1806 1227 1942 1278 terminata

1159 1303 1273 1364 patrono
1287 1313 1445 1351 conoessum
1459 1301 1493 1350 ad
1504 1300 1723 1365 presentandum
1733 1318 1740 1361 i
1751 1300 1786 1351 45
1796 1311 1848 1364 qna
1856 1311 1942 1361 accep-

1159 1371 1262 1421 tatione
1276 1375 1399 1422 45544545
1413 1371 1503 1422 45544.
1525 1369 1601 1430 Quod
1618 1370 1640 1420 si
1655 1370 1727 1420 boos
1742 1369 1796 1422 lide
1811 1373 1942 1436 4444555544·

1159 1443 1196 1492 444
1210 1455 1265 1492 non
1282 1441 1436 1504 habentius
1447 1441 1621 1501 instituendi,
1636 1440 1719 1491 hahet
1734 1442 1835 1492 iterum
1852 1453 1942 1492 norum

1158 1517 1266 1580 tempas
1281 1513 1475 1582 praesentandi,
1490 1514 1524 1564 45
1536 1513 1769 1576 iureconcessum
1787 1511 1822 1564 sd
1836 1523 1942 1579 44445455-

1160 1587 1285 1648 tandum,
1309 1601 1337 1638 n.
1357 1587 1412 1638 355.
1438 1587 1510 1636 lutra
1534 1584 1608 1650 quod
1633 1588 1740 1648 tempus
1765 1587 1795 1636 et
1818 1582 1943 1648 equibus

1160 1656 1216 1706 ileri
1232 1658 1384 1708 45555414.
1403 1657 1538 1708 Patronus.
1562 1655 1750 1716 presentatio,
1770 1657 1803 1706 ut
1816 1655 1853 1706 sit
1865 1653 1943 1706 441444

1159 1729 1317 1792 requiritur,
1332 1733 1363 1780 at
1378 1729 1464 1793 major
1478 1740 1541 1792 44445
1555 1730 1731 1792 patronorum
1746 1726 1776 1775 in
1792 1739 1876 1780 unam
1886 1737 1943 1776 con-

1159 1800 1269 1861 sentiat,
1284 1804 1346 1861 atr„
1370 1813 1396 1850 n.
1416 1801 1472 1851 444.
1494 1799 1522 1851 Si
1538 1798 1628 1849 minor
1641 1811 1702 1862 pars
1716 1800 1861 1861 praesentet
1873 1795 1943 1848 5554·

1160 1869 1223 1933 lam,
1241 1873 1327 1936 544454
1342 1870 1509 1932 inhabilem,
1524 1869 1598 1934 prior
1610 1867 1732 1933 praeferri
1747 1867 1838 1930 debet,
1853 1881 1879 1920 5.
1895 1868 1943 1928 514,

1160 1946 1338 2006 presentatus
1347 1945 1444 2007 potest,
1459 1947 1608 2004 antequam
1619 1939 1787 2000 instituatur,
1798 1939 1944 1991 renuntiare

1160 2013 1364 2078 presentationi
1379 2013 1407 2063 in
1424 2012 1551 2062 manibus
1575 2011 1692 2075 patroni,
1707 2024 1735 2059 44.
1752 2011 1809 2060 444.
1832 2011 1859 2061 54
1883 2009 1946 2062 iasar

1160 2081 1230 2134 daos
1243 2087 1421 2147 presentatus
1437 2082 1470 2132 lis
1485 2083 1599 2144 oriatur,
1610 2082 1786 2147 presentatio
1799 2081 1888 2132 4444544
1897 2093 1945 2132 nou

1161 2157 1259 2217 potest,
1275 2155 1433 2218 nequidem,
1446 2152 1662 2214 accumulando;
1678 2150 1751 2216 quod
1774 2150 1797 2200 si
1816 2151 1888 2200 iuter
1907 2163 1946 2216 ps·

1162 2228 1256 2276 tronus
1270 2224 1304 2274 lis
1317 2225 1430 2287 5445454,
1446 2223 1544 2282 variari
1561 2226 1659 2288 potest,
1680 2223 1743 2283 eic.,
1762 2235 1790 2271 5.
1805 2223 1871 2280 515;
1885 2233 1944 2283 4441-

1161 2297 1280 2346 sentatio
1303 2295 1415 2346 secundi
1438 2294 1586 2360 aliquando
1608 2293 1668 2344 4544
1692 2291 1945 2355 accumulandopo-
1996 2317 1997 2320 ι

1161 2368 1223 2425 4544,
1238 2367 1365 2429 quamvis
1390 2371 1521 2430 patronas
1544 2363 1646 2428 iurarit
1668 2377 1724 2413 non
1747 2375 1873 2413 45455545
1887 2375 1945 2426 pru-
1996 2415 1997 2422 ,

1161 2437 1343 2488 sentationem
1359 2439 1450 2502 primi,
1463 2452 1480 2486 5
1495 2451 1522 2486 5.
1534 2437 1590 2496 345,
1605 2437 1664 2500 post
1678 2434 1828 2498 legitimam
1846 2434 1945 2484 instita·
1996 2435 1997 2452 ³

1160 2509 1265 2558 tionem
1279 2509 1379 2560 variari
1395 2523 1449 2559 nun
1465 2511 1554 2572 potest
1567 2505 1641 2556 licite
1662 2519 1677 2554 a
1701 2508 1826 2570 44544555,
1849 2519 1877 2555 ιι.
1898 2505 1946 2555 441.

1162 2579 1213 2639 Qui
1231 2583 1410 2642 presentatur
1424 2579 1558 2640 absolute,
1573 2578 1654 2628 debet
1676 2579 1740 2626 5545
1764 2589 1821 2626 esse
1848 2575 1946 2634 habilis,

1162 2663 1190 2700 a.
1207 2652 1262 2700 544.
1288 2651 1316 2702 Si
1332 2650 1458 2701 lundstia
1472 2648 1591 2712 requirat
1606 2649 1680 2698 certo
1694 2647 1755 2697 1555
1769 2650 1876 2708 ustam,
1890 2659 1946 2710 pru·

1163 2721 1264 2770 seniori
1279 2733 1334 2770 nnn
1350 2725 1449 2786 potest,
1464 2721 1511 2784 qui
1527 2719 1574 2770 tali
1589 2719 1812 2769 155555454555
1830 2721 1880 2776 cst,
1893 2719 1946 2777 erc,
1996 2777 1998 2780 ¹

1163 2803 1190 2840 n.
1205 2792 1260 2842 443.
1275 2793 1304 2843 Si
1319 2791 1443 2842 laudatio
1457 2792 1541 2844 dicat.
1557 2789 1629 2854 qaod
1646 2787 1853 2853 presentandus
1861 2787 1947 2838 debeat
1996 2843 1997 2846 ¹

1163 2873 1220 2911 esse
1235 2875 1269 2911 ex
1284 2866 1355 2912 certa
1370 2862 1483 2924 familia,
1498 2861 1646 2912 secandum
1669 2870 1856 2918 communem,
1876 2858 1947 2908 dabat
1996 2875 1997 2882 ι

1164 2933 1322 2996 praesentari
1337 2932 1496 2998 proximior,
1512 2935 1573 2992 eta,
1588 2944 1616 2980 n.
1634 2929 1689 2980 544.
1707 2929 1736 2979 Si
1751 2929 1946 2993 proximiores·
1996 2989 1997 2992 Ἴ

1163 3007 1204 3052 set
1226 3005 1343 3067 spurius,
1363 3003 1500 3067 legitimas
1523 3001 1661 3061 remotior,
1683 3000 1730 3050 hic
1743 2999 1947 3064 vidctnrpretc·
1996 3009 1997 3046 ι

1163 3073 1273 3136 modus,
1289 3079 1350 3137 ete,
1366 3088 1392 3125 44.
1407 3076 1452 3124 545
1463 3094 1471 3135 3
1482 3073 1654 3138 presentatio
1677 3071 1720 3121 sai
1740 3071 1827 3134 ipsias
1841 3069 1947 3122 45441444
1996 3067 1997 3108 1

1164 3149 1214 3208 554,
1229 3146 1312 3196 etiam
1325 3159 1374 3210 4454
1396 3148 1600 3210 procuratorem
1614 3157 1630 3194 a
1645 3155 1673 3192 se
1687 3141 1722 3192 ad
1738 3140 1946 3205 presentandum

1163 3217 1329 3280 delegatum,
1343 3229 1359 3266 5
1374 3231 1401 3266 ιι.
1416 3217 1470 3266 445.
1486 3215 1549 3266 Filii
1563 3216 1605 3264 sui
1620 3218 1660 3264 est
1676 3213 1779 3275 451445,
1793 3227 1821 3263 44.
1836 3213 1888 3262 445.
1898 3211 1945 3260 lieu
1996 3265 1997 3276 ¹

1164 3291 1341 3352 presentatus
1361 3288 1468 3338 institui
1488 3300 1542 3336 non
1558 3289 1648 3350 potest
1665 3283 1866 3348 indepedenter
1878 3297 1893 3332 a
1906 3293 1946 3331 ro·
1996 3279 1998 3350 ξ

1164 3359 1268 3412 lunata
1283 3359 1400 3423 patroni,
1427 3372 1453 3408 n.
1478 3359 1540 3415 3554
1556 3359 1735 3420 presentatus
1750 3355 1876 3419 pluribus
1890 3365 1946 3417 pre·
1996 3371 1998 3416 ς

1163 3429 1364 3481 sedationibus
1405 3428 1583 3493 probabiliter
1618 3427 1711 3490 plures
1734 3425 1947 3490 praesentationes

1163 3500 1290 3565 prosequi
1306 3503 1401 3564 potest,
1416 3503 1466 3550 sut
1481 3499 1516 3548 55
1531 3510 1586 3546 554
1603 3497 1687 3548 eleale
1711 3495 1817 3560 regredi
1840 3495 1875 3545 sd
1893 3495 1947 3544 site

1164 3584 1231 3632 ram,
1248 3586 1274 3622 n.
1290 3571 1345 3632 441,
1361 3571 1539 3634 presentatus
1552 3567 1587 3617 ed
1597 3567 1778 3628 Dignitatem,
1787 3564 1810 3614 54
1821 3578 1850 3614 se
1866 3564 1893 3614 444
1906 3561 1946 3612 44-

1165 3631 1394 3694 ministrationem
1410 3641 1516 3704 ingerat
1528 3641 1591 3689 ante
1607 3635 1822 3688 institutionem.
1837 3632 1948 3700 prohabi-

1164 3714 1228 3765 liter
1245 3713 1368 3779 privatur
1378 3712 1438 3775 lure
1449 3722 1499 3759 sao
1514 3712 1541 3758 et
1559 3707 1656 3757 incidit
1680 3707 1708 3756 in
1724 3719 1820 3770 paenas
1837 3707 1946 3763 54545454,

1167 3797 1193 3834 44.
1210 3785 1266 3846 455,
1282 3783 1462 3847 praesentatae
1476 3779 1509 3830 sd
1525 3777 1701 3838 Beneficium,
1713 3775 1763 3827 sed
1775 3776 1947 3826 5454544554·

1166 3853 1299 3913 llrmatns,
1314 3865 1371 3902 non
1385 3853 1473 3914 polest
1486 3847 1611 3900 absolute
1624 3848 1773 3912 disponere
1783 3847 1817 3898 dc
1829 3846 1946 3898 tractibus

1165 3922 1304 3985 Beneficii,
1319 3922 1337 3972 l.
1349 3923 1374 3984 ³,
1389 3935 1415 3986 p.
1431 3923 1456 3983 t,
1469 3934 1497 3970 n.
1516 3920 1571 3970 445.
1637 3946 1646 3964 .

1429 4049 1698 4104 ramsrlaortltlll.

1198 4151 1416 4202 praestimonium
1432 4153 1472 4200 554
1486 4145 1652 4200 Beneficium
1668 4147 1828 4199 institutum
1845 4161 1890 4214 pro
1901 4145 1945 4198 cis

1166 4223 1239 4284 riuis,
1254 4225 1286 4272 nt
1300 4222 1397 4272 5454444
1411 4223 1517 4282 vacent,
1532 4219 1605 4284 qaod
1620 4231 1691 4282 saepe
1705 4217 1790 4269 1451454
1803 4219 1945 4284 adjunctam

1167 4291 1351 4414 gnghorendi
1364 4291 1488 4356 quotidie
1503 4290 1649 4356 quinquies
1667 4290 1745 4339 pater
1762 4293 1791 4340 et
1814 4292 1873 4352 455,
1893 4287 1908 4340 t.
1926 4287 1946 4346 4,

1457 4439 1674 4492 nauseantis.

1200 4541 1370 4591 presumens
1402 4536 1552 4602 prudenter
1580 4536 1789 4588 restitutionem
1814 4535 1946 4587 4554554444

1168 4612 1221 4661 5454
1235 4609 1455 4670 5544455554545,
1480 4609 1504 4659 44
1527 4607 1651 4658 debitum
1671 4618 1752 4658 sunm
1772 4607 1945 4664 maniteetsrct,

1171 4683 1212 4732 vel
1235 4684 1341 4745 rogaret
1364 4679 1520 4741 dominam,
1547 4691 1602 4728 uon
1625 4681 1737 4730 tenetur
1759 4679 1796 4730 ad
1815 4678 1944 4730 restitutio-

1169 4765 1242 4815 nem,
1257 4751 1367 4816 quodsi
1383 4763 1478 4802 resera
1494 4749 1638 4800 dominam
1653 4747 1772 4799 invitum
1795 4755 1884 4815 4454455
1901 4761 1945 4800 res·

1168 4825 1246 4886 ciret,
1261 4823 1296 4875 ad
1311 4836 1371 4872 cam
1387 4825 1534 4884 teneretur,
1550 4821 1597 4873 lib.
1612 4823 1638 4884 ³,
1652 4823 1722 4887 44544
1737 4824 1761 4885 4,
1774 4835 1803 4872 u.
1817 4823 1870 4872 sse

1459 4955 1685 5007 PRAESUMP'HO.

1205 5053 1384 5118 presumptio
1399 5056 1441 5104 est
1460 5049 1611 5117 probabilis
1625 5053 1781 5116 conlectura
1794 5065 1828 5102 ex
1840 5052 1906 5100 certo
1916 5047 1944 5098 si·

1173 5141 1227 5193 gno
1243 5125 1416 5192 proveniens,
1432 5139 1492 5189 qne
1504 5124 1559 5175 alio
1574 5137 1631 5174 non
1644 5123 1764 5174 adducto
1785 5135 1833 5188 pro
1850 5123 1944 5172 45444445

1173 5200 1292 5250 5555454
1306 5217 1313 5249 s
1330 5198 1397 5260 sire,
1413 5201 1455 5250 544
1468 5195 1590 5261 cognitio
1604 5209 1639 5246 ex
1652 5195 1864 5246 circumstantiis
1875 5187 1944 5242 rcsat·

1174 5277 1243 5332 taos,
1254 5275 1318 5326 etc..
1342 5269 1360 5320 l.
1386 5273 1409 5331 l,
1432 5283 1460 5318 44.
1482 5271 1507 5328 9,
1522 5268 1541 5318 1.
1555 5268 1581 5329 4,
1597 5280 1625 5318 44.
1642 5259 1943 5318 sacramentaria

1174 5343 1374 5406 detersaque
1392 5341 1580 5407 probationem
1604 5339 1634 5390 in
1656 5339 1822 5389 contrarium
1841 5348 1891 5386 nou
1905 5329 1942 5382 ad·

1174 5415 1278 5475 mittis,
1301 5415 1357 5464 slis
1378 5412 1451 5464 turis
1469 5415 1584 5472 tantum,
1609 5421 1703 5462 contra
1717 5423 1798 5474 qaam
1811 5405 1942 5460 admittitur

1176 5485 1309 5556 prolatio,
1333 5489 1394 5546 sta,
1416 5483 1463 5536 lib.
1487 5485 1513 5548 t,
1530 5496 1606 5538 num.
1631 5483 1700 5536 4444.
1716 5481 1806 5536 llario
1820 5479 1940 5530 circaue!
