3976 6348
326 527 384 586 aso

324 711 374 793 fic.
399 709 512 772 licerit
525 710 579 772 lib.
601 713 631 788 3,
648 720 751 792 qrioest.
770 713 818 787 35,
836 731 866 772 n.
894 716 922 772 l.
941 715 1006 772 lluc
1023 713 1117 772 eliam

326 799 456 879 Sporell.
468 798 528 860 der.
541 803 590 875 97,
604 818 675 860 cum
685 800 955 860 communitloeet.
970 803 996 862 1.
1015 804 1117 870 111111-

325 889 365 949 do
394 887 424 946 in
453 887 726 972 Juriqdictionibus
761 887 878 966 aliquid
913 887 1118 948 committitur

325 975 478 1053 Episcopo
506 973 705 1054 simpliciter,
736 975 825 1054 quasi
853 993 910 1052 per
937 975 1117 1054 generalem

325 1061 576 1123 commissionem
601 1062 726 1122 nomine
751 1063 893 1142 Episcopi
913 1063 1000 1124 venit
1023 1063 1117 1124 etiam

975 523 1049 587 Llll.
1073 526 1124 588 Vl.
1149 527 1251 588 PARS
1274 521 1326 588 lll.

1172 711 1248 771 dum
1262 730 1352 790 posse
1367 709 1556 789 Episcopum
1575 709 1763 772 substituere
1779 708 1833 770 sibi
1857 707 1951 788 plures

1172 800 1323 876 l'iearioS,
1341 799 1469 861 Corrad.
1487 799 1537 861 lto.
1554 805 1584 876 1,
1601 819 1666 880 cup.
1681 803 1711 875 t,
1731 820 1760 860 n.
1778 803 1825 860 16.

1215 888 1321 962 Orroest.
1340 891 1409 950 lEO.
1427 923 1467 933 —
1484 887 1564 962 Ouid
1572 888 1682 968 possint
1703 885 1803 968 quoad
1814 887 1954 946 matrimo-
1971 891 1980 934 t

1172 977 1267 1036 niella
1295 975 1531 1036 Archidioennr'?
1558 977 1651 1052 ltcsp.
1682 975 1717 1034 ln
1746 972 1953 1034 Archidioeoesi

1173 1064 1349 1126 Coloniensi
1366 1069 1438 1126 sunt
1459 1067 1593 1143 quatuor
1609 1061 1887 1123 archidiaconatus
1900 1079 1955 1120 ma·

326 1150 468 1212 Vicarius
483 1150 550 1230 ejus
565 1151 731 1230 generalis,
749 1151 870 1212 etiamsi
886 1152 1015 1229 speciali
1028 1170 1118 1211 man·
1170 1153 1268 1233 joras,
1292 1172 1370 1232 quos
1385 1153 1505 1214 habent
1526 1150 1702 1229 Praepositi,
1729 1147 1916 1212 coloniensis
1928 1147 1954 1206 iu

326 1239 399 1300 dato
415 1238 559 1317 Episcopi
575 1241 671 1315 caret,
697 1239 754 1298 nisi
778 1238 952 1317 reperiatur
971 1257 1117 1317 expresso

326 1325 479 1399 exclusus,
497 1328 551 1385 aut
574 1323 706 1384 materia
721 1324 822 1384 officio
839 1324 953 1384 Vicarii
969 1343 1030 1385 non
1047 1343 1117 1385 cou-

325 1412 442 1484 reniat.
468 1416 497 1473 2.
522 1413 653 1483 Quando
678 1411 797 1492 aliquid
819 1412 1024 1473 committitur
1047 1413 1118 1491 Epi-

325 1519 419 1582 scopo
443 1505 593 1580 tunquam
623 1499 713 1561 Sedis
741 1499 927 1578 Apostolicae
952 1500 1115 1580 delegato,

326 1588 386 1649 lroc
402 1606 464 1650 non
478 1587 626 1650 convenit
639 1587 763 1650 l'ieario
775 1606 811 1648 ex
822 1586 851 1646 ri
862 1589 1017 1667 generalis
1031 1607 1118 1648 man·

325 1677 400 1753 dati,
418 1676 492 1755 quia
506 1677 601 1738 talem
616 1694 743 1736 causam
758 1676 918 1754 cognoscit
933 1677 1115 1755 Episcopus,

326 1783 387 1826 non
403 1769 438 1824 ut
460 1763 644 1843 Episcopus,
662 1765 716 1824 sed
741 1769 775 1824 ut
796 1765 974 1842 Delegatus,
991 1770 1023 1825 et
1045 1764 1119 1842 Epi·

325 1870 438 1931 scopus
456 1852 646 1932 generaliter
665 1851 882 1913 constituendo
907 1852 1065 1913 Vicarium
1081 1870 1118 1912 ea

326 1947 448 2002 tantum
462 1940 628 2002 committit
648 1959 717 2021 qua
739 1945 812 2003 sunt
829 1940 1054 2020 jurisdictionis
1070 1960 1118 2002 or-

325 2027 466 2105 dinarias,
483 2047 546 2090 non
561 2033 667 2090 autem
680 2029 842 2108 delegatae.
855 2031 884 2090 3.
898 2032 1117 2090 Potesttamen

325 2115 498 2194 Episcopus
520 2115 614 2177 etiam
634 2115 675 2175 ad
700 2116 758 2176 hoc
774 2117 951 2195 specialiter
966 2117 1117 2195 deputare

326 2203 496 2282 Vicarium,
515 2203 557 2265 uti
573 2209 695 2266 constat
710 2225 748 2266 ex
761 2205 847 2266 Trid.
862 2224 927 2267 sess.
944 2209 994 2281 21,
1010 2225 1074 2286 cap.
1086 2209 1116 2282 6,

326 2289 385 2351 1111
400 2290 478 2353 11111
495 2292 594 2352 electa
608 2296 690 2354 esset
712 2293 867 2354 industria
890 2312 1030 2372 personae
1046 2293 1120 2371 Epi-

326 2381 423 2460 scopi,
439 2381 613 2442 secundum
628 2381 711 2443 dicta
726 2382 779 2444 lib.
796 2387 826 2458 1,
844 2402 875 2444 n.
893 2381 1119 2444 11111111-

326 2469 402 2549 quid
417 2469 631 2531 committatur
653 2471 777 2532 vicario
793 2471 887 2532 etiam
911 2471 969 2531 sub
994 2469 1118 2529 nomine

326 2557 487 2638 dignitatis
514 2576 590 2636 suae,
621 2577 683 2619 non
705 2559 775 2621 ideo
795 2562 898 2638 potest
919 2577 952 2620 11
976 2558 1118 2636 ingerere

326 2645 511 2724 Episcopus,
528 2645 585 2706 nisi
608 2645 667 2725 ipsi
682 2646 858 2708 committat
873 2644 1026 2720 vicarius,
1046 2641 1119 2722 quia

325 2735 357 2794 in
372 2733 526 2815 ejusmodi
550 2732 805 2812 deputationibus
827 2753 888 2796 non
913 2738 1059 2795 censetur
1073 2732 1120 2793 la-

326 2839 396 2882 cere
410 2820 495 2880 idem
508 2821 656 2884 tribunal.
673 2825 712 2886 Et
727 2821 785 2884 hoc
801 2823 895 2884 docet
913 2822 1007 2882 etiam
1023 2824 1117 2882 Leur.

326 2919 428 2991 quest.
456 2911 511 2972 195
537 2913 654 2988 11299,
679 2929 751 2971 eum
767 2910 935 2972 communi.
958 2914 988 2971 5.
1012 2911 1118 2988 Neque

326 3005 392 3060 tum
402 3001 504 3075 potest
514 3015 547 3056 se
561 2996 704 3076 ingerere
715 2998 898 3077 Episcopus,
911 2999 936 3058 si
948 2997 1023 3078 quid
1033 3016 1120 3057 eom-

325 3085 466 3148 mittatur
480 3085 631 3164 Episcopo
648 3087 696 3147 rel
707 3087 842 3163 Vicario,
856 3092 887 3148 ct
898 3084 1040 3150 vicarius
1052 3085 1119 3166 jam

326 3172 487 3252 incoeperit
509 3174 748 3256 expeditionem.
771 3178 800 3236 6.
817 3174 913 3236 Addit
928 3175 1016 3254 Pign.
1041 3182 1064 3234 t.
1089 3178 1117 3250 1,

326 3260 451 3324 consult.
477 3264 546 3339 312,
573 3281 610 3322 cx
632 3263 843 3324 declaratione
869 3267 906 3324 11
934 3262 1120 3324 Novembris

331 3351 507 3426 16131111,
524 3351 549 3411 si
565 3351 737 3430 Episcopus
761 3351 801 3412 ob
814 3351 1000 3411 tenuitatem
1016 3350 1121 3411 reddi-

325 3444 414 3501 tuum
437 3440 532 3500 ctium
560 3439 599 3499 dc
622 3458 775 3500 consensu
799 3441 831 3500 S.
860 3439 1120 3517 Congregationis

326 3545 389 3588 non
403 3525 518 3587 habeat
532 3525 701 3602 Vicarium,
718 3527 773 3586 sed
784 3546 841 3607 per
851 3545 883 3586 se
895 3525 990 3586 faciat
1001 3524 1117 3602 omnia,

327 3631 389 3675 uon
404 3631 494 3692 posse
510 3611 620 3690 exequi
631 3611 748 3673 litteras
758 3613 954 3693 Apostolicas
969 3611 1009 3672 ad
1025 3611 1120 3673 Vica-

326 3702 408 3763 rium
422 3719 486 3762 111
501 3698 644 3760 dimersis
659 3699 804 3763 directas.
822 3700 919 3761 Addit
933 3718 1000 3780 seq.
1019 3701 1117 3761 Krim.

325 3809 405 3850 num.
422 3791 511 3864 2213,
528 3787 629 3848 citatis
653 3789 832 3850 auctoribus
850 3810 855 3848 :
876 3792 903 3848 1.
927 3787 958 3850 Si
979 3789 1119 3850 executio

326 3875 533 3938 demandetur
553 3875 728 3952 Ordinario,
749 3881 851 3956 potest
875 3875 987 3956 exequi
1004 3881 1035 3938 ot
1049 3875 1120 3954 Epi·

325 3983 439 4044 seopus
453 3969 485 4026 et
502 3963 645 4026 Vicarius
667 3965 826 4026 Generalis
843 3983 850 4024 :
867 3964 942 4024 ilem
964 3964 989 4023 si
1011 3963 1119 4025 sintin

326 4052 453 4114 dioecesi
469 4050 593 4127 nullius,
610 4055 712 4129 potest
727 4053 877 4113 Praelatus
892 4051 1011 4112 babens
1024 4050 1120 4132 juris-

326 4139 495 4200 dictionem
510 4137 598 4218 quasi
613 4138 840 4218 Episcopalem‚
858 4157 920 4200 non
936 4143 1039 4201 tamen
1052 4137 1119 4218 ejus

326 4227 480 4290 Vicarius.
497 4229 526 4288 2.
544 4226 575 4288 Si
591 4226 798 4288 demandetur
813 4226 977 4305 Episcopo,
989 4245 1051 4287 non
1066 4245 1119 4304 po-

327 4321 387 4378 test
408 4313 567 4387 Vicarius;
585 4313 609 4374 si
634 4315 770 4392 Vicario,
788 4335 849 4376 non
873 4319 975 4394 potest
996 4315 1119 4393 Episco-

327 4423 396 4482 pus,
414 4401 556 4482 quamris
577 4400 720 4463 Viearius
741 4401 832 4478 absit,
852 4401 1038 4482 deponatur,
1055 4419 1119 4461 mo-

327 4491 436 4566 riatur,
454 4490 526 4568 quia
546 4489 576 4548 in
593 4490 640 4566 his
656 4489 780 4569 eligitur
797 4490 951 4552 industria
965 4507 1116 4570 personas.

326 4581 356 4638 3.
374 4578 406 4640 Si
422 4577 629 4638 demandetur
643 4577 766 4638 llicario
782 4577 840 4637 sub
851 4577 975 4638 nomine
991 4576 1116 4653 Vicarii,

327 4663 447 4726 etiamsi
463 4663 669 4742 postpositum
684 4662 724 4724 sit
738 4683 851 4724 nomen
867 4663 933 4744 ejus
943 4666 1116 4743 proprium,

328 4751 413 4814 serbi
427 4749 539 4831 gratia,
557 4751 680 4812 Vicario
696 4752 884 4829 Coloniensi,
901 4753 1005 4812 Marco
1022 4755 1120 4814 Anto-

326 4839 390 4914 nio,
403 4837 517 4918 poterit
527 4838 637 4917 exequi
649 4839 852 4898 successoria
863 4839 1033 4916 Vicariatu,
1046 4839 1120 4918 quia

326 4925 526 4989 demandatio
546 4931 593 4986 est
611 4926 714 4988 realis.
741 4927 772 4988 Si
794 4927 852 4988 sub
873 4927 1039 5006 praeposito
1064 4946 1120 4988 no-

324 5015 409 5076 mine
423 5014 550 5094 proprio
566 5013 692 5090 Vicarii,
710 5033 740 5077 v.
752 5033 784 5093 g.
798 5015 901 5078 lllareo
916 5014 1050 5076 Antonio
1066 5014 1120 5076 vi-

325 5102 410 5164 cario
435 5102 628 5178 Coloniensi,
654 5103 738 5164 solus
759 5103 825 5181 ipse
849 5102 963 5182 poterit
991 5103 1117 5182 exequi,

326 5191 420 5253 etiam
435 5196 557 5252 amotus
572 5189 612 5251 ab
632 5191 744 5267 olfreio,
762 5191 835 5269 quia
855 5197 901 5251 est
919 5189 1119 5250 demandatio

325 5277 509 5356 personalis.
526 5281 556 5339 1.
582 5279 688 5339 Potest
709 5278 872 5356 delegatus
896 5277 984 5337 alteri
999 5277 1059 5336 lule
1075 5276 1121 5336 di-

325 5382 387 5444 311
411 5365 608 5426 committere
637 5365 889 5427 informationem
905 5365 1120 5426 'verificando-

326 5469 406 5532 rum,
423 5456 455 5516 et
468 5451 683 5533 receptionem
698 5451 835 5516 testium.
852 5451 993 5534 Denique
1008 5457 1120 5517 notan-

1172 1242 1424 1319 llletropolitana,
1437 1239 1621 1314 BonnensiS,
1633 1237 1810 1314 Xantensis,
1822 1239 1955 1298 smann-

1172 1329 1224 1388 sis.
1243 1329 1280 1388 Hi
1296 1326 1516 1389 Archidiaooni
1532 1329 1683 1405 putarunt
1696 1343 1729 1384 se
1745 1330 1857 1402 praeter
1869 1323 1956 1384 multa

1172 1415 1234 1475 alia
1251 1414 1304 1494 jus
1319 1404 1447 1491 babere,
1467 1418 1497 1474 1.
1523 1411 1730 1492 Dispensandi
1745 1411 1777 1470 in
1798 1409 1957 1490 proclama·

1174 1501 1313 1562 tionibus
1323 1501 1616 1568 matrimonialibus.
1633 1504 1663 1560 2.
1680 1498 1851 1560 Assisteudi
1866 1501 1916 1558 aut
1928 1498 1955 1557 li-

1174 1589 1311 1650 centiam
1326 1589 1518 1650 coneedendi
1533 1589 1574 1650 ad
1588 1587 1798 1650 assistendum
1810 1585 1956 1648 matrimo-

1173 1678 1243 1755 niis,
1260 1679 1447 1758 cuieumque
1462 1678 1645 1757 presbytero
1657 1676 1724 1738 siue
1738 1675 1863 1736 licentia
1876 1676 1956 1735 Paro·

1173 1765 1234 1826 elii.
1252 1769 1282 1827 3.
1299 1765 1401 1828 Dandi
1415 1765 1574 1827 licentiam
1593 1764 1633 1825 ad
1649 1762 1882 1825 matrimonium
1895 1780 1956 1822 con·

1175 1855 1362 1916 trahendum
1388 1855 1418 1914 in
1434 1853 1584 1917 Oratoriis
1599 1854 1649 1913 vel
1664 1851 1810 1914 domibus
1826 1851 1954 1930 priuatis.

1173 1943 1436 2004 Contradixerunt
1446 1941 1693 2020 Archiepiscopi,
1706 1939 1918 2002 Eerdinaudus
1930 1940 1955 1999 in

1174 2031 1302 2108 Synodo
1318 2031 1391 2092 anni
1407 2032 1495 2106 1612,
1513 2035 1544 2091 11
1554 2048 1610 2107 per
1625 2028 1761 2090 edictum
1773 2029 1809 2086 11
1820 2026 1954 2088 Decemb.

1180 2121 1269 2194 1619,
1286 2119 1557 2180 1111111111645.
1575 2115 1804 2179 Maximilianus
1823 2114 1855 2175 in
1870 2116 1956 2193 Syna

1174 2208 1214 2269 do
1230 2210 1318 2285 1662,
1336 2214 1367 2268 11
1381 2226 1438 2286 per
1452 2206 1589 2268 edictum
1604 2205 1742 2269 astanti
1758 2205 1848 2280 1663,
1865 2222 1899 2264 ae
1913 2203 1956 2264 ite·

1173 2316 1246 2357 rum
1260 2301 1298 2358 28
1310 2296 1461 2358 Novemb.
1481 2298 1569 2371 1615,
1581 2293 1699 2372 loseph
1710 2293 1881 2356 Clemens3
1892 2297 1953 2369 Apr.

1175 2388 1263 2452 1691,
1276 2385 1327 2464 qui
1340 2384 1433 2445 etiam
1445 2382 1617 2464 publicavit
1627 2385 1807 2442 emunctam
1818 2381 1879 2442 aS.
1890 2381 1955 2440 Con·

1173 2492 1262 2552 greg.
1280 2472 1524 2534 declarationem
1548 2469 1632 2532 circa
1646 2469 1716 2547 ista,
1741 2487 1838 2548 quam
1858 2467 1955 2530 11161-

1174 2562 1273 2624 marit
1288 2565 1383 2640 Papa,
1401 2565 1495 2639 prout
1508 2560 1660 2640 sequitur.

1274 2693 1582 2755 ALEXANDER
1604 2691 1737 2752 ΡΑΡΑ
1759 2691 1864 2751 Vlll.

1221 2841 1235 2876 1
1246 2818 1295 2881 Ad
1306 2818 1443 2880 futuram
1458 2817 1502 2878 rei
1517 2815 1801 2894 memoriam,alias
1816 2811 1955 2876 emanarit

1174 2931 1187 2966 n
1207 2927 1227 2968 a
1240 2911 1394 2987 Congreg.
1416 2911 1491 2968 tunc
1515 2905 1714 2967 existentium
1734 2906 1766 2967 S.
1786 2903 1955 2964 1111111-

1174 3019 1187 3054 n
1208 2996 1359 3056 dinalium
1382 2995 1510 3058 Concilii
1527 2993 1613 3056 Trid.
1630 2996 1844 3070 Interpretum
1858 2992 1955 3050 licere

1174 3104 1188 3140 n
1208 3087 1274 3143 tum
1289 3083 1405 3144 tenoris
1420 3083 1473 3162 qui
1487 3082 1638 3162 sequitur,
1650 3079 1799 3142 videlicet
1810 3078 1954 3141 Colonien-

1174 3191 1188 3228 n
1208 3169 1249 3229 sis
1272 3170 1501 3232 iurisdictionis
1526 3168 1703 3248 Praeposilis
1726 3170 1763 3230 11
1786 3165 1954 3230 Novembris

1174 3280 1188 3315 n
1209 3260 1296 3333 1616,
1309 3257 1411 3318 dubiis
1423 3258 1503 3318 inl'ra
1512 3257 1697 3332 seribendiS,
1709 3256 1860 3318 resolutio
1875 3254 1953 3314 dilata

1174 3367 1188 3402 n
1207 3344 1275 3420 tuit,
1293 3345 1557 3424 praetendentibus
1572 3345 1815 3408 archidiaconis
1826 3341 1951 3424 jurisdic

1174 3457 1188 3492 n
1208 3452 1279 3494 nem
1304 3436 1389 3496 Sacr.
1415 3438 1567 3516 Congreg.
1591 3433 1836 3510 declinantibus,
1862 3430 1952 3492 habito

1175 3545 1189 3580 n
1208 3528 1313 3583 autem
1327 3543 1456 3584 recursu
1471 3523 1511 3584 ad
1536 3523 1738 3602 signaturam
1758 3517 1950 3592 sanctissimi,

1175 3631 1189 3667 n
1209 3610 1394 3689 rescriptum
1417 3610 1486 3688 fuit,
1513 3629 1641 3671 causam
1665 3609 1913 3688 cognoscendam
1928 3605 1950 3663 iu

1176 3720 1189 3754 n
1210 3697 1296 3760 Sacr.
1313 3701 1467 3778 Congreg.
1485 3717 1557 3760 cum
1571 3702 1643 3759 voto
1655 3699 1754 3774 Rotae,
1768 3697 1810 3757 ab
1822 3697 1951 3756 11111111-

1176 3806 1189 3841 n
1205 3785 1356 3846 naritsub
1367 3784 1450 3845 dieb.
1464 3788 1498 3845 11
1512 3788 1587 3862 Apr.
1601 3781 1957 3854 111111111111181.

1175 3893 1189 3928 n
1208 3877 1315 3933 votum
1327 3878 1470 3934 constare
1483 3870 1521 3931 de
1532 3871 1615 3934 bono
1627 3870 1711 3951 jure,
1724 3870 1822 3932 eliam
1833 3869 1870 3931 ad
1880 3869 1952 3928 ellae

1175 3981 1188 4016 n
1208 3962 1274 4019 tum
1293 3959 1539 4022 manutensionis
1559 3957 1799 4038 Archiepiscopi
1822 3951 1953 4019 Electoris

1174 4073 1188 4110 n
1208 4052 1409 4129 Coloniensis,
1420 4059 1514 4134 prout
1529 4071 1566 4113 ex
1577 4052 1797 4114 Decisionibus
1808 4070 1873 4131 qua
1890 4049 1953 4110 dau·

1174 4143 1269 4200 ntur.
1293 4140 1426 4201 Proinde
1447 4158 1529 4202 nunc
1551 4141 1715 4200 Promotor
1734 4138 1867 4202 Fisearis
1880 4137 1952 4200 Elee-

1173 4247 1187 4283 n
1206 4227 1294 4304 toris,
1317 4227 1412 4289 citata
1426 4233 1514 4307 parte
1539 4227 1695 4306 supplicat
1719 4225 1883 4302 declarari,
1902 4223 1949 4303 pri·

1174 4337 1188 4372 n
1207 4333 1258 4376 mo
1285 4335 1291 4376 :
1318 4319 1365 4377 An
1390 4315 1610 4376 Archidiaeoni
1634 4332 1786 4375 eorumve
1817 4309 1949 4375 officiale

1173 4424 1188 4461 n
1207 4401 1325 4481 possint
1347 4402 1528 4482 dispensare
1553 4404 1585 4462 in
1605 4421 1667 4464 una
1690 4407 1746 4464 aut
1761 4400 1897 4464 omuibus
1909 4397 1949 4456 de

1174 4514 1187 4549 n
1208 4491 1454 4554 nuntiationibus
1476 4491 1772 4553 matrimonialibus.
1790 4493 1878 4552 2.111
1895 4502 1949 4564 111

1173 4599 1187 4635 n
1207 4577 1269 4638 siut
1282 4577 1426 4638 assistere
1449 4582 1504 4640 111
1517 4577 1676 4638 licentiam
1691 4577 1862 4640 concedere
1875 4571 1947 4634 assis

1173 4687 1187 4724 n
1206 4665 1290 4727 tendi
1325 4666 1531 4727 matrimoniis
1564 4665 1754 4746 cuicumque
1783 4663 1946 4740 Presbytero

1173 4777 1187 4812 n
1207 4753 1272 4813 sine
1294 4753 1421 4816 licentia
1440 4752 1583 4831 Parochi,
1601 4759 1655 4814 aut
1676 4771 1713 4813 eo
1738 4747 1944 4840 1111111111

1173 4864 1187 4899 n
1207 4843 1255 4901 Au
1271 4840 1343 4902 item
1360 4841 1479 4920 possint
1497 4841 1656 4902 licentiam
1671 4841 1749 4902 dare
1768 4829 1945 4902 1111111111

1173 4952 1187 4986 n
1207 4928 1237 4988 in
1253 4929 1414 5005 Oratoriis,
1439 4928 1583 4990 domibus
1606 4929 1749 5008 privatiS,
1774 4925 1894 5007 Capellis

1173 5039 1187 5074 n
1206 5017 1334 5092 ralibus,
1351 5023 1405 5078 aut
1420 5016 1451 5078 in
1466 5016 1613 5078 Ecclesiis
1628 5016 1756 5078 clausis.
1770 5017 1825 5078 Die
1839 5016 1871 5076 11
1885 5005 1934 5072 Ju'

1174 5127 1187 5161 n
1203 5095 1933 5184 1686,811110115113111111111116118111

1174 5215 1187 5250 n
1208 5193 1419 5253 Cardinalium
1435 5191 1561 5254 Concilii
1574 5191 1752 5255 Tridentini
1762 5189 1916 5269 Interprotu
1938 5252 1942 5263 ¹

1175 5301 1188 5336 n
1208 5278 1368 5356 respondit
1390 5279 1534 5358 negativo
1559 5279 1590 5338 in
1615 5279 1774 5340 omnibus.
1799 5281 1844 5341 Jo.
1868 5267 1942 5336 Cani:

1175 5391 1188 5423 n
1208 5367 1358 5428 Columna
1373 5366 1554 5443 Praefectus,
1571 5367 1653 5426 Loco
1669 5371 1691 5443 †
1707 5358 1916 5446 sigillasti

1174 5477 1188 5514 n
1208 5455 1276 5516 nius
1291 5456 1324 5517 S.
1342 5457 1374 5517 C.
1393 5453 1597 5544 secretarius.
1609 5455 1689 5518 Cum
1709 5459 1813 5520 autern
1829 5453 1896 5514 sieut
1925 5443 1931 5455 '
