3968 6346
544 962 1139 1225 INDEX

660 1365 1016 1418 uocurtnrlssruus

108 1557 285 1634 clsuulr
310 1559 363 1635 ET
388 1559 732 1638 RESOLUTIONUM
758 1559 858 1647 QUAE
884 1561 932 1636 IN
957 1561 1066 1638 ΤΟΤΟ
1091 1555 1235 1636 OPERE
1261 1557 1570 1638 CONTINENTUR

726 1819 951 1883 MONl'l'UM

61 2029 137 2089 Cum
151 2024 219 2088 aliis
239 2025 384 2088 omnibus
406 2027 517 2106 Libris,
540 2035 608 2090 tum
627 2031 802 2109 praesertim
825 2028 913 2090 iniis
933 2011 986 2108 qui
1009 2027 1048 2090 de
1068 2027 1177 2092 Murali
1201 2027 1372 2110 'theologia
1394 2031 1502 2110 agunt,
1525 2027 1662 2091 maximo

25 2147 143 2208 semper
155 2129 235 2192 solet
248 2147 317 2192 esse
330 2129 477 2193 studiosis
490 2131 669 2194 hominibus
683 2133 865 2214 adjumento
880 2151 989 2194 eorum
1005 2149 1074 2212 quae
1095 2132 1127 2192 in
1149 2133 1209 2194 illis
1223 2136 1466 2212 pertractantur,
1491 2133 1587 2195 ludex
1611 2151 1661 2194 ac·

25 2237 155 2295 curatus.
180 2236 225 2296 Ne
247 2232 323 2314 quid
348 2234 445 2316 igitur
468 2241 564 2314 esset,
589 2235 812 2298 humanissime
835 2240 960 2314 Lector,
986 2236 1018 2296 in
1037 2235 1114 2315 hac,
1141 2254 1236 2316 qnam
1260 2236 1315 2298 tibi
1338 2236 1533 2314 exhibemus,
1550 2237 1661 2300 ltlorali

23 2335 199 2417 theologia,
215 2337 301 2419 quod
320 2339 447 2402 omnino
462 2339 667 2419 desiderares,
684 2342 819 2402 Casuum
833 2342 973 2402 omnium
988 2345 1019 2404 et
1033 2341 1269 2402 Resolutionum
1283 2341 1563 2422 locupletissimum
1581 2339 1661 2403 indi·

24 2456 86 2500 cem
99 2439 247 2520 improbo
262 2441 400 2521 quodam
414 2443 521 2506 labore
537 2462 722 2526 summaque
738 2444 898 2526 diligentia
920 2464 940 2507 a
959 2443 1215 2525 praestantiasimo
1236 2445 1399 2508 Societatis
1413 2447 1488 2508 lesu
1502 2445 1662 2526 'lhcologo

23 2544 241 2606 concinnatum
254 2549 406 2626 tanquam
426 2566 483 2628 pro
498 2549 647 2611 coronide
667 2549 762 2612 totius
776 2549 879 2629 operis
893 2548 944 2611 hic
958 2549 1165 2612 adnectimus.

57 2647 113 2710 llic
134 2667 211 2712 vero
235 2655 409 2731 opportune
431 2656 461 2714 te
484 2653 639 2714 monitum
660 2655 743 2730 volo,
769 2671 832 2716 non
856 2671 964 2716 omnes
982 2653 1098 2716 Indicis
1113 2651 1207 2734 hujus
1221 2652 1450 2734 propositiones
1465 2653 1496 2715 in
1511 2653 1650 2735 generali

14 2769 110 2814 ¹seusu
131 2771 256 2834 semper
269 2755 467 2835 accipiendas
482 2775 562 2835 esee,
586 2756 643 2819 sed
666 2759 855 2838 quaudoque
877 2758 999 2838 aliquas
1021 2757 1201 2822 limitandas
1224 2763 1255 2819 et
1269 2758 1514 2838 restringendae,
1531 2758 1616 2839 quod
1630 2758 1663 2820 in

22 2855 98 2920 libro
114 2863 148 2921 et
162 2876 293 2922 numero
308 2859 409 2922 citatis
424 2860 555 2924 videbis.
572 2863 651 2925 lllud
666 2862 760 2926 etiam
784 2863 1097 2926 animadvertendum
1112 2867 1169 2940 est,
1194 2861 1314 2925 litteras
1330 2861 1399 2924 illas
1423 2862 1662 2943 compendiosas

21 2979 88 3042 qua
103 2963 139 3024 in
160 2963 220 3026 hcc
234 2964 340 3027 Indice
354 2965 471 3045 passim
485 2972 663 3045 occurrunt,
681 2984 813 3049 queque
827 2969 897 3032 loca
909 2965 1086 3049 designaut,
1103 2965 1163 3030 hoc
1176 2970 1268 3048 pacto
1283 2985 1351 3029 esse
1365 2966 1594 3049 intelligendas.

96 3147 110 3214 l
137 3149 256 3213 iudicat
267 3150 395 3214 librum.

92 3269 117 3335 p
137 3252 256 3317 indicat
268 3259 391 3335 partem
405 3253 487 3318 libri.

90 3374 115 3422 ιι
139 3357 257 3424 indicat
269 3379 436 3422 numerum
449 3363 481 3424 in
493 3361 636 3444 margine
651 3361 853 3443 descriptum.

54 3477 114 3528 an
139 3463 294 3543 siguificat
305 3465 347 3526 ab
361 3467 428 3544 ipso
443 3483 574 3529 numero
589 3466 766 3547 incipiendo
780 3467 908 3531 tractari
919 3465 958 3529 de
972 3466 1114 3550 subjecta
1128 3468 1270 3531 materia.

88 3565 112 3632 d
136 3567 244 3631 addita
254 3587 384 3632 numero
399 3573 488 3648 2055,
500 3571 656 3650 significat
668 3573 835 3635 Decretum
849 3571 977 3652 aliquod
992 3573 1023 3635 S.
1046 3571 1303 3653 Congregationis
1317 3570 1375 3635 sub
1389 3591 1427 3636 eo
1442 3588 1572 3636 numero
1587 3587 1663 3634 con-

180 3675 314 3752 tentum,
331 3675 415 3754 quod
430 3674 572 3756 sequenti
587 3693 718 3738 numero
733 3675 809 3738 item
822 3676 988 3756 marginali
1004 3677 1181 3739 denotatur.

50 3791 72 3841 a
87 3775 113 3840 d
136 3775 254 3840 indicat
268 3777 308 3839 ab
323 3777 381 3840 isto
396 3781 528 3842 Decreto
542 3777 719 3860 incipiendo
734 3779 862 3843 tractari
877 3780 917 3841 de
932 3779 1075 3860 subjecta
1087 3779 1230 3842 materia.

50 3881 86 3943 Si
102 3882 234 3962 quando
252 3900 329 3943 vero
348 3884 483 3946 occurrit
501 3901 650 3946 numerus
664 3884 731 3947 sine
744 3885 825 3950 libro
840 3888 871 3949 et
884 3888 974 3966 parte
987 3885 1070 3964 libri,
1096 3889 1164 3948 tum
1184 3883 1428 3966 subintelligitur
1439 3885 1528 3968 ¹liber
1547 3889 1579 3950 et
1597 3884 1664 3966 ejus

14 4001 85 4068 aare
100 4003 177 4068 quae
191 3983 301 4050 ultimo
310 3987 379 4050 loco
393 3987 597 4070 supracitata
611 3991 668 4054 est.
685 3991 773 4054 Vale.

405 4227 431 4300 Α
870 4227 912 4277 tos
921 4223 1062 4289 religiosos
1076 4236 1138 4275 cnm
1152 4235 1262 4275 excessu
1276 4221 1412 4284 verberet,
1422 4221 1466 4274 vel
1476 4223 1506 4274 in
1520 4221 1601 4274 modo
1615 4221 1665 4274 de·

869 4294 985 4358 linquat,
997 4293 1014 4343 l.
1029 4295 1054 4356 l,
1066 4307 1093 4344 n.
1104 4295 1157 4344 318.
1169 4293 1209 4343 Ab
1219 4307 1250 4343 ea
1259 4291 1363 4342 absolvi
1374 4294 1486 4356 potesta
1497 4291 1664 4344 confessario

868 4361 1664 4494 saaraaaataaresumentes

1171 4469 1178 4495 l

32 4497 141 4548 Abbcs
160 4499 273 4548 tenetur
287 4510 320 4546 ex
341 4497 429 4548 officio
446 4501 474 4550 et
490 4497 597 4563 lustitia
615 4500 762 4565 aliqnando
787 4502 815 4552 iu
869 4502 996 4553 interiore
1018 4502 1197 4564 confirmata,
1217 4514 1272 4551 nou
1296 4505 1388 4552 umen
1406 4515 1422 4550 a
1439 4501 1591 4563 Superiora.
1610 4501 1664 4550 Nec

14 4571 125 4619 acerra
143 4565 315 4616 subditorum
326 4567 461 4631 indagare,
477 4582 523 4620 eos
540 4573 652 4633 paterne
671 4571 814 4636 corripere,
868 4573 975 4624 irritare
984 4574 1073 4637 potest
1082 4575 1177 4622 votum
1186 4571 1344 4622 transeundi
1354 4571 1388 4620 ad
1402 4569 1571 4632 Religionem
1585 4570 1663 4620 strie-

14 4641 65 4690 ta
83 4637 211 4702 peccatis
225 4650 361 4700 revocare,
376 4637 423 4688 lib.
439 4641 463 4700 2,
482 4652 549 4688 uum
562 4641 616 4690 2⁰8.
634 4641 750 4692 Tenetur
762 4641 815 4691 ali·
869 4643 976 4703 liorem,
986 4641 1003 4692 l.
1013 4644 1036 4703 ³,
1053 4657 1078 4705 p.
1096 4645 1118 4703 l,
1129 4655 1156 4690 u.
1167 4641 1221 4692 lte.
1240 4641 1444 4690 Vidensvotum
1454 4637 1560 4698 violari,
1572 4641 1598 4688 et
1608 4650 1662 4687 uon

14 4708 128 4774 mando
145 4706 304 4758 etiamnum
319 4709 381 4757 vitre
396 4723 451 4760 suae
466 4710 587 4774 periculo
605 4710 735 4762 adhibere
749 4712 814 4762 dili·
869 4712 1065 4772 contradicens,
1079 4725 1142 4761 cum
1160 4709 1236 4760 tacite
1257 4709 1350 4773 possit,
1371 4707 1480 4758 ridetur
1498 4706 1663 4769 dispensare,

14 4779 149 4838 entiam,
160 4789 241 4840 quam
256 4781 354 4840 potest,
372 4781 522 4842 utpeceatu
539 4780 709 4830 subditorum
728 4780 814 4843 impe·
868 4795 943 4832 num.
954 4783 1008 4831 537.
1024 4781 1114 4831 Potest
1126 4779 1246 4842 aliquem
1265 4793 1298 4828 ex
1312 4777 1406 4828 ordine
1418 4777 1514 4841 ejicere
1532 4777 1583 4826 sub
1597 4789 1663 4825 con-

14 4849 73 4909 mr,
96 4857 181 4895 num.
199 4847 254 4908 2⁰8,
268 4847 322 4896 2ll.
347 4846 486 4910 l‘ugitiros
503 4850 531 4897 et
550 4851 687 4912 apostatas
707 4852 816 4898 tenetur
869 4849 1076 4910 ditione,utvel
1090 4849 1172 4898 aliam
1189 4847 1356 4911 Religionem
1373 4847 1463 4907 intret,
1479 4845 1570 4894 velad
1587 4857 1663 4894 suam

14 4918 167 4982 aquirere,
187 4915 210 4964 si
223 4915 326 4978 absque
344 4915 420 4978 gravi
438 4915 537 4966 damno
553 4917 657 4968 ordinis
676 4916 768 4981 possit,
787 4920 816 4967 et
867 4923 1028 4979 revertatur,
1040 4919 1057 4968 l.
1069 4920 1093 4980 l,
1104 4932 1178 4968 num.
1191 4919 1243 4967 rea.
1262 4917 1381 4966 Potesta
1396 4915 1549 4978 professura
1564 4915 1663 4976 scripto

14 4999 62 5038 nn
84 4982 243 5034 videantur
262 4985 374 5034 omnino
394 4985 601 5048 incorrigibiles,
621 4985 638 5035 l.
654 4988 678 5047 t,
702 5001 729 5036 ιι.
752 4987 812 5045 1983
869 4989 985 5052 exigere,
997 4991 1028 5037 ut
1045 5001 1073 5037 sc
1088 4987 1190 5050 obliget
1205 4984 1239 5035 ud
1250 4984 1480 5046 reformationem,
1494 4981 1529 5033 ad
1547 4982 1664 5033 strictio-

14 5071 51 5109 ει·
61 5053 243 5106 sententiam
252 5055 361 5117 ejectos,
374 5053 397 5103 si
406 5067 434 5105 ee
445 5057 622 5116 correxerint,
637 5055 815 5118 probabiliter
869 5072 926 5110 rem
941 5058 1151 5118 observantiam,
1167 5061 1229 5118 eta,
1244 5069 1271 5105 n.
1282 5056 1320 5105 68.

14 5130 128 5178 emetur
147 5124 360 5187 reclamanem.
373 5127 425 5176 ¹98.
443 5126 504 5176 Non
520 5129 628 5176 tenetur
639 5129 774 5190 apostatas
788 5129 815 5177 et
899 5127 987 5179 abbas
996 5127 1170 5179 confirmatus
1177 5127 1335 5191 potestante
1345 5121 1564 5174 benedictionem
1572 5121 1663 5174 emula

14 5196 152 5262 agitivos
166 5195 286 5257 recipere
299 5195 334 5245 ad
344 5196 469 5246 eumdem
482 5197 723 5259 gradumhcnoris,
734 5209 815 5260 quem
869 5210 1002 5260 exercere,
1013 5210 1073 5260 quea
1083 5191 1375 5259 suutjuridioticnis,.l.
1390 5194 1414 5256 t,
1425 5208 1452 5244 n.
1467 5194 1522 5244 itt.

14 5263 179 5324 abuerint,
197 5276 224 5314 ιι.
235 5265 289 5314 2⁰2.
305 5263 408 5326 Peccat,
423 5267 446 5314 si
456 5266 567 5316 subdito
582 5267 721 5330 permittat
734 5268 764 5316 ut
774 5280 816 5316 sn·
900 5268 989 5318 Abbas
999 5281 1054 5317 non
1069 5267 1158 5330 potest
1170 5268 1244 5315 extra
1255 5276 1332 5315 suam
1342 5262 1498 5323 Ecclesiam,
1512 5263 1571 5312 sine
1580 5260 1666 5312 licen-

14 5334 120 5388 erflua
131 5333 289 5396 pretiosiset
297 5337 396 5386 statum
407 5349 488 5386 suurn
498 5349 555 5387 ucn
562 5336 686 5386 decentia
696 5348 816 5400 penesee
870 5339 909 5388 tia
925 5337 1071 5396 ordinarii,
1086 5335 1128 5385 uti
1145 5335 1227 5384 mitra
1244 5338 1272 5385 et
1285 5333 1391 5395 baculo,
1406 5345 1495 5396 neque
1512 5344 1543 5381 ea
1561 5333 1625 5382 ante
1639 5344 1667 5380 se

14 5405 126 5464 abeat,
146 5415 173 5452 ιι.
186 5401 545 5458 Macommunicationcm
559 5405 675 5458 incurrit
689 5407 817 5458 sisnbdi·
871 5406 982 5468 deterre,
994 5407 1016 5458 si
1026 5405 1098 5458 elius
1112 5405 1240 5458 celebret.
1250 5403 1267 5456 1.
1276 5405 1301 5466 6,
1312 5418 1338 5470 p.
1347 5405 1371 5466 2,
1387 5416 1415 5456 u.
1426 5403 1482 5466 26⁰,
1493 5399 1603 5464 tottam.
1612 5401 1666 5461 tte,
1742 5425 1780 5455 .-

106 5479 225 5532 ιιιιιι.
1575 5479 1588 5528 ¹
