4044 6340
338 542 377 602 co
846 513 854 522 ’
997 544 1071 606 un.
1096 544 1148 604 vr.
1172 543 1284 606 raas.
1304 545 1355 606 ιιι.

240 733 245 750 ·
338 725 392 804 tia,
409 727 544 788 maxime
558 746 630 789 cam
644 734 988 810 amensmaneataptas
999 730 1129 810 copuler,

338 818 370 874 ct
389 816 595 896 generationi,
612 818 664 898 qai
680 823 727 881 est
741 819 811 880 finis
824 819 1024 883 Matrimonii.

268 907 311 953 262
377 904 395 982 §
408 907 437 964 1.
456 905 488 966 Si
506 906 686 986 principalis
701 909 796 970 etiam
810 909 931 972 interae
946 913 1068 971 tantam
1083 927 1132 968 re-

337 998 427 1056 vocet
441 1012 639 1074 consensum,
666 1001 838 1078 antequam
859 1002 1045 1076 procurator
1066 997 1131 1057 olli·

338 1082 421 1142 cium
435 1102 526 1144 suam
541 1087 722 1164 expleverit,
739 1091 814 1166 Gap.
832 1089 885 1148 lin.
904 1088 942 1148 de
957 1105 1082 1166 procur.
1100 1087 1132 1147 in

337 1173 367 1249 6,
384 1171 428 1233 sic
451 1173 566 1234 dicitnr
593 1195 598 1234 :
621 1176 701 1236 Saue
720 1175 747 1236 si
765 1185 952 1257 procurator,
975 1185 1131 1258 certequom

337 1262 530 1329 contraxerit,
547 1263 707 1326 aDomino
716 1264 814 1341 suerit
829 1274 985 1334 reuocatus,
1001 1274 1133 1326 contruc-

339 1356 401 1408 tum
418 1351 602 1429 postmodam
630 1352 852 1415 sllotmmonium
875 1354 911 1415 ot
933 1354 1030 1414 eodem
1054 1353 1133 1434 (licet

338 1445 398 1498 tum
416 1438 486 1518 ipse,
504 1459 590 1520 quom
606 1460 650 1510 eo,
674 1461 739 1502 cum
759 1463 820 1524 qao
840 1443 1030 1510 contraxerit.
1052 1460 1134 1502 reuo-

337 1527 478 1588 cutioaem
501 1529 671 1610 trp'usmodt'
683 1533 799 1612 penitus
818 1533 1000 1614 r'pnorareat)
1020 1531 1134 1592 nullius

214 1669 217 1674 ,
336 1617 476 1676 momenti
489 1619 599 1695 erescit,
625 1639 691 1680 carn
715 1620 797 1681 illius
816 1639 964 1682 consensus
982 1619 1130 1699 defecerit,

336 1704 464 1786 sineque
466 1707 641 1784 firmitatem
656 1709 760 1771 tubere
773 1711 915 1792 nequiuit.
932 1713 970 1772 nt
984 1709 1062 1771 ratio
1074 1713 1130 1786 est,

338 1793 412 1870 qaia
426 1813 484 1855 nec
502 1797 569 1872 las,
596 1816 652 1858 nec
676 1800 815 1860 Ecclesia
834 1801 865 1862 in
888 1800 949 1860 hoc
971 1802 1133 1860 contracta

337 1887 469 1958 possunt
491 1886 636 1963 supplere
664 1905 851 1948 consensum
879 1887 911 1948 in
934 1886 1133 1949 traditionem

339 1987 517 2048 corporum,
548 1992 680 2053 qnorum
718 1976 892 2036 dominium
925 1994 987 2036 non
1016 1974 1134 2034 habent

339 2058 482 2134 quamvis
505 2060 634 2138 possint,
658 2066 690 2123 et
709 2079 792 2141 saepe
816 2064 984 2142 suppleant
1006 2061 1037 2121 in
1065 2061 1134 2122 aliis

339 2147 549 2210 contractibus
560 2149 644 2210 circa
658 2170 707 2212 res
718 2153 917 2230 temporales,
930 2170 1064 2232 quaram
1078 2150 1135 2211 do-

339 2232 470 2293 minium
485 2235 581 2297 altum
598 2242 644 2299 est
659 2240 743 2318 apud
764 2240 952 2318 Principem,
978 2240 1027 2300 vel
1042 2242 1135 2300 nem-

339 2319 508 2396 publicam.
531 2325 620 2396 Quod
639 2327 665 2386 si
687 2326 777 2404 prins
796 2328 933 2388 volueris
957 2333 1065 2406 postea
1086 2345 1135 2386 rc-

340 2427 433 2470 voces
455 2416 486 2473 et
506 2412 619 2475 iterum
635 2417 822 2492 consentias,
839 2423 1008 2496 antequam
1023 2434 1135 2494 procu-

339 2501 426 2558 rator
440 2502 624 2563 mandatam
641 2505 823 2583 expleverit,
842 2506 959 2567 valebit
978 2505 1134 2566 Matrimo-

339 2586 437 2665 nium,
455 2589 528 2669 qaia
542 2591 628 2668 prior
646 2611 816 2654 consensus
845 2593 1009 2654 moraliter
1029 2593 1133 2669 rediit,

340 2680 371 2735 et
384 2676 483 2754 adest,
510 2681 635 2758 quando
659 2683 866 2760 contrahitur,
895 2682 1010 2745 Saach.
1031 2683 1131 2744 Krim.

339 2784 421 2828 num.
437 2771 506 2829 565.

273 2863 313 2908 21³³
380 2856 446 2932 §ta
470 2857 501 2919 Si
526 2859 596 2919 ficto
621 2861 814 2937 consensisti,
839 2861 964 2941 qnando
988 2862 1135 2922 mittebas

342 2949 589 3024 procuratorem,
620 2950 674 3010 sed
704 2954 812 3028 postea
839 2951 919 3012 serio
947 2951 1133 3026 consentias,

343 3031 468 3109 quando
488 3034 539 3094 ille
562 3037 747 3098 mandatam
767 3038 943 3118 exequitur,
961 3039 1087 3119 Heariq.
1108 3048 1136 3098 ct

342 3116 451 3180 Sorech.
468 3121 699 3198 dieantvalere,
711 3127 858 3206 quintam
868 3127 956 3188 adest
966 3145 1136 3188 consensus

342 3207 519 3285 requisitas.
535 3212 616 3271 Kon.
634 3214 724 3291 Spor.
736 3214 834 3275 Krim.
850 3235 930 3276 uum.
942 3219 1011 3292 561,
1024 3216 1135 3294 proha·

341 3294 435 3354 bilius
450 3296 558 3357 dicunt
573 3318 635 3360 aon
650 3301 765 3377 valere,
783 3302 856 3382 qaia
871 3322 942 3364 cam
958 3302 1134 3364 constitutio

343 3385 554 3458 procuratoris
579 3387 665 3448 initio
691 3389 784 3448 luerit
802 3391 897 3467 nulla,
924 3397 955 3450 et
972 3391 1038 3469 ipse
1054 3409 1091 3450 ex
1105 3389 1135 3450 vi

343 3469 425 3531 illius
439 3477 523 3550 agat,
550 3475 615 3553 agit
636 3493 673 3536 ex
688 3477 773 3538 nulla
793 3482 956 3556 potestate,
973 3497 1074 3558 neque
1090 3481 1137 3538 cst

342 3575 435 3619 verus
449 3566 644 3638 procurator,
662 3582 763 3643 neque
774 3565 840 3643 agit
854 3567 979 3627 nominc
994 3566 1133 3642 alterius,

343 3665 415 3707 cam
437 3667 498 3709 non
523 3652 680 3729 acceperit
701 3654 963 3718 commissionem.
988 3659 1135 3717 Attamen

342 3736 489 3815 latentur,
521 3740 605 3818 qaod
625 3759 682 3819 per
705 3761 934 3824 quemcumque
949 3763 1136 3806 consensum

343 3831 596 3905 consequentem,
622 3833 783 3907 stactam,
810 3850 871 3911 qao
891 3836 1001 3910 postea
1024 3836 1137 3894 tractat

343 3911 509 3993 conjugem
525 3919 559 3976 at
568 3934 668 3984 snam,
681 3919 1133 3982 confirmeturMatrimonium.

274 4015 314 4062 soe
381 4003 442 4080 56.
460 4005 648 4065 Procurator
661 4011 764 4086 potest
778 4027 845 4068 esse
860 4008 974 4070 diversi
989 4027 1081 4070 sexus
1096 4009 1136 4069 ab

342 4088 653 4172 illo,n01ninecujas
671 4095 838 4172 contrahit,
864 4095 946 4156 ande
968 4100 1072 4176 potest
1092 4097 1106 4156 l
1122 4131 1136 4142 -

341 4177 428 4238 mina
442 4180 627 4241 contrahere
643 4201 700 4260 pro
714 4183 794 4260 viro,
811 4183 877 4264 agit
891 4185 975 4245 enim
989 4204 1051 4246 non
1066 4204 1134 4262 sao,

342 4265 397 4326 sed
412 4267 540 4328 alterius
555 4269 692 4347 nomine,
712 4274 822 4333 Avers.
846 4281 913 4334 sect.
930 4277 960 4350 ὃ,
977 4280 1061 4334 recte
1081 4275 1138 4335 ad-

342 4353 431 4428 dens,
444 4373 501 4414 aec
511 4355 627 4434 requiri
639 4361 755 4418 certam
764 4363 901 4438 aetatem,
912 4361 986 4439 qaia
994 4362 1137 4441 quamvis

343 4443 417 4520 Gap.
433 4440 490 4515 Oui
500 4444 688 4522 praerutila,
705 4445 744 4506 de
759 4453 916 4524 procurat.
927 4449 998 4526 inb,
1016 4450 1138 4512 dicatur

343 4533 561 4606 procuratores
575 4531 617 4592 ad
632 4533 757 4612 negotia
771 4534 886 4597 debere
901 4556 968 4598 csse
980 4540 1029 4616 17,
1041 4557 1137 4600 anno-

343 4635 424 4694 rum,
440 4625 546 4681 tamen
561 4619 592 4681 id
607 4639 669 4682 non
684 4641 752 4684 esse
767 4623 806 4684 de
821 4626 937 4703 valore,
961 4645 1019 4690 neo
1033 4627 1138 4708 requi-

343 4705 422 4765 ritur
435 4705 466 4766 in
481 4708 689 4786 Matrimonia,
713 4709 745 4770 in
766 4731 827 4790 qno
850 4730 911 4773 non
937 4715 1072 4794 exigitur
1092 4715 1137 4776 in·

344 4793 463 4856 dustria
474 4798 697 4875 procuratoris,
719 4799 773 4860 sed
789 4804 913 4862 tantam
928 4802 1136 4866 manifestatio

344 4899 524 4960 consensus,
541 4884 613 4946 hino
638 4886 806 4966 nequidem
834 4890 1014 4970 requiritur,
1037 4894 1072 4952 ut
1098 4891 1138 4953 sit

344 4971 454 5048 pubes,
481 4973 595 5035 Sanch.
618 4973 669 5036 tit.
693 4978 723 5052 3,
747 4976 776 5040 d.
799 4981 849 5054 11,
880 4999 959 5040 aum.
985 4983 1015 5056 8,
1036 4979 1134 5042 Krim.

344 5078 425 5120 auin.
442 5064 530 5122 erse.

278 5173 318 5221 205
383 5149 401 5226 ἓ
416 5156 444 5210 l.
459 5150 490 5212 Si
502 5151 770 5230 contrahatarper
778 5154 908 5229 litteras,
921 5174 1054 5234 sponsus
1064 5157 1137 5218 scri-

343 5236 419 5297 here
434 5238 537 5314 debet,
563 5239 646 5318 qaod
666 5259 698 5300 se
717 5242 821 5302 tradat
839 5243 871 5302 in
890 5245 1134 5322 Matrimonium,

345 5329 376 5383 et
389 5343 535 5403 sponsam
551 5332 691 5406 acceptet
705 5329 736 5388 in
748 5349 886 5410 uxorem,
903 5351 1018 5411 sponsa
1032 5337 1137 5397 autem

346 5430 452 5472 coram
466 5415 606 5476 l’arooho
622 5419 653 5476 ct
671 5417 801 5478 testibus
820 5419 924 5479 elicere
939 5420 1034 5482 debet
1047 5420 1136 5482 vicis-

346 5499 403 5559 sira
425 5501 507 5580 qaod
535 5521 606 5563 enm
633 5508 775 5585 acceptet
807 5505 837 5564 in
867 5506 1013 5566 maritam
1044 5513 1074 5568 nt.
1102 5529 1134 5568 se

1186 732 1290 792 tradat
1310 731 1341 792 in
1363 749 1504 811 uxorem,
1529 734 1636 816 sicque
1656 736 1716 798 erit
1733 739 1853 800 achrale
1872 740 1957 802 Matri-

1186 820 1339 898 monium,
1355 821 1412 884 ctsi
1427 821 1478 882 illc
1494 823 1547 903 qui
1569 824 1704 904 scripsit,
1726 829 1795 887 tum
1814 832 1882 888 acta
1901 829 1958 890 dor-

1186 907 1273 986 miat,
1291 911 1432 990 Castrop.
1450 911 1480 973 d.
1491 915 1521 989 2,
1530 933 1562 994 p.
1575 917 1605 991 9,
1617 916 1707 992 Spar.
1720 935 1801 976 num.
1811 918 1876 977 831.
1887 916 1957 990 Quod

1186 994 1211 1054 si
1241 1001 1372 1077 uterquc
1395 1018 1452 1077 per
1474 1000 1595 1062 litteras
1616 1005 1700 1080 ngat,
1731 1002 1825 1065 dehet
1849 1008 1958 1085 aterque

1187 1084 1314 1146 alterius
1329 1085 1449 1148 litteras
1470 1089 1576 1168 legere
1590 1109 1699 1152 coram
1713 1090 1853 1152 Paracho
1871 1099 1899 1154 et
1914 1097 1959 1154 les

1186 1170 1281 1236 tibae.

1226 1261 1287 1338 §a
1305 1265 1365 1324 Per
1375 1265 1501 1326 nuntios
1516 1266 1722 1346 contrahitur,
1740 1269 1766 1329 si
1781 1268 1959 1349 hiutriasqae
1975 1219 1995 1326 Α

1187 1348 1337 1412 mittentis
1354 1353 1555 1414 traditionem
1571 1359 1603 1415 ct
1622 1355 1871 1435 acceptationem
1882 1354 1959 1434 signi·

1188 1437 1281 1500 licent
1304 1457 1411 1502 coram
1426 1441 1567 1503 Parocho
1583 1447 1615 1504 et
1628 1443 1778 1517 testibas;
1808 1443 1958 1524 debeatque

1188 1525 1298 1587 eadem
1314 1527 1485 1606 observari,
1510 1548 1579 1609 qaae
1600 1530 1638 1592 de
1654 1535 1818 1594 contracta
1835 1549 1887 1610 per
1905 1549 1960 1610 pro

1188 1619 1364 1675 curatorem
1383 1615 1568 1678 dictasunt.
1595 1621 1655 1680 Per
1678 1620 1738 1681 hoc
1758 1624 1861 1681 antem
1874 1617 1959 1678 distin·

1187 1707 1327 1780 guantur
1346 1704 1431 1764 modi
1456 1707 1666 1768 contrahendi
1690 1725 1747 1786 per
1768 1710 1961 1788 procuratores

1188 1796 1219 1852 ct
1242 1791 1377 1867 nuntios,
1403 1794 1486 1873 quod
1517 1800 1737 1874 procuratores
1763 1797 1961 1875 representat

1187 1879 1959 1960 principaleseteoromnominecontrahant,nantii

1188 1969 1294 2026 autern
1318 1967 1401 2027 nude
1421 1967 1599 2048 significent
1619 1971 1814 2032 voluntatem
1832 1967 1960 2050 principa·

1188 2053 1275 2130 liam,
1293 2055 1377 2134 qaod
1392 2055 1488 2116 ctiam
1502 2057 1614 2119 litterae
1629 2058 1732 2119 solam
1746 2063 1852 2138 agunt.

1231 2141 1339 2216 (iuuat.
1355 2146 1405 2206 38.
1417 2179 1457 2190 -
1470 2145 1519 2205 An
1532 2146 1594 2208 tale
1603 2146 1833 2208 nasamonium
1846 2147 1914 2207 inter
1924 2144 1961 2206 ab
1977 2177 1995 2224 ῃ

1188 2239 1276 2292 sentes
1290 2241 1483 2302 contractum,
1499 2255 1576 2296 nunc
1585 2246 1654 2317 post
1668 2236 1804 2298 rudem.
1819 2235 1912 2298 laha
1922 2253 1961 2296 ro·

1190 2319 1295 2380 tionem
1314 2321 1522 2383 Sacramenti?
1548 2327 1674 2404 Respss
1699 2329 1729 2386 1.
1751 2328 1871 2406 Negant
1890 2324 1958 2402 Splr.

1190 2409 1303 2484 Canus,
1333 2409 1475 2470 Lcdesm.
1503 2412 1618 2474 Rebell.
1653 2412 1754 2493 Gajet.
1784 2411 1854 2474 Vid.
1878 2411 1960 2474 hstias

1190 2495 1315 2576 aliique.
1333 2501 1361 2558 1.
1380 2497 1458 2570 Quia
1477 2499 1567 2562 sicuti
1589 2501 1713 2562 collatio
1730 2501 1961 2564 Sacramentiest

1190 2584 1270 2645 actio
1286 2586 1469 2664 personalis,
1487 2589 1529 2652 ita
1551 2591 1646 2652 etiam
1665 2591 1841 2670 reacceptio
1859 2589 1961 2652 ridetur

1191 2673 1305 2735 dabore
1321 2693 1387 2735 esse
1407 2676 1487 2737 actio
1506 2678 1692 2756 personalis,
1709 2679 1851 2760 adeoque
1864 2678 1961 2740 nulum

1191 2762 1429 2824 Sacramentum
1443 2763 1566 2826 videtur
1580 2766 1690 2829 confici
1706 2785 1799 2846 posse
1812 2767 1860 2828 vel
1872 2762 1959 2843 recipi,

1190 2849 1248 2910 nisi
1272 2849 1413 2911 Minister
1425 2856 1456 2913 et
1479 2853 1655 2934 subjectum
1678 2855 1741 2916 sint
1760 2855 1960 2934 praesentest.

1191 2939 1280 3016 Quia,
1297 2940 1439 3020 quamvis
1455 2943 1610 3006 sententia
1624 2943 1784 3026 judicialis
1801 2943 1893 3025 possit
1903 2938 1961 3002 terri

1191 3026 1274 3088 circa
1287 3026 1442 3104 absentes,
1459 3034 1565 3090 tamea
1580 3032 1736 3093 absolutio
1750 3027 1961 3094 sacramentalis

1190 3133 1252 3176 non
1267 3116 1404 3176 valetud
1418 3117 1591 3182 absentem.
1612 3123 1643 3182 3.
1668 3120 1801 3184 Videtur
1815 3117 1961 3181 absurdam

1191 3203 1294 3263 dicere
1314 3204 1399 3284 qaod
1414 3205 1526 3286 aliquis
1541 3207 1711 3284 dormiam,
1734 3207 1858 3290 qnando
1872 3223 1962 3286 proca·

1189 3297 1310 3352 ratores
1324 3293 1695 3374 compleatcontractam,
1708 3295 1841 3375 recipiat
1849 3292 1961 3374 gratian

1191 3380 1395 3442 Sacramenti.
1412 3384 1442 3440 1.
1462 3381 1545 3444 Trid.
1567 3384 1635 3446 valt
1653 3383 1758 3456 virum
1777 3387 1809 3444 ct
1821 3382 1961 3445 mulierem
1994 3443 1995 3448 ,

1190 3468 1377 3547 interrogari
1391 3468 1430 3530 de
1444 3473 1552 3532 mutuo
1562 3490 1728 3550 consensu,
1745 3489 1822 3552 ergo
1836 3471 1898 3532 volt
1907 3483 1960 3529 essa

1191 3562 1370 3636 presentes.

1229 3647 1296 3724 §2
1318 3648 1500 3726 Oppositum
1525 3651 1717 3731 probabilius
1740 3652 1995 3715 tenentlnnoc.1

1191 3736 1318 3796 Govarr.
1348 3736 1457 3798 Palad.
1487 3741 1571 3802 Scot.
1602 3742 1669 3803 Sat.
1699 3741 1823 3803 Valeat.
1851 3741 1959 3800 Navarr.

1192 3823 1306 3896 Sanch.
1323 3824 1344 3885 l.
1361 3829 1390 3902 2,
1407 3825 1436 3886 d.
1455 3830 1503 3904 11,
1521 3831 1612 3890 Ροιι1.
1624 3829 1645 3891 t.
1662 3832 1691 3907 1,
1707 3847 1773 3911 cap.
1795 3831 1843 3904 10,
1867 3821 1959 3888 uento

1191 3911 1257 3973 diss.
1284 3915 1332 3989 12,
1358 3932 1439 3976 aum.
1463 3919 1493 3992 9,
1519 3919 1630 3994 Avers,
1655 3937 1707 4000 pu.
1734 3921 1764 3994 1,
1780 3936 1803 3978 s.
1818 3919 1848 3993 5,
1871 3914 1958 3976 nasa

1190 4019 1271 4062 aum.
1290 4003 1336 4078 11,
1353 4001 1451 4064 Krim.
1468 4022 1549 4066 nuuc.
1565 4009 1625 4068 316
1639 4013 1666 4065 et
1680 4009 1770 4082 2460,
1796 4020 1886 4084 quam
1905 4015 1960 4060 sen·

1191 4088 1321 4150 tentiam
1346 4088 1442 4152 Costr.
1471 4096 1565 4154 vocat
1590 4092 1798 4169 verissimam,
1827 4093 1918 4152 Tana.
1938 4087 1960 4146 ct

1193 4177 1269 4239 Goh.
1286 4187 1326 4238 tr.
1344 4183 1392 4255 18,
1408 4199 1489 4242 uum.
1505 4183 1575 4258 388,
1592 4180 1701 4243 dicunt
1714 4178 1893 4242 temeritatis
1908 4189 1960 4236 esst

1192 4265 1416 4343 damnandnm,
1434 4269 1487 4347 qui
1503 4269 1564 4330 hoc
1580 4273 1722 4348 tempore
1731 4268 1765 4330 id
1775 4267 1911 4347 negarat
1923 4277 1959 4359 ft·

1192 4352 1234 4414 tio
1250 4357 1307 4415 cst.
1325 4358 1354 4415 1.
1370 4354 1450 4427 Ouia
1464 4355 1544 4416 ratio
1559 4359 1738 4418 connectas
1748 4349 1960 4417 Matrimoniehs

1192 4441 1273 4504 inter
1287 4443 1394 4503 fideles
1407 4461 1471 4506 non
1486 4449 1534 4508 est
1547 4445 1731 4524 separabilis
1753 4463 1774 4506 a
1787 4443 1900 4506 ratione
1916 4439 1960 4500 Sa·
1993 4505 1995 4518 ,

1192 4529 1354 4607 crementi,
1372 4531 1547 4594 atidicctur
1561 4550 1581 4594 a
1595 4551 1682 4594 aum.
1698 4534 1768 4604 173ς
1785 4546 1858 4608 ergo
1875 4526 1897 4588 si
1910 4525 1958 4586 Ma·
1993 4525 1995 4580 i

1191 4618 1373 4681 trimoniam
1387 4620 1469 4682 inter
1482 4621 1626 4684 absentes
1640 4622 1722 4684 valet
1734 4619 1766 4680 in
1778 4618 1959 4682 rationecon-
1994 4649 1995 4652 =

1192 4712 1320 4784 hactus,
1338 4709 1432 4770 eham
1447 4710 1531 4770 valet
1544 4709 1576 4769 in
1590 4709 1712 4771 ratione
1726 4703 1919 4772 Sacramenti.
1934 4702 1957 4760 2·

1193 4797 1225 4858 Si
1252 4796 1484 4858 Matrimonium
1511 4797 1593 4860 inter
1626 4799 1771 4860 absentes
1804 4813 1864 4856 uon
1893 4785 1959 4852 essai

1193 4888 1440 4963 Sacramentum,
1457 4887 1597 4950 Ecclesia
1609 4887 1739 4967 positive
1750 4901 1813 4946 non
1822 4877 1958 4972 permitte·

1192 4979 1250 5052 ret,
1275 4975 1330 5037 sed
1354 4976 1456 5054 potius
1474 4977 1656 5055 prohiberet
1675 4974 1751 5038 illud
1766 4963 1956 5037 siccamen,

1192 5066 1259 5127 vult
1294 5065 1378 5126 enim
1413 5082 1538 5144 semper
1573 5063 1690 5142 suscipi
1728 5059 1955 5125 Sacramenta,

1193 5152 1318 5233 qnando
1333 5151 1428 5212 initur
1441 5152 1683 5215 Matrimonium.
1701 5153 1729 5212 3.
1753 5148 1786 5212 Si
1800 5147 1911 5245 tantam
1922 5137 1958 5199 ΕΙ·

1192 5245 1310 5303 terater
1325 5241 1490 5302 contrahat
1510 5260 1566 5320 per
1593 5242 1837 5320 procuratorem,
1859 5234 1956 5294 uteru

1191 5330 1241 5390 vel
1256 5329 1410 5406 nuntiam,
1427 5329 1553 5409 ponitur
1563 5321 1955 5401 Sacramentum-saltumn!

1192 5423 1280 5499 porte
1295 5419 1467 5497 praesentis,
1487 5418 1531 5480 ati
1547 5418 1686 5498 plerique
1702 5415 1796 5478 ctiam
1817 5433 1854 5475 ex
1866 5409 1954 5507 adher·

1193 5508 1281 5568 scriis
1305 5509 1450 5582 fatentur;
1476 5525 1551 5586 ergo
1572 5507 1666 5570 etiarn
1685 5525 1722 5567 cx
1736 5509 1824 5584 parte
1837 5501 1952 5564 uanus
