3968 6346
168 593 371 703 'aa'
603 643 625 704 c

284 829 365 876 ctiam
383 833 423 877 ost
441 829 493 878 illis
512 827 616 889 illicita,
626 828 653 876 'si
669 833 779 892 propter
797 833 981 892 5555544545444
991 829 1076 878 555514

283 899 337 947 5454
351 900 450 961 5554554
471 913 518 962 545
534 899 660 962 4545555514
677 899 772 962 pretio,
785 913 811 948 n.
828 901 881 948 915.
898 900 926 951 54
942 913 1076 964 5555555-

284 972 328 1017 tur
347 969 446 1018 inillis
465 973 558 1018 555445
584 969 760 1018 551544454545·
774 983 862 1030 55545,
883 970 916 1019 55
938 984 999 1033 qum
1021 983 1078 1019 non

284 1039 347 1086 54451
362 1039 499 1099 conducti,
524 1053 571 1102 pro
586 1039 640 1088 illis
654 1038 728 1088 licita
744 1043 783 1088 est
798 1040 902 1088 occulta
920 1053 1078 1103 compensa·

285 1109 332 1168 tio,
347 1110 369 1158 si
384 1109 464 1159 aliter
477 1111 725 1173 compensationem
741 1111 839 1160 habere
854 1124 909 1160 uon
924 1111 1038 1173 possint,
1051 1125 1077 1159 5.

283 1183 337 1229 946.
349 1181 377 1232 84
392 1181 463 1230 14555
478 1181 529 1230 555
544 1182 766 1245 compensatione
783 1181 876 1231 illicita
893 1183 933 1231 nsi
950 1182 1018 1241 5454,
1035 1186 1077 1230 45-

284 1253 429 1301 55545455
446 1253 656 1314 restitutionem,
676 1253 698 1302 si
716 1255 886 1303 contractum
910 1252 1022 1302 fecerint
1045 1251 1078 1300 55

284 1322 410 1384 ponendo
425 1321 555 1372 famulatu
567 1337 615 1387 pro
626 1327 698 1374 certo
713 1324 860 1390 stipendio,
876 1328 903 1373 et
920 1337 975 1373 non
993 1324 1078 1387 majo-

286 1406 323 1454 re,
338 1392 405 1441 alias
419 1407 484 1454 non,
500 1407 526 1442 5.
545 1395 598 1444 alt.

555 1502 804 1552 cometarium.

316 1583 518 1660 complementa
529 1598 650 1659 honoris,
660 1601 707 1648 aut
716 1597 829 1648 affectus
840 1596 986 1646 exhibendi
998 1608 1080 1645 eausa

285 1667 366 1730 dicta,
382 1681 436 1717 non
452 1673 515 1720 5554
530 1670 681 1730 545555545,
697 1669 713 1719 1.
730 1673 755 1731 3,
769 1683 794 1732 p.
812 1674 835 1730 4,
851 1669 941 1717 5342.

503 1775 748 1826 coseranensis
763 1775 868 1826 ulisse.

318 1869 441 1921 Defectus
467 1872 513 1935 qui
538 1885 592 1922 uon
610 1875 674 1922 sunt
695 1872 767 1922 circa
789 1871 968 1920 substantiam
983 1868 1080 1924 Missa,

287 1942 423 1991 ordinarie
442 1957 497 1992 555
512 1947 574 1993 5554
593 1942 746 2006 5445515554,
759 1941 853 2005 siquis
867 1941 946 2003 louge
961 1951 1082 2002 progres-

287 2026 332 2061 sus
346 2014 390 2074 sit,
409 2014 453 2063 551
477 2029 525 2078 554
547 2015 596 2063 hoc
621 2014 766 2064 inverteret
781 2013 904 2063 ordinem
920 2012 1018 2070 4145554,
1031 2012 1080 2057 554

287 2083 496 2135 admirationem
507 2087 637 2136 excitaret
648 2086 676 2135 in
687 2087 867 2144 adstantibus,
882 2083 899 2132 l.
911 2085 936 2143 4,
946 2096 971 2144 p.
984 2084 1008 2141 2,
1023 2094 1039 2128 a
1054 2093 1081 2128 5.

288 2155 341 2203 534.
351 2154 474 2204 Defectus
488 2157 558 2206 circa
568 2156 758 2206 substantialia
771 2155 891 2219 suppleri
909 2157 936 2202 et
952 2149 1083 2214 compleri

288 2223 397 2286 delient,
413 2226 548 2276 ordinarie
564 2229 664 2286 etiam,
684 2227 706 2275 si
736 2227 771 2276 sit
785 2225 901 2275 dubium
916 2221 1035 2287 5455555
1049 2219 1082 2268 de

288 2294 380 2357 aliquo
395 2297 549 2358 commisso,
564 2311 580 2346 a
594 2310 669 2346 num.
685 2298 739 2346 534.
755 2297 806 2346 Pro
821 2292 980 2357 complenda
1003 2290 1083 2340 llissa

289 2367 377 2426 posset
393 2366 522 2417 Sacerdos
535 2367 638 2417 latinas
647 2365 949 2431 postconsecmtionem
964 2360 1083 2411 resciens

289 2448 387 2497 panem
403 2435 483 2487 fuisse
508 2438 648 2502 ineptum,
673 2439 713 2488 uti
735 2438 842 2488 triticeo
865 2434 1035 2490 fermentato,
1061 2430 1083 2478 si

289 2519 399 2568 azymus
414 2507 507 2558 haberi
518 2521 572 2558 555
588 2515 687 2574 555554,
704 2511 730 2558 54
745 2506 903 2557 scandalum
925 2503 1040 2563 abesset,
1055 2515 1084 2550 5.

289 2578 343 2625 534.
359 2577 386 2627 Si
401 2578 541 2629 celebrans
559 2580 676 2641 deficiat,
692 2581 729 2630 ita
748 2581 779 2628 ut
794 2589 904 2642 pergere
919 2587 974 2624 555
989 2572 1083 2636 possit,

290 2647 311 2696 si
328 2646 412 2698 forma
427 2650 521 2712 primae
536 2651 747 2702 consecrationis
764 2647 881 2698 necdum
896 2645 931 2694 sit
949 2643 1084 2701 absoluta,

292 2718 361 2767 nihil
376 2718 497 2782 suppleri
511 2724 558 2770 eut
573 2721 702 2785 compleri
717 2721 812 2778 debet;
828 2731 912 2776 secus,
929 2715 951 2766 si
967 2712 1086 2763 5554514-

291 2787 412 2848 solverit,
440 2803 466 2840 n.
491 2792 545 2840 544.
571 2792 658 2841 Etiam
681 2791 750 2840 nillil
778 2787 947 2852 completur,
972 2784 1004 2833 si·
1022 2781 1085 2832 555-

291 2857 345 2910 5454
362 2864 422 2923 5554
435 2863 618 2925 sumptionem
643 2860 785 2925 utrius'que
805 2857 917 2928 speciei,
935 2870 961 2906 n.
982 2856 1035 2904 548.
1056 2853 1085 2904 Si

290 2929 339 2978 olii
353 2929 452 2992 desint,
467 2932 601 2995 complere
624 2933 759 2983 ordinarie
781 2933 910 2981 tenentur
928 2937 1086 2977 excommu-

292 2999 376 3048 nicati
409 3001 569 3066 irregulares
592 3003 621 3052 in
645 3005 754 3066 peccato
780 3000 887 3051 mortali
921 2998 1085 3054 existentes,

292 3074 342 3120 545.
371 3070 453 3120 544554
480 3073 568 3122 adhuc
596 3077 656 3137 post
685 3085 768 3124 unam
798 3070 905 3120 circiter
933 3067 1043 3126 horam,
1070 3077 1086 3112 a

292 3155 319 3190 5.
346 3142 399 3190 549.
416 3141 443 3191 Si
470 3143 615 3206 Episcopus
630 3143 759 3193 ordinans
774 3143 833 3206 post
853 3137 1086 3212 consecrationem

292 3212 377 3262 solius
396 3213 473 3275 panis
491 3213 626 3276 deficeret,
651 3215 680 3263 45
703 3213 810 3263 5515545
830 3209 943 3260 51454455
962 3205 1087 3269 Episcopi

293 3283 363 3334 alius
377 3284 526 3334 veteranus
546 3285 676 3335 Sacerdos
699 3282 834 3346 complere
858 3281 954 3344 posset.
977 3276 1004 3327 Si
1029 3277 1088 3338 post

293 3355 523 3404 consecrationem
550 3356 691 3419 utriusque
727 3353 825 3417 5555454
854 3350 994 3408 55555554,
1022 3346 1088 3395 Neo-

294 3424 445 3488 l’resbytsri
460 3425 568 3474 44455545
577 3425 711 3488 5544451545
727 3425 845 3488 possent,
861 3434 887 3470 n.
903 3421 956 3470 554.
973 3418 1002 3470 si
1017 3429 1088 3466 conr-

295 3495 362 3559 pleri
378 3494 463 3562 possit
483 3509 499 3544 a
521 3495 662 3546 deficiente
687 3497 803 3558 sumpto,
819 3507 844 3541 5.
868 3505 893 3555 g.
916 3487 1032 3554 tusculo,
1054 3485 1088 3534 ab

295 3566 346 3614 hoc
365 3567 393 3614 et
413 3577 468 3614 nou
486 3566 521 3615 ab
544 3565 597 3614 alio
612 3565 706 3630 jejuno
729 3561 857 3628 compleri
876 3560 967 3620 debet,
982 3571 1008 3606 5.
1032 3555 1087 3634 552.

296 3635 324 3684 Si
347 3635 461 3685 dubium
484 3649 520 3685 an
534 3634 662 3686 55554555
676 3632 851 3696 consecraritl,
867 3629 961 3681 eadem
975 3629 1088 3676 54545445

296 3705 346 3755 5514
361 3706 516 3756 5555444555
535 3705 684 3756 5555554544
700 3706 796 3767 554554,
814 3716 840 3752 5.
852 3703 906 3751 553.

603 3810 773 3863 COMPOEX.

328 3911 456 3976 Complex
465 3911 601 3962 ordinarie
612 3909 779 3962 confessario
790 3904 955 3958 manifestari
967 3915 1022 3953 non
1041 3900 1089 3950 de·

296 3983 352 4042 bet,
367 3983 455 4046 potest
469 3983 559 4030 tumen
574 3979 758 4032 confessarius
776 3978 942 4039 interrogare
966 3982 1091 4050 necessa-

297 4053 337 4103 ria
351 4053 385 4102 ad
400 4051 607 4114 confessionem,
624 4051 749 4115 quamvis
772 4063 820 4112 per
840 4046 965 4097 accidens
986 4043 1091 4092 5554554

298 4126 326 4174 45
342 4125 467 4176 notitiam
490 4123 640 4188 complicis,
650 4122 667 4172 l.
687 4124 710 4182 5,
726 4136 751 4186 5.
770 4123 793 4181 2,
805 4133 831 4169 5.
849 4119 916 4179 4444,
934 4117 1004 4174 4452,
1020 4112 1089 4162 4453.

298 4198 357 4245 Nou
380 4194 490 4262 expedit
510 4193 645 4246 ordinarie
660 4191 819 4255 complicem
838 4186 944 4238 moneri
959 4183 1091 4260 55441544-

299 4266 447 4328 fossarium,
464 4265 535 4327 quod
555 4264 577 4313 si
596 4261 749 4312 5144545544
769 4274 824 4310 555
849 4257 955 4322 possit:
983 4251 1093 4317 expedit

300 4337 376 4385 4115444
395 4350 410 4384 5
430 4335 583 4398 5555445545·
593 4331 758 4384 manifestari
782 4333 857 4380 extra
879 4326 1091 4379 confessionem,

300 4407 366 4456 ibid.
381 4405 427 4455 ild·
440 4405 580 4468 complicis
594 4405 735 4468 peccatum
749 4399 978 4450 manifestandum
999 4395 1039 4444 illi
1057 4392 1091 4442 ad

300 4489 380 4538 554545
395 4466 498 4538 spectat
516 4473 583 4524 illud
607 4471 750 4522 emendare
767 4468 806 4518 551
830 4479 935 4526 cavere,
950 4463 1092 4515 Confessa-

301 4547 357 4596 rius
371 4545 550 4610 paenitentem
559 4555 653 4606 cogere
668 4543 765 4604 potest,
780 4551 885 4589 numer.
897 4537 966 4587 4444.
979 4535 1005 4586 si
1017 4545 1092 4614 cour-

300 4617 362 4680 51544
378 4615 557 4665 manifestarit
571 4610 737 4664 confessario
757 4611 865 4673 5555545
882 4605 1032 4670 complicis,
1047 4600 1093 4652 4115

301 4683 468 4750 probabilius
477 4686 541 4734 5554
554 4682 667 4732 materia
681 4680 772 4744 sigilli,
788 4693 814 4728 n.
831 4679 899 4729 4949.
915 4675 1093 4739 4554555545,

300 4770 349 4820 555
370 4769 398 4804 55
417 4753 562 4818 loquendo,
578 4753 665 4803 554455
679 4750 797 4801 absolvit
810 4747 1005 4806 confessarius,
1020 4743 1094 4808 quod

301 4829 331 4876 iu
345 4825 508 4884 Coloniensi,
516 4823 657 4874 Leodiensi
672 4825 700 4872 54
713 4819 908 4882 Mediolanensi
925 4816 1040 4868 Dioecesi
1055 4816 1095 4864 est

300 4896 477 4961 prohibitum,
501 4907 528 4943 n.
554 4893 621 4942 4244.
642 4891 771 4955 Complex
796 4903 832 4940 an
861 4888 939 4939 fateri
967 4885 1094 4937 teneatur

302 4966 472 5030 complicem,
486 4964 518 5016 v.
535 4963 625 5014 ludex.

419 5071 612 5122 couroslrlo
626 5067 765 5120 RATIONE
779 5063 975 5117 austrorum.

333 5169 360 5219 Si
381 5167 500 5220 creditor
518 5167 742 5231 compositionem
765 5165 859 5216 inierit
877 5178 940 5214 cum
961 5162 1093 5223 debitore,

302 5240 349 5304 qui
372 5240 430 5292 foro
453 5241 534 5300 cedit,
559 5239 602 5289 vel
618 5239 640 5289 si
663 5241 767 5302 partem
788 5236 905 5287 debitori
925 5235 1042 5286 remittit
1060 5234 1095 5284 ob

301 5311 401 5360 multas
417 5311 555 5362 molestias
576 5310 732 5362 subeundas
751 5309 779 5358 in
799 5306 928 5371 petendo,
949 5309 999 5358 etc.
1015 5305 1095 5356 55154

302 5394 351 5444 554
364 5381 486 5434 fraudem
500 5381 534 5432 55
549 5379 786 5430 remittendumsit
796 5377 932 5437 inductus,
950 5380 1000 5426 etc.
1016 5375 1095 5425 dabi-

303 5456 355 5510 tor,
372 5453 394 5501 si
417 5451 524 5502 meliori
548 5451 662 5500 fortunae
686 5449 854 5508 restituatur,
876 5446 965 5496 adhuc
988 5449 1096 5496 4555455

304 5523 407 5574 solvere
421 5524 566 5589 reliquum,
583 5521 601 5571 l.
616 5523 640 5582 3,
656 5534 681 5585 5.
696 5523 720 5583 2,
737 5535 764 5572 5.
786 5521 841 5570 454.
856 5519 885 5570 Si
900 5517 1008 5569 debitor
1024 5530 1096 5568 5555

946 643 1065 703 INDEX
1088 642 1260 704 GASUUM.
1585 643 1607 704 C

1133 828 1229 879 5415454
1244 834 1357 893 5544545,
1373 833 1402 878 54
1423 831 1460 878 545
1484 829 1646 880 creditorem
1671 831 1705 879 ad
1728 830 1862 892 reliquum
1879 841 1916 878 re·
1962 874 1969 892 ,

1132 899 1295 949 mittendum
1316 899 1438 960 inducat,
1454 900 1476 948 54
1492 899 1609 949 creditor
1626 899 1688 949 ideo
1711 901 1863 949 consentiat
1879 913 1916 948 re·

1133 968 1265 1030 missioni,
1283 972 1314 1018 ut
1328 969 1423 1018 5544545
1435 969 1508 1018 411554
1526 973 1629 1034 5544554
1644 970 1772 1032 55545454,
1788 968 1854 1018 alias
1869 981 1917 1016 555

1133 1051 1322 1100 consensurus,
1337 1039 1445 1088 debitor
1460 1051 1515 1088 non
1527 1038 1700 1103 deobligatur
1715 1054 1731 1087 a
1746 1037 1919 1088 5515555545-

1133 1109 1217 1172 liquo,
1233 1110 1300 1160 alias
1315 1110 1454 1171 liberatur,
1466 1122 1492 1160 5.
1509 1112 1562 1162 454.
1578 1111 1747 1174 Compositio
1762 1123 1826 1159 cum
1848 1111 1919 1170 Papa,

1134 1184 1174 1230 est
1195 1181 1341 1230 conventio
1364 1181 1393 1230 45
1421 1193 1474 1244 qna
1496 1183 1566 1244 Papa
1592 1180 1710 1230 debitori
1733 1179 1871 1241 indulget,
1895 1182 1921 1228 54

1134 1251 1220 1313 major
1233 1251 1370 1312 quantitas
1385 1250 1470 1300 debiti
1494 1251 1589 1300 incerti
1604 1253 1729 1300 mutetur
1743 1249 1772 1299 in
1788 1249 1919 1306 minorem,

1134 1320 1221 1382 qualis
1235 1321 1395 1384 compositio
1411 1321 1499 1370 551455
1514 1324 1540 1370 54
1551 1320 1624 1371 115445
1639 1319 1699 1370 5554
1711 1322 1813 1383 554554,
1832 1318 1918 1382 proba·

1133 1390 1225 1440 biliter
1235 1391 1316 1440 544545
1332 1391 1360 1440 45
1374 1391 1474 1441 debitis
1484 1393 1572 1453 certis,
1588 1405 1604 1441 a
1619 1405 1646 1442 n.
1659 1393 1719 1441 449.

1165 1462 1328 1526 Compositio
1343 1462 1482 1512 45145555]
1497 1464 1567 1526 Papa
1578 1462 1636 1511 fleri
1653 1463 1744 1526 potest
1754 1456 1921 1524 probabiliter

1135 1532 1216 1581 etism
1233 1533 1291 1582 sine
1306 1545 1385 1582 causa
1398 1533 1480 1596 iustu,
1496 1533 1518 1582 si
1538 1533 1678 1583 restitutio
1698 1531 1758 1582 5544
1781 1531 1875 1580 debeat
1894 1543 1920 1578 54

1135 1601 1202 1664 Lege
1219 1601 1350 1663 Ecclesiae,
1365 1602 1426 1652 aliis
1440 1615 1505 1661 555,
1521 1615 1547 1650 n.
1558 1603 1612 1651 444.
1629 1601 1657 1652 Si
1676 1603 1738 1665 post
1756 1599 1920 1662 compositio-

1135 1684 1197 1720 nem
1218 1672 1293 1722 illam
1313 1672 1410 1722 factam
1434 1673 1590 1736 compareat
1608 1672 1749 1731 dominas,
1765 1669 1871 1719 debitor
1888 1673 1921 1716 te-

1135 1745 1216 1792 netur
1230 1743 1264 1792 55
1279 1746 1375 1804 454554,
1390 1744 1413 1792 54
1427 1743 1568 1806 diligentia
1593 1743 1727 1806 5545445445
1751 1754 1803 1805 545
1823 1738 1920 1788 domino

1136 1812 1301 1862 inveniendo
1317 1813 1455 1877 5445544555
1470 1813 1579 1874 nonsit,
1595 1827 1623 1863 5.
1638 1815 1694 1864 442.
1710 1813 1858 1876 Episcopus
1870 1822 1920 1872 pro-

1136 1880 1264 1933 babiliter
1278 1883 1315 1933 ita
1331 1897 1490 1948 componere
1506 1897 1561 1934 non
1577 1885 1665 1947 554554
1680 1895 1730 1946 pro
1746 1895 1797 1931 sua
1812 1879 1920 1938 Diwsi,

1137 1952 1207 2001 sicut
1223 1953 1304 2016 Papa,
1319 1967 1345 2002 n.
1361 1955 1415 2003 443.
1443 1955 1495 2004 Nec
1509 1953 1635 2018 princeps
1657 1950 1820 2016 temporalis
1838 1949 1921 2014 proba·

1136 2021 1230 2073 hiliter
1253 2024 1278 2074 id
1301 2027 1397 2088 potest,
1420 2025 1441 2074 si
1462 2037 1517 2074 555
1539 2025 1575 2075 544
1593 2038 1655 2088 spes
1673 2022 1832 2088 reperiendi
1846 2021 1921 2070 domi·

1137 2105 1212 2154 num,
1224 2093 1276 2143 uisi
1292 2095 1460 2144 consuetudo
1477 2095 1512 2144 sit
1526 2095 1672 2154 contraria,
1687 2108 1715 2144 n.
1733 2095 1791 2144 444.

1169 2163 1334 2228 Compositio
1355 2166 1412 2214 baec
1437 2166 1466 2214 in
1487 2166 1569 2216 variis
1593 2165 1701 2216 casibus
1720 2169 1749 2214 54
1773 2163 1851 2215 bonis
1869 2159 1917 2210 fieri

1138 2236 1235 2296 potest,
1251 2235 1353 2285 scilicet
1362 2235 1697 2286 fructibusEcclesiasticis
1706 2235 1783 2284 male
1793 2231 1921 2298 5545554444

1138 2316 1187 2365 555
1208 2305 1351 2354 medietate
1375 2305 1542 2369 legatomm,
1568 2305 1592 2355 si
1617 2306 1782 2355 nesciantur
1804 2301 1920 2366 legatarii,

1139 2375 1189 2420 etc.
1209 2385 1236 2422 5.
1253 2375 1307 2424 444.
1323 2375 1555 2438 compositionem
1573 2375 1647 2424 illam
1659 2374 1835 2439 probabilius
1848 2375 1921 2437 554545

1139 2455 1194 2491 555
1205 2449 1317 2505 possunt
1331 2449 1504 2507 mercatores,
1522 2448 1647 2510 pistores,
1659 2449 1711 2496 etc.
1731 2446 1780 2509 qui
1797 2458 1845 2508 554
1856 2454 1921 2506 pum

1139 2506 1210 2560 furtu
1225 2511 1420 2566 defraudarunt
1435 2520 1555 2566 ementes
1572 2530 1606 2566 es
1623 2515 1718 2566 555554
1730 2514 1921 2570 communitate,

1139 2579 1187 2640 qui
1208 2593 1280 2632 nnnc
1297 2584 1465 2647 ignorantur,
1484 2585 1531 2635 sed
1546 2585 1705 2635 hominibus
1723 2584 1803 2636 illius
1817 2595 1921 2634 commu·

1140 2649 1233 2700 nitatis
1247 2656 1389 2706 restituere
1403 2657 1513 2718 debent,
1530 2669 1558 2706 5.
1572 2658 1627 2706 lli.

1171 2722 1337 2785 Compositio
1361 2727 1407 2777 illa
1431 2729 1609 2793 probabiliter
1629 2731 1723 2778 455455
1748 2730 1792 2777 554
1812 2725 1888 2783 licita,
1905 2723 1922 2772 si

1140 2791 1257 2842 creditor
1274 2797 1355 2846 notus
1375 2800 1432 2846 tam
1454 2797 1533 2860 longe
1557 2796 1640 2857 absit,
1664 2799 1696 2846 ut
1720 2809 1756 2845 ex
1777 2795 1922 2858 praeempta

1140 2862 1198 2924 ejus
1218 2865 1295 2915 55545
1320 2871 1409 2929 posset
1435 2866 1494 2917 dari
1515 2867 1696 2931 pauperibus,
1720 2879 1750 2916 n.
1775 2865 1924 2916 4451144455

1140 2944 1304 2996 componens
1328 2937 1387 2988 loco
1412 2939 1548 2988 testatoris
1570 2938 1683 2997 mortui,
1706 2937 1758 3000 qui
1785 2935 1923 2986 facultatem

1141 3007 1321 3066 componendi
1344 3007 1537 3073 14544544,5555
1562 3008 1745 3072 probabiliter
1764 3007 1824 3058 fieri
1842 3005 1923 3071 poteo.

1141 3074 1164 3122 54
1188 3087 1248 3124 5554
1270 3080 1494 3142 compositionem
1518 3081 1586 3144 petit
1608 3079 1769 3144 specialiter
1792 3091 1842 3142 pro
1859 3077 1924 3135 5551

1142 3156 1197 3192 555
1211 3148 1272 3208 agat
1295 3151 1324 3198 ut
1347 3149 1442 3211 1445455,
1461 3151 1512 3200 1455
1527 3150 1599 3214 quod
1625 3149 1765 3199 retinetur
1779 3147 1832 3198 sibi
1854 3156 1923 3194 45554-

1141 3227 1204 3264 5545
1228 3221 1324 3280 potest.
1348 3221 1420 3270 41455
1439 3221 1520 3272 554454
1538 3221 1692 3286 expandere
1714 3219 1853 3270 indebita
1866 3217 1923 3266 certa

1142 3283 1263 3338 defuncti
1278 3291 1321 3340 551
1335 3290 1511 3354 baereditatis,
1526 3305 1552 3342 5.
1568 3293 1622 3343 449.

1273 3397 1467 3450 cotrroslrlo
1482 3399 1563 3449 airis
1578 3396 1815 3449 BENEFlClALlS.

1175 3494 1341 3559 Compositio
1358 3495 1415 3546 litis
1434 3494 1601 3548 beneficialis
1620 3493 1664 3545 551
1684 3494 1762 3545 luris
1784 3493 1819 3542 ad
1836 3488 1923 3542 115551-

1143 3564 1226 3626 cium,
1241 3565 1262 3616 54
1278 3567 1325 3617 554
1338 3569 1446 3633 propria
1455 3567 1619 3619 auctoritate
1634 3569 1747 3630 propter
1761 3563 1865 3628 aliquid
1873 3565 1925 3612 4545-

1144 3636 1245 3699 poralc,
1263 3642 1303 3688 est
1318 3639 1471 3690 Simoniaca
1495 3642 1522 3688 et
1548 3637 1653 3697 illicita,
1671 3635 1689 3685 1.
1711 3636 1736 3697 4,
1758 3650 1788 3685 n.
1807 3637 1860 3694 554,
1881 3633 1923 3682 554.

1144 3709 1212 3757 14554
1226 3708 1347 3760 Simonis
1362 3713 1411 3772 ast,
1431 3711 1454 3760 si
1472 3710 1593 3772 resignes
1618 3708 1660 3758 liti
1675 3707 1833 3756 beneficiali
1855 3703 1923 3768 paci:-

1144 3778 1230 3828 cendo
1247 3778 1280 3828 de
1294 3781 1349 3830 tuis
1363 3782 1489 3846 expensis
1502 3777 1704 3843 recupemndis
1729 3777 1810 3838 14554,
1825 3777 1845 3826 54
1869 3771 1924 3825 resi·

1144 3861 1210 3910 gaes
1224 3849 1288 3899 14545
1308 3850 1351 3901 1144
1366 3865 1417 3914 545Ι
1429 3850 1587 3902 obtentione
1601 3848 1716 3898 alterius
1736 3847 1873 3906 Beneficii,
1884 3847 1925 3893 etc.

1145 3933 1172 3968 n.
1187 3921 1241 3969 553.
1267 3921 1354 3972 Etiam
1378 3921 1505 3972 illicitum
1527 3921 1568 3970 554
1590 3919 1612 3969 54
1635 3918 1691 3967 555
1714 3917 1854 3984 1444515455
1869 3916 1924 3964 cirre

1145 3987 1222 4052 plura
1246 3989 1378 4040 Beneficia
1401 3989 1626 4054 compositionem
1648 3989 1816 4038 auctoritate
1835 3983 1924 4051 propris

1145 4059 1253 4122 faciant,
1277 4062 1366 4112 541445
1380 4075 1476 4123 unam,
1496 4061 1565 4111 51455
1577 4061 1696 4110 altarum
1712 4059 1875 4109 Beneficium
1887 4056 1924 4103 44·

1146 4132 1217 4193 14554,
1239 4135 1289 4182 545.
1309 4147 1335 4183 5.
1355 4135 1409 4184 554.
1430 4135 1464 4184 Ea
1492 4131 1662 4196 probabilius
1686 4145 1743 4180 non
1770 4125 1921 4194 5545515544

1145 4203 1307 4254 arrctoritate
1322 4203 1468 4264 ordinarii,
1484 4203 1530 4253 555
1548 4204 1636 4266 Papa,
1651 4216 1667 4252 a
1682 4214 1710 4250 n.
1725 4203 1783 4252 555.

1411 4309 1678 4361 conraoallssuai.

1178 4415 1408 4480 Compromissum
1432 4419 1481 4476 est,
1497 4417 1520 4466 si
1542 4415 1575 4465 lis
1593 4413 1637 4465 551
1652 4417 1811 4465 5554455455
1832 4412 1924 4462 onata

1144 4486 1248 4551 judicio
1265 4487 1372 4548 arbitri,
1392 4500 1472 4551 quem
1487 4487 1598 4551 ipsimet
1612 4486 1753 4549 litigantes
1771 4485 1815 4534 551
1832 4485 1922 4534 contra·

1148 4557 1243 4606 hcntes
1256 4556 1404 4618 elegerunt,
1420 4557 1437 4606 l.
1456 4559 1479 4618 3,
1496 4571 1521 4620 p.
1536 4559 1561 4616 2,
1576 4569 1603 4606 a.
1618 4557 1674 4605 159.
1697 4555 1749 4605 Pro
1774 4549 1925 4606 4544545554·

1147 4627 1195 4679 1445
1210 4626 1363 4677 5555554514
1377 4641 1426 4694 554
1441 4627 1585 4691 deputatos
1607 4640 1621 4676 5
1646 4626 1804 4690 superiore,
1818 4623 1872 4684 5554
1891 4633 1926 4684 po

1147 4701 1209 4759 test,
1224 4697 1405 4763 adjudicando
1417 4697 1580 4748 Beneficium
1592 4696 1632 4746 illi
1643 4710 1692 4760 pro
1704 4708 1760 4759 4545
1771 4695 1926 4766 5455454554Ι

1145 4769 1191 4832 ius
1212 4769 1393 4833 probabilius,
1412 4769 1491 4831 eique
1510 4767 1676 4831 imponendo
1699 4768 1731 4816 ut
1752 4764 1926 4831 pendatalten

1149 4843 1248 4890 certam
1267 4853 1410 4902 summam,
1426 4839 1469 4889 vel
1492 4838 1567 4889 aliud
1585 4836 1742 4902 temporale,
1762 4836 1844 4886 5454
1867 4837 1887 4892 4,
1905 4843 1925 4879 u·

1381 4978 1560 5031 CONCEPTIO
1575 4977 1715 5030 5141111415.

1181 5097 1391 5160 conceptionem
1412 5093 1525 5146 seminis
1548 5107 1597 5158 per
1619 5093 1797 5158 pharmacum
1814 5085 1924 5154 4444555445

1149 5172 1191 5219 554
1206 5167 1342 5228 4144544554,
1357 5167 1374 5216 4.
1389 5169 1414 5228 6,
1429 5179 1455 5229 5.
1473 5168 1498 5227 3,
1512 5177 1539 5218 5.
1554 5165 1610 5214 334.
1625 5165 1657 5214 V.
1673 5165 1773 5214 85555.

1358 5271 1485 5333 CONClO,
1500 5271 1737 5324 coactonaroa.

1182 5371 1326 5424 Concionis
1339 5369 1444 5420 auditio
1458 5367 1556 5418 diebus
1577 5367 1652 5418 festis
1673 5369 1715 5415 554
1730 5366 1922 5428 praecepimus

1151 5449 1242 5496 tamen
1261 5440 1397 5493 ordinaris
1413 5441 1463 5490 5514
1477 5439 1597 5498 mortali,
1616 5438 1634 5486 l.
1649 5439 1674 5498 3,
1689 5451 1715 5499 p.
1733 5439 1754 5496 t,
1773 5448 1799 5484 5.
1812 5432 1862 5481 aot.
1875 5428 1919 5476 ,tm

1151 5518 1191 5566 554
1205 5513 1335 5577 obligatio
1349 5523 1408 5562 eam
1422 5507 1553 5560 audiendi
1564 5508 1594 5558 in
1609 5506 1748 5568 Psrochia,
1764 5505 1800 5554 ib.
1816 5493 1920 5552 4151454511
