4044 6340
325 605 365 664 11
969 597 1043 660 ldll.
1069 599 1120 662 Vl.
1145 597 1245 660 PARS
1268 596 1320 658 lll.

331 791 455 869 partem
466 806 533 851 esse
547 787 729 867 obligatam,
741 785 797 847 sed
807 783 986 864 oppositum
999 781 1124 844 videtur
1177 782 1229 844 via
1248 783 1288 844 66
1303 782 1540 861 professionem,
1566 783 1609 844 ita
1629 783 1787 863 sponsalia
1807 785 1844 846 ad
1861 787 1946 849 Matri-

334 875 526 955 probabilius
540 893 612 936 eum
631 874 751 949 Averso,
769 876 800 934 et
814 875 937 933 constat
960 871 1071 932 saltem
1086 888 1123 929 ex
1178 869 1329 932 monium.
1354 869 1537 952 Respondent
1561 873 1589 932 1.
1614 870 1703 932 66111
1731 872 1814 950 apud
1831 871 1945 937 Baeeml.

329 963 536 1043 promissione
555 960 688 1041 simplici
710 963 874 1039 acceptata
891 977 983 1038 posse
1007 976 1044 1018 ex
1060 976 1123 1020 una
1179 977 1272 1039 quem
1283 958 1374 1020 retuli
1391 957 1412 1020 l.
1430 962 1459 1028 3,
1468 979 1503 1041 p.
1517 962 1545 1028 l,
1557 979 1638 1021 num.
1655 961 1725 1037 363,
1738 961 1875 1038 negando
1888 981 1948 1024 cou-

328 1056 451 1117 166166
459 1055 548 1131 parte
564 1070 632 1112 esse
647 1050 880 1130 obligationem.
1105 1113 1111 1122 ¹
1179 1048 1385 1128 sequentiam,
1409 1066 1446 1109 eo
1469 1048 1553 1129 quod
1577 1051 1659 1111 Deus
1678 1051 1752 1111 vota
1774 1053 1947 1112 extortanen

263 1144 303 1191 ¹⁰ss
370 1145 388 1222 ἓ
409 1146 439 1204 1.
464 1139 661 1203 Probabilius
682 1139 817 1215 videtur,
835 1137 919 1218 quod
934 1138 1036 1197 metus
1050 1153 1124 1215 gra-
1179 1139 1331 1214 acceptet,
1350 1136 1444 1197 homo
1460 1139 1565 1198 autem
1580 1141 1722 1216 acceptet
1735 1137 1949 1215 promissionem

329 1232 376 1294 vis
392 1230 486 1292 etiam
500 1227 540 1289 ab
562 1227 736 1288 extrinseco
752 1229 783 1288 et
796 1225 910 1306 injuste
925 1225 1068 1285 incussus
1082 1223 1122 1284 ab
1179 1226 1343 1284 extortam.
1361 1225 1397 1285 R.
1415 1227 1444 1302 1,
1461 1245 1490 1286 6.
1507 1235 1568 1287 ant.
1593 1244 1667 1286 nam
1683 1226 1708 1286 si
1723 1228 1835 1287 voveat
1847 1227 1949 1307 ingredi

330 1321 428 1384 altero
457 1317 552 1378 etiam
575 1316 781 1377 contrahente
809 1315 849 1374 ad
873 1311 1123 1393 extorquendum
1179 1311 1370 1373 Novitiatum
1387 1311 1427 1373 66
1443 1313 1677 1392 experiendum,
1695 1316 1816 1373 retenta
1827 1311 1951 1373 libertate

331 1424 529 1483 consensum,
546 1409 684 1484 spectato
708 1407 785 1467 Jurc
810 1407 941 1478 naturae,
959 1419 1020 1462 non
1036 1401 1125 1461 inva-
1178 1403 1288 1480 postea
1309 1401 1475 1480 profitendi
1496 1402 1545 1462 vel
1576 1420 1638 1463 non
1661 1401 1838 1480 profitendi,
1861 1403 1952 1461 votum

329 1497 406 1559 11661
418 1493 586 1574 sponsalia,
599 1493 643 1554 uti
659 1511 716 1554 noc
731 1491 809 1552 alios
824 1492 1003 1551 contractus
1018 1506 1056 1548 ex
1071 1505 1123 1547 na·
1178 1488 1305 1566 valebit,
1329 1489 1373 1552 uti
1389 1491 1452 1550 dixi
1468 1491 1488 1552 l.
1505 1495 1536 1568 1,
1551 1511 1582 1552 6.
1598 1494 1648 1567 51,
1666 1495 1697 1551 61
1718 1490 1743 1551 si
1758 1493 1863 1568 postea
1874 1489 1953 1568 profi-

331 1591 402 1649 tura
416 1602 473 1645 sua
494 1580 719 1658 rescindibiles,
742 1579 917 1641 seeundum
943 1577 1027 1637 dieta
1052 1574 1073 1636 1.
1091 1577 1121 1652 3,
1178 1581 1292 1653 tcatur,
1309 1578 1427 1640 valebit
1440 1579 1604 1658 professio,
1624 1577 1777 1659 quiajam
1791 1577 1882 1639 libere
1898 1578 1951 1638 fiet.

330 1695 362 1757 p.
387 1678 416 1752 1,
441 1691 460 1732 6
483 1692 514 1733 6.
540 1673 610 1748 636,
632 1669 685 1730 ubi
709 1674 855 1730 auctores
879 1666 1072 1727 affirmantes
1093 1669 1125 1724 61
1180 1665 1212 1726 Si
1235 1668 1341 1726 autem
1361 1672 1488 1728 coaetus
1512 1666 1552 1728 sit
1574 1673 1660 1728 metu
1682 1665 1836 1728 etiamad
1857 1681 1953 1725 voven·

329 1765 482 1842 negantes
496 1759 603 1836 retuli,
614 1761 644 1820 et
653 1762 768 1838 practer
782 1756 825 1817 ibi
836 1756 946 1816 citatos
960 1770 1017 1833 pro
1033 1756 1124 1832 parte
1180 1751 1266 1829 dum,
1284 1752 1333 1812 vel
1349 1754 1390 1815 66
1404 1755 1641 1834 professionem,
1653 1754 1678 1815 si
1689 1754 1803 1833 probat
1817 1753 1954 1814 1166666-

332 1846 521 1912 affirmativa
534 1849 617 1906 stant
633 1845 700 1908 Coo.
716 1853 744 1905 et
765 1843 866 1904 Avers.
883 1859 980 1920 supra
996 1860 1003 1900 ε
1020 1859 1037 1900 6
1052 1858 1125 1901 eon·
1179 1843 1246 1902 tum
1257 1839 1471 1921 intervenisse,
1482 1844 1633 1922 professio
1646 1843 1856 1904 declarabitur
1863 1841 1952 1916 fuisse,

331 1940 382 1998 tra
395 1952 452 2014 pro
474 1933 630 2012 negativa,
648 1951 718 2013 666
739 1935 848 1994 nostra
861 1934 918 2008 est,
934 1934 997 1991 stat
1011 1929 1126 1991 acriter
1181 1929 1291 1989 saltem
1317 1932 1392 1992 lure
1416 1932 1569 2011 positivo,
1593 1932 1692 1994 irrita.
1717 1931 1850 2011 Reliqua
1870 1929 1955 1990 soluta

332 2023 633 2086 116166666108.
652 2019 742 2082 Ratio
757 2023 814 2096 est,
832 2018 906 2098 quia
920 2017 1063 2097 quamvis
1078 2021 1126 2078 ta·
1181 2017 1289 2079 66611.
1307 2021 1336 2096 3,
1351 2040 1383 2101 p.
1405 2025 1434 2096 1,
1457 2039 1520 2083 66.
1537 2023 1607 2082 613.
1631 2019 1713 2094 Quid
1736 2025 1842 2081 autem
1863 2021 1955 2080 16666-

332 2114 371 2175 116
386 2115 487 2172 66166
507 2107 682 2184 imminuat,
699 2110 838 2170 attamen
853 2123 914 2166 nou
929 2105 1053 2166 videtur
1067 2105 1127 2166 tol·
1181 2107 1256 2167 dum
1271 2107 1311 2168 sit
1325 2108 1363 2168 de
1375 2109 1442 2188 ipso
1457 2112 1620 2171 contractu
1635 2107 1826 2171 Matrimonii
1841 2109 1955 2168 exmelu

332 2201 397 2262 lere
407 2196 585 2259 libertatem
599 2195 639 2255 ad
649 2193 808 2272 sponsalia
817 2192 1036 2270 sufficientem,
1054 2211 1125 2255 cum
1180 2195 1269 2274 gravi
1294 2200 1469 2274 contracto,
1493 2201 1632 2276 spectato
1656 2199 1732 2259 lure
1754 2201 1820 2256 tam
1842 2189 1956 2255 naturali

334 2287 491 2366 relinquat
513 2301 551 2343 ea
578 2281 762 2361 simpliciter
785 2281 974 2342 voluntaria.
991 2283 1030 2344 111
1053 2299 1126 2342 666
1182 2283 1733 2362 66666οεί1166,616616666611.

334 2376 403 2436 haee
425 2369 540 2453 injuria
553 2373 681 2429 maneat
701 2367 884 2447 reparabilis
898 2387 956 2447 per
968 2369 1128 2430 rescissio·
1220 2371 1280 2450 §6
1298 2371 1463 2432 Probabile
1479 2377 1535 2450 661,
1553 2371 1637 2452 quod
1652 2371 1812 2450 sponsalia
1833 2370 1874 2432 116
1895 2367 1958 2427 16116
1977 2373 1998 2422 rt

335 2482 408 2524 nem
422 2458 627 2540 sponsalium,
644 2475 707 2517 non
731 2459 779 2517 661
800 2455 958 2518 sufficiens
977 2459 1056 2520 ratio
1080 2459 1128 2519 di·
1182 2459 1222 2520 ob
1237 2477 1366 2539 gravem
1387 2465 1506 2522 metum
1525 2461 1565 2522 ab
1586 2460 1684 2522 altero
1708 2461 1907 2523 contrahente
1923 2457 1958 2517 in·

334 2550 437 2627 cendi,
459 2546 544 2629 quod
566 2548 583 2608 J
587 2564 642 2606 arc
664 2549 783 2606 naturae
799 2550 872 2604 sunt
892 2543 991 2608 irrita.
1007 2547 1127 2609 1111666
1179 2549 1263 2630 juste
1276 2548 1448 2627 incussum,
1460 2549 1522 2610 sint
1535 2552 1552 2612 J
1556 2569 1610 2611 ure
1625 2549 1760 2628 positivo
1769 2547 1909 2622 invalida,
1923 2543 1958 2604 sic

334 2637 543 2701 firmabuntur
557 2651 595 2694 ex
610 2632 752 2694 dicendis
766 2652 796 2693 6.
814 2634 884 2693 611.
1183 2635 1266 2697 6616
1281 2637 1405 2698 videtur
1427 2639 1521 2700 statui
1546 2657 1571 2699 6.
1597 2637 1652 2699 Ea
1674 2637 1797 2706 litteris,
1822 2635 1857 2697 de
1876 2651 1956 2716 epora

376 2727 471 2808 otjtr.
487 2723 575 2785 Talia
588 2720 747 2801 sponsalia
761 2724 900 2800 spectato
915 2723 932 2784 J
936 2741 992 2783 ure
1007 2729 1127 2786 naturae
1183 2723 1296 2806 impad.
1310 2728 1341 2786 et
1354 2725 1469 2786 docent
1481 2726 1658 2806 gravissimi
1673 2730 1819 2789 auctores
1833 2741 1900 2787 cum
1912 2723 1960 2784 Co·

335 2837 397 2881 non
412 2818 558 2897 poterant
572 2811 711 2892 obligare
725 2811 767 2872 ad
782 2810 956 2872 ineundum
969 2813 1128 2876 Matrimo-
1183 2834 1249 2876 var.
1267 2817 1375 2877 Avers.
1392 2836 1421 2897 q.
1434 2817 1464 2893 1,
1480 2835 1503 2876 s.
1521 2818 1551 2894 6,
1569 2816 1683 2878 Sanch.
1702 2815 1725 2878 l.
1742 2819 1772 2884 1,
1786 2814 1816 2876 6.
1833 2817 1880 2889 ro,
1894 2831 1921 2872 6.
1935 2811 1958 2884 3,

334 2905 439 2978 6166;
456 2919 531 2980 ergo
551 2902 689 2978 spectato
704 2901 780 2961 Jure
804 2903 923 2962 naturae
945 2905 1018 2964 sunt
1040 2901 1129 2964 irrita
1182 2903 1300 2982 Kagler
1310 2921 1343 2982 p.
1361 2905 1389 2978 1,
1406 2922 1436 2963 6.
1449 2905 1498 2980 31,
1511 2903 1714 2964 6661661666.
1728 2905 1832 2964 Η666.
1844 2899 1958 2960 Wiestn.

335 2995 447 3057 saltem
454 2989 576 3052 ratione
587 2986 700 3068 objecti
714 2987 774 3064 sui,
791 2987 831 3048 ad
846 2989 931 3067 quod
939 2989 1125 3070 obligarent.
1182 2989 1281 3052 Krim.
1298 3008 1360 3051 66.
1378 2987 1576 3067 1616161166,
1600 2987 1652 3069 qai
1668 2988 1764 3050 etiam
1774 2984 1962 3068 probabiliter

334 3079 487 3145 Probatur
500 3083 561 3137 ant.
582 3075 656 3136 'fale
671 3073 906 3136 Matrimonium
921 3082 969 3136 est
982 3079 1023 3139 ab
1038 3079 1127 3142 initio
1184 3076 1419 3151 contradicunt3
1437 3078 1584 3138 sedreete
1600 3077 1721 3138 addunt
1736 3076 1852 3139 Sanch.
1869 3093 1925 3135 66.
1935 3073 1959 3146 5,

335 3170 458 3234 irritum
473 3167 585 3228 saltem
599 3165 676 3225 Jure
698 3162 844 3241 positivo,
860 3163 905 3224 uli
921 3165 1076 3229 constabit
1091 3187 1129 3228 ex
1185 3169 1216 3227 61
1230 3167 1315 3226 Less.
1341 3163 1363 3225 Ι.
1379 3169 1409 3242 1,
1426 3183 1451 3226 6.
1470 3167 1517 3241 11,
1536 3184 1567 3226 6.
1584 3167 1633 3241 38,
1651 3165 1798 3244 quamvis
1811 3161 1912 3225 valida
1924 3177 1963 3220 es·

336 3257 476 3322 dicendis
499 3274 517 3314 a
540 3272 569 3315 6.
588 3254 657 3328 653,
674 3249 813 3329 implicat
834 3256 940 3312 autem
960 3253 1028 3316 dari
1051 3257 1130 3318 obli·
1184 3256 1263 3331 sent,
1289 3270 1381 3332 posse
1402 3256 1545 3314 eoactum
1571 3252 1700 3332 propria
1727 3252 1910 3314 auctoritate
1930 3246 1962 3307 ab

335 3347 496 3428 gationem
510 3341 550 3403 66
565 3343 669 3401 66166
684 3337 771 3400 161116
786 3337 924 3414 irritum;
937 3359 1024 3422 ergo.
1040 3343 1126 3426 Cant.
1185 3342 1229 3403 616
1244 3341 1373 3403 resilire.
1391 3340 1479 3409 Diri,
1495 3341 1536 3403 ab
1546 3343 1643 3403 altero
1659 3343 1865 3403 contrahente
1875 3340 1964 3400 incus·

336 3440 417 3498 Nam
430 3435 517 3494 recta
536 3428 616 3490 ratio
631 3426 728 3488 dictat
743 3442 805 3486 non
820 3443 911 3504 posse
927 3428 994 3490 dari
1010 3431 1131 3511 obliga·
1185 3450 1265 3509 sum,
1282 3449 1354 3492 nam
1368 3429 1466 3492 Krim.
1482 3433 1598 3508 6131,
1615 3433 1715 3508 putat,
1733 3432 1760 3492 si
1775 3435 1903 3492 661666
1914 3431 1963 3488 ler-

335 3525 454 3587 tienem
469 3518 509 3580 ad
524 3513 642 3596 aliquid
656 3511 809 3590 illicitum,
833 3514 882 3575 vel
897 3533 954 3593 per
971 3518 1057 3597 leges
1071 3519 1130 3579 im·
1184 3519 1227 3581 tio
1247 3519 1286 3580 sit
1308 3519 1461 3594 incussus,
1486 3536 1543 3597 per
1563 3516 1601 3579 L.
1629 3519 1678 3594 11,
1703 3517 1722 3597 5
1750 3509 1963 3592 1666116611.

336 3607 484 3690 possibile
498 3624 506 3678 ;
522 3599 756 3665 Matrimonium
775 3603 881 3661 autem
903 3603 965 3663 1616
980 3608 1027 3666 661
1041 3605 1131 3667 111161-
1187 3605 1270 3682 Quod
1297 3615 1386 3668 metas
1408 3625 1514 3682 eausa,
1548 3605 1617 3666 fieri
1643 3609 1834 3685 potestatem
1861 3606 1964 3664 metum

337 3704 405 3762 tum
428 3699 459 3756 et
481 3710 538 3772 per
557 3690 644 3768 leges
665 3686 874 3766 impossibile3
893 3708 978 3770 ergo.
996 3691 1033 3753 11.
1061 3695 1129 3756 Non
1184 3714 1287 3776 passo,
1305 3699 1339 3758 ut
1352 3694 1509 3775 sponsalia
1519 3712 1575 3773 per
1588 3693 1732 3757 iudicem
1747 3693 1964 3762 rescindantur,

337 3786 485 3868 poterant
510 3778 650 3857 obligare
671 3775 861 3854 obligatione
885 3777 1072 3861 inevitabili,
1099 3803 1126 3845 6.
1185 3785 1229 3847 611
1254 3783 1348 3846 etiam
1376 3785 1407 3844 in
1435 3783 1503 3845 aliis
1521 3781 1744 3860 contractibus,
1772 3778 1964 3850 66166113,

338 3871 528 3954 obligatione
552 3865 701 3941 evitabili,
722 3883 753 3926 n.
779 3883 852 3926 nam
875 3872 995 3928 metum
1018 3889 1130 3950 passus
1182 3894 1214 3955 p.
1231 3877 1261 3950 1,
1277 3891 1307 3933 a.
1325 3875 1393 3934 610.

338 3964 444 4028 616116
458 3959 563 4040 posset
577 3956 772 4017 conuectum
791 3954 979 4035 rescindere,
998 3963 1074 4022 etse
1090 3961 1130 4022 ab
1224 3961 1284 4040 51.
1301 3959 1462 4042 Ejusmodi
1473 3959 1630 4039 sponsalia
1645 3979 1682 4021 ex
1697 3959 1787 4040 gravi
1804 3962 1889 4022 metu
1902 3955 1966 4017 inita
1985 3945 1998 3991 ¹¹

338 4047 529 4130 obligatione
549 4043 604 4103 illa
621 4041 771 4120 liberare;
788 4041 812 4101 si
837 4045 943 4103 autem
957 4045 1053 4108 nollet
1067 4065 1130 4108 res·
1185 4067 1248 4110 non
1262 4050 1426 4110 firmantur
1436 4047 1626 4128 juramento,
1639 4051 1784 4127 utipatet
1794 4048 1890 4110 excit.
1902 4044 1965 4122 Cap.

339 4139 483 4211 cindere,
509 4137 616 4213 posset
637 4130 734 4190 libere
759 4132 790 4191 61
810 4131 984 4194 voluntarie
1006 4139 1131 4198 eontra·
1184 4135 1239 4198 Ea
1262 4135 1375 4213 litteris,
1401 4136 1575 4216 docentque
1600 4141 1744 4198 auctores
1769 4155 1845 4200 cum
1864 4130 1965 4197 Sanch.

339 4229 415 4289 here
436 4219 673 4285 Matrimonium
692 4236 698 4277 :
716 4218 799 4279 unde
814 4223 900 4298 patet
914 4223 1074 4300 responsio
1090 4225 1131 4285 ad
1185 4225 1214 4288 d.
1231 4229 1280 4302 11,
1297 4245 1326 4286 n.
1343 4227 1372 4285 3.
1384 4227 1447 4284 Nec
1455 4223 1516 4285 1616
1528 4224 1745 4304 juramentum
1762 4225 1895 4305 obligat,
1906 4217 1969 4301 quia

339 4309 626 4380 confirmationem
651 4323 724 4366 nam
747 4307 772 4366 si
796 4307 873 4370 nolit
896 4307 950 4371 illa
973 4314 1132 4390 sponsalia
1181 4315 1233 4396 jus
1247 4313 1323 4375 illud
1347 4313 1387 4374 ab
1410 4311 1498 4374 initio
1522 4312 1634 4390 irritat,
1658 4314 1819 4375 undenae
1845 4329 1919 4392 opus
1932 4309 1969 4368 est

339 4400 531 4473 rescindere,
557 4393 792 4457 Matrimonium
814 4395 872 4456 erit
897 4397 1041 4478 utrinque
1063 4401 1131 4462 lici·
1185 4402 1374 4464 relaxatione
1398 4400 1490 4477 illias,
1507 4403 1599 4462 Azor.
1625 4400 1647 4463 1.
1674 4405 1704 4479 1,
1729 4419 1756 4464 6.
1776 4405 1828 4478 11,
1843 4421 1873 4484 q.
1891 4393 1969 4460 1111

339 4495 416 4552 166.
433 4487 473 4548 m
486 4483 586 4546 simile
602 4485 658 4559 est,
675 4481 700 4542 si
712 4479 800 4561 jures
814 4481 928 4546 latroni
943 4486 1019 4548 dare
1034 4507 1131 4568 pecu·
1185 4493 1294 4553 contra
1316 4489 1342 4549 si
1366 4488 1523 4568 sponsalia
1541 4507 1578 4549 ex
1593 4493 1679 4551 metu
1694 4489 1755 4552 levi
1772 4489 1878 4551 valide
1892 4485 1967 4556 inita,

339 4577 436 4652 niam,
453 4570 625 4634 secandum
645 4569 763 4630 616161.
780 4571 810 4645 3,
825 4589 857 4650 p.
874 4575 903 4648 1,
921 4579 1038 4653 6118,
1056 4595 1131 4638 666
1185 4580 1289 4638 666661
1303 4575 1398 4637 etiam
1413 4574 1530 4655 jurata,
1554 4575 1698 4655 quamvis
1726 4594 1793 4638 non
1822 4577 1969 4636 firmamo·

340 4662 449 4741 religio
469 4659 590 4721 ratione
610 4656 780 4738 juramenti
796 4663 826 4718 te
841 4657 960 4740 obligat
974 4663 1014 4723 66
1029 4665 1131 4726 66116-
1185 4669 1236 4726 tur
1246 4665 1436 4744 juramento,
1462 4667 1567 4724 tamen
1586 4663 1808 4742 juramentum
1831 4659 1971 4742 obligaret

340 4767 424 4826 nem,
442 4745 584 4826 quamvis
598 4745 677 4805 latro
700 4761 770 4804 eam
794 4743 898 4807 illicite
919 4749 1034 4830 exigat,
1052 4757 1084 4814 et
1105 4753 1130 4813 si
1185 4771 1223 4814 ex
1244 4752 1405 4832 religione,
1432 4769 1531 4831 nsque
1546 4751 1623 4812 dum
1641 4752 1842 4815 relaxaretur
1857 4750 1895 4812 ab
1909 4743 1971 4826 Epi·

340 4855 402 4900 666
417 4833 494 4896 velis
508 4832 685 4894 rescindere
700 4831 785 4892 illam
800 4833 1023 4914 obligationem
1033 4841 1131 4919 petita
1185 4858 1291 4919 scopo,
1305 4839 1419 4901 Sanch.
1436 4858 1467 4900 6.
1484 4843 1515 4899 1.
1532 4839 1613 4911 Ouid
1628 4845 1734 4902 autem
1749 4840 1924 4902 tenendum
1940 4833 1973 4894 611

340 4922 531 4988 relaxatione
542 4919 724 5002 juramenti,
741 4921 896 4984 teneberis
912 4943 981 4988 eam
996 4948 1079 4990 nune
1093 4930 1131 4990 li·
1185 4928 1224 4988 de
1235 4928 1302 5006 ipso
1317 4926 1513 4989 Matrimonia
1530 4943 1587 5006 per
1601 4932 1721 4991 metum
1736 4933 1874 5005 extorto,
1894 4925 1919 4986 si
1929 4923 1972 5004 ju-

340 5013 416 5075 bere
434 5009 566 5084 solvere,
588 5007 731 5086 quamvis
744 5013 853 5087 postea
872 5017 943 5089 post
956 5023 1131 5076 16666616-
1185 5019 1361 5078 ramentum
1375 5015 1417 5074 illi
1433 5013 1608 5095 adjiciatur,
1626 5015 1729 5078 dicam
1744 5036 1778 5078 6.
1791 5019 1863 5079 666.

341 5117 433 5160 neam
457 5093 644 5158 solutionem
665 5100 792 5157 maneat
814 5097 869 5158 tibi
888 5098 940 5179 jus
966 5105 1129 5182 repetendi
1225 5101 1972 5181 (166661.11,--0616666666666611616666666-
1993 5087 1998 5132 ¹

340 5185 488 5248 solatum.
1184 5191 1261 5254 saba
1287 5191 1494 5274 impuberum?
1521 5195 1557 5254 ll.
1590 5193 1846 5273 supponendum
1873 5195 1919 5253 661
1942 5203 1973 5245 et

380 5272 454 5334 last.
476 5273 591 5333 Votum
613 5270 806 5352 ingrediendi
829 5277 1024 5361 Religionem
1044 5284 1131 5342 metu
1186 5279 1276 5341 dietis
1292 5279 1313 5341 1.
1331 5283 1359 5356 3,
1375 5300 1407 5361 p.
1429 5284 1458 5358 1,
1480 5300 1510 5343 n.
1526 5285 1596 5360 661,
1613 5285 1772 5344 masculos
1798 5299 1867 5344 esse
1881 5280 1973 5356 impu-

341 5363 483 5422 exortum
498 5364 545 5420 est
557 5362 633 5422 lure
648 5364 766 5423 naturae
779 5363 913 5442 irritum,
926 5365 1000 5446 quia
1013 5369 1131 5447 profes·
1184 5368 1287 5444 bercs,
1305 5368 1356 5448 qui
1372 5385 1489 5430 annum
1504 5369 1662 5432 decimum
1684 5375 1848 5452 quartum,
1876 5362 1972 5428 femel-

341 5448 487 5509 sio'metu
502 5452 609 5509 exorta
623 5453 670 5510 est
683 5449 787 5526 irrita3
805 5470 879 5532 ergo
888 5453 1030 5517 similiter
1039 5475 1131 5536 spon·
1185 5457 1230 5516 las
1245 5460 1350 5517 autem
1365 5475 1434 5536 666
1450 5458 1673 5519 6666661666
1690 5460 1831 5519 necdum
1846 5451 1971 5530 comple

342 5535 420 5600 salia
436 5554 443 5598 :
460 5535 551 5598 sicuti
564 5535 647 5598 enim
661 5535 818 5616 ingressus
833 5540 864 5601 in
879 5542 1074 5622 Religionem
1084 5552 1131 5609 661
1187 5549 1309 5622 verunt,
1335 5545 1380 5608 611
1399 5544 1534 5609 habetur
1556 5565 1621 5630 cap.
1647 5545 1860 5609 Attestationes
1877 5542 1910 5606 ae
1930 5537 1971 5600 de·
1995 5539 1998 5552 “
