4012 6354
364 560 385 624 S
707 564 825 626 INDEX
848 563 1019 628 CASUUM.
1337 559 1358 620 S
1463 609 1469 618 -

48 746 137 812 libera,
160 761 212 800 nec
238 748 363 813 impediri
387 750 477 813 potest
499 761 514 799 a
538 749 667 812 Perocho,
682 750 704 800 si
723 749 747 800 ei
763 749 842 800 detur

48 823 137 882 quarta
155 833 218 884 pam
234 818 408 880 tancredum,
429 833 454 870 ιι.
469 821 524 870 236.
541 820 666 884 impubes
681 823 771 871 ιιιιιειι
786 831 840 870 non

47 893 129 954 potest
152 903 216 940 eam
243 890 294 940 sibi
320 889 430 953 eligere,
454 891 507 940 nisi
531 890 635 941 malitie
655 895 762 941 etatem
776 903 840 954 sup-

47 959 122 1024 pleat,
146 975 174 1011 n.
199 963 257 1012 213.
281 963 334 1012 Νεε
357 961 509 1025 Religiosue
532 974 592 1012 eam
609 962 662 1012 sibi
677 962 839 1026 eligerepo-

47 1035 144 1091 1ειι,ιι.
160 1034 217 1083 218.

73 1103 249 1166 Sepulturem
266 1105 295 1154 ιιι
310 1104 426 1154 Ecclesia
444 1117 492 1154 sua
516 1103 665 1156 parochiali
692 1102 841 1156 concedere

45 1177 128 1238 potest
144 1176 294 1237 Perochus,
309 1175 353 1226 cui
368 1174 435 1236 vult,
451 1188 477 1225 n.
493 1177 547 1226 212.
562 1175 610 1226 tus
620 1175 766 1240 sepulturae
778 1186 840 1238 pro·

45 1243 129 1307 prium
140 1249 168 1296 et
185 1250 350 1310 perpetuum
366 1245 394 1295 in
408 1250 480 1296 certo
495 1246 564 1307 loco,
585 1259 599 1296 e
622 1259 676 1310 quo
693 1246 761 1296 elios
778 1258 839 1308 pos-

44 1317 77 1366 sit
86 1315 243 1378 excludere,
258 1317 332 1368 solus
353 1315 500 1381 Episcopus
515 1321 542 1368 et
556 1330 610 1368 oon
626 1317 761 1368 Perochus
777 1311 840 1376 (nisi

45 1385 77 1434 sit
88 1385 191 1436 alicubi
209 1385 265 1436 elie
279 1386 457 1449 consuetudo)
472 1387 554 1437 alicui
570 1387 717 1438 concedere
740 1389 839 1448 potest,

43 1469 68 1505 u.
82 1457 135 1506 211.

62 1525 224 1591 'sepulturae
252 1527 442 1578 ecclesiasticae
470 1527 588 1592 privatio
618 1529 766 1579 incurritur
789 1541 840 1591 per

44 1597 174 1648 delectum
190 1599 332 1664 baptismi,
348 1613 395 1664 per
408 1599 542 1662 duellum,
555 1614 602 1664 per
617 1601 837 1652 excommunica·

44 1669 151 1730 tionem,
164 1683 213 1731 per
229 1671 406 1721 interdictum
421 1671 541 1735 aliasque
557 1685 661 1733 causes,
672 1671 688 1722 l.
704 1673 728 1734 7,
744 1686 771 1722 n.
782 1673 837 1722 253.

44 1737 91 1798 Oui
106 1739 225 1788 moritur
242 1752 304 1788 cum
326 1740 464 1803 baptismo
488 1754 543 1790 non
567 1746 645 1792 certe
662 1741 762 1803 valido,
780 1753 840 1805 pro·

43 1807 167 1860 hebiliter
182 1810 211 1859 ιιι
230 1809 289 1859 loco
304 1823 379 1859 sacro
392 1810 502 1874 sepeliri
518 1814 617 1874 potest,
630 1825 684 1861 nnn
697 1815 799 1870 autem,
815 1810 838 1860 si

44 1881 112 1928 certo
126 1881 262 1930 moriatur
275 1883 337 1930 ante
358 1879 471 1930 lormem
491 1881 621 1945 baptismi
644 1886 727 1932 totaro
748 1881 837 1946 prola-

45 1951 108 2011 tam,
122 1963 148 1999 ιι.
165 1953 222 2001 256.
239 1949 290 2012 Qui
307 1951 423 2002 moritur
438 1965 500 2002 oum
514 1951 610 2012 dubio,
623 1966 659 2002 an
682 1953 738 2002 ullo
757 1953 837 2003 modo

43 2019 191 2084 baptizatus
213 2023 259 2083 eit,
274 2021 382 2086 sepeliri
406 2023 488 2073 dehet
510 2024 536 2073 in
562 2023 620 2074 loco
645 2023 775 2090 prolauo;
797 2026 837 2074 uti

45 2091 121 2141 etiarn
145 2090 229 2142 loetus
253 2105 286 2142 ex
309 2095 386 2142 utero
409 2093 504 2143 matris
527 2097 671 2154 extractus,
686 2095 708 2144 si
728 2106 783 2144 nou
802 2093 838 2144 ait

44 2162 202 2225 baptizatus.
219 2164 267 2226 qni
282 2163 304 2213 si
321 2163 349 2212 in
364 2169 441 2214 utero
456 2166 549 2214 matris
564 2169 687 2215 mortuus
701 2166 746 2226 sit,
765 2177 838 2227 sepe·

45 2232 106 2284 titur
119 2248 182 2284 cnm
199 2239 296 2296 matre,
312 2248 338 2283 ιι.
353 2237 407 2284 251.
421 2235 472 2294 Qui
488 2235 641 2299 baptizatus
656 2239 695 2286 est
709 2237 760 2286 sub
775 2249 837 2285 con·

44 2303 141 2355 ditione
157 2306 186 2355 in
202 2305 289 2356 dubio
314 2319 350 2354 an
372 2306 459 2369 reipsa
481 2307 655 2368 semihomo,
671 2307 778 2356 videtur
794 2319 836 2355 se·

43 2375 181 2438 pellendus
203 2376 264 2428 loco
278 2390 364 2437 sacro,
379 2390 406 2426 n.
419 2379 472 2427 252.
485 2377 535 2436 Qui
551 2391 605 2428 non
621 2381 661 2428 est
675 2375 758 2428 semel
772 2390 836 2428 con·

43 2443 122 2496 lessus
150 2449 180 2498 in
211 2461 296 2509 enno,
323 2460 373 2496 nec
400 2447 428 2496 iu
459 2447 590 2498 Paschate
614 2447 837 2506 communicavit,

43 2516 162 2578 privetur
195 2519 338 2582 sepultura
369 2518 561 2578 ecclesiastica,
589 2520 635 2568 sed
664 2521 724 2582 post
751 2518 835 2567 lutam

43 2589 143 2638 tantum
159 2589 337 2648 senteutiam,
353 2603 379 2639 ιι.
391 2591 446 2640 253.
462 2590 513 2649 Qui
529 2591 645 2639 moritur
658 2603 720 2640 curn
740 2588 835 2648 dubio,

43 2669 74 2706 an
88 2659 170 2708 semei
188 2659 329 2710 consessus
344 2661 379 2709 sit
394 2661 422 2710 in
436 2675 509 2710 anno
525 2661 567 2710 vel
582 2659 792 2710 communicarit
807 2659 835 2708 in

43 2727 177 2792 Paschnte,
193 2744 250 2781 non
266 2731 348 2782 debet
361 2732 462 2794 privari
482 2732 626 2796 Sepultura
643 2732 835 2794 Ecclesiastico,

43 2811 67 2846 n.
81 2801 135 2850 251.
149 2800 256 2861 Omnis,
271 2801 304 2850 de
318 2814 373 2864 quo
387 2805 460 2850 corto
476 2807 503 2851 ει
518 2801 625 2864 publice
637 2805 753 2861 constat,
764 2799 835 2864 quod

43 2868 69 2918 in
83 2875 193 2933 peccato
211 2871 321 2920 mortali
342 2870 378 2921 ειι
397 2875 530 2932 mortuus,
545 2871 605 2921 loco
629 2869 741 2934 proleuo
759 2883 835 2933 sepe-

42 2941 83 2995 liri
98 2941 188 3003 debet,
205 2956 222 2990 a
237 2955 264 2991 n.
280 2944 334 2990 255.
355 2942 406 3002 1111,
424 2943 470 3006 qui
498 2943 624 2992 inventus
648 2947 689 2992 εει
712 2945 836 2991 mortuus

43 3009 69 3060 in
87 3011 183 3076 laqueo
200 3013 243 3064 rei
257 3017 348 3076 puteo,
358 3026 432 3062 secra
447 3014 586 3078 sepultura
601 3014 723 3078 permitti
739 3015 835 3076 potest,

42 3083 91 3132 nisi
107 3083 278 3134 cousuetudo
292 3083 344 3134 loci
360 3085 457 3146 obstet,
469 3084 511 3134 rel
523 3085 638 3148 positive
653 3087 758 3134 constet
773 3097 835 3132 eum

42 3157 150 3206 mortem
166 3155 221 3205 sihi
238 3155 379 3208 intulisses
397 3156 469 3206 idem
488 3155 635 3205 dicendum
658 3155 774 3205 subinde
795 3156 836 3203 est

42 3222 71 3274 de
91 3237 146 3286 reo,
173 3224 223 3288 qui
249 3224 277 3274 in
302 3237 408 3274 carcere
426 3225 566 3276 invenitur
579 3228 712 3286 mortam,
727 3237 754 3274 ιι.
778 3225 832 3284 256,

41 3292 57 3342 1.
74 3295 97 3355 1,
111 3309 137 3344 u.
155 3297 226 3346 1111.

70 3365 214 3429 Sepultura
243 3363 427 3415 Ecclesiastice
453 3366 554 3428 privari
583 3363 663 3416 debet
690 3364 835 3415 hereticus

41 3445 92 3484 nou
107 3436 246 3496 toleratus,
262 3436 424 3485 nominatim
439 3435 619 3486 denuntiatus
634 3450 680 3486 seu
697 3435 833 3497 vitandus,

42 3504 91 3554 nisi
108 3507 185 3570 signa
201 3507 303 3557 doloris
317 3511 380 3556 ante
395 3510 510 3556 mortem
524 3506 648 3568 dodarit;
664 3505 833 3557 observando

43 3579 128 3628 tannen
143 3581 170 3628 in
189 3579 240 3628 boc
262 3583 303 3628 est
321 3578 491 3628 consuetudo
513 3578 575 3638 loci,
592 3591 652 3642 quae
671 3579 700 3628 in
719 3577 834 3641 quibus-

42 3644 100 3696 dam
120 3650 271 3700 Germaniae
292 3650 358 3699 iocis
376 3649 518 3713 permittit,
535 3653 563 3698 ut
580 3649 687 3699 notorie
711 3647 833 3698 haeretici
896 3671 902 3684 ·

43 3717 69 3766 in
92 3719 157 3770 locis
181 3721 265 3772 sacris
288 3719 456 3784 sepeliantur
478 3733 494 3768 e
517 3719 574 3769 suis
599 3720 743 3780 ministris,
770 3717 787 3768 1.
808 3721 832 3779 2,

43 3801 67 3837 ιι.
83 3793 135 3852 113,
150 3792 168 3844 1.
185 3795 210 3855 t,
225 3807 252 3843 n.
269 3795 322 3853 196,
336 3806 351 3842 a
367 3806 394 3842 n.
405 3794 459 3843 256.
477 3791 561 3842 Etiam
577 3792 677 3854 privari
694 3792 775 3842 debet
789 3806 832 3841 se·

43 3860 145 3920 pultare
163 3877 238 3913 sacra
262 3864 423 3913 interdictus
446 3861 640 3927 personaliter,
667 3876 720 3912 non
740 3865 833 3912 antem

42 3933 201 3990 generaliter
222 3935 343 3993 tnntum;
365 3946 414 3982 nec
430 3931 590 3982 interdictus
605 3931 791 3993 personaliter.
810 3932 832 3980 si

43 3999 69 4050 in
87 4001 138 4054 line
162 4005 225 4056 vitre
245 4005 320 4068 sigua
340 4004 508 4068 poenitentiae
525 4003 639 4066 dederit,
658 4001 676 4052 l.
693 4005 717 4064 ’1,
734 4017 761 4052 n.
776 4003 831 4062 116,

72 4143 212 4208 Sepultura
227 4147 256 4196 in
271 4145 330 4196 loco
345 4159 419 4196 sacro
430 4144 505 4196 licite
522 4145 689 4210 permittitur
700 4143 830 4194 haeretico

44 4217 273 4268 excommunicato
291 4216 416 4277 tolerato,
436 4217 483 4266 sed
498 4231 513 4266 a
528 4216 595 4276 suis,
611 4215 693 4278 idque
707 4214 740 4263 ad
757 4214 830 4264 redi-

43 4286 163 4337 mendam
179 4301 286 4348 rernm,
302 4287 320 4336 1.
335 4289 359 4350 ’1,
376 4302 402 4336 ιι.
415 4289 470 4338 259.
488 4287 573 4338 Etiam
587 4286 695 4336 videtur
711 4281 830 4350 permitti

44 4362 115 4412 posse
130 4357 181 4418 illi,
196 4358 242 4421 qui
253 4357 321 4406 dans
329 4358 404 4420 signa
415 4358 584 4420 poeuitentim
596 4357 624 4406 in
634 4356 748 4406 articulo
759 4366 832 4404 mor-

44 4419 77 4470 tis
88 4435 104 4471 a
117 4423 188 4476 laico
201 4425 244 4476 rel
259 4426 362 4476 Clerico
374 4440 428 4476 non
444 4427 598 4482 Sacerdote.
619 4439 634 4475 a
655 4427 778 4476 censuris
792 4429 832 4476 est

43 4489 188 4558 absolutus,
212 4511 283 4546 num.
315 4499 369 4547 263.
400 4498 638 4548 Exeomrnnnicato
666 4497 827 4548 denuntiato

44 4573 95 4614 nou
115 4567 176 4618 ideo
201 4567 322 4632 permitti
343 4570 433 4632 potest
451 4568 588 4631 sepultura
614 4568 643 4618 in
666 4568 725 4619 loco
745 4581 830 4630 sacro,

44 4633 194 4694 quiinline
217 4637 280 4686 vilse
303 4637 380 4688 dedit
402 4639 570 4702 poenitentiae
596 4643 624 4689 et
641 4639 831 4690 submissionis

44 4702 125 4768 signe,
139 4709 161 4758 si
175 4722 192 4758 a
206 4709 315 4759 nemine
331 4709 366 4759 sit
380 4709 531 4769 absolutus,
549 4723 625 4760 num.
642 4711 696 4759 361.
718 4709 832 4759 llaereti·

44 4787 101 4826 cum
115 4778 250 4844 relapsum
265 4783 293 4830 et
308 4781 475 4842 pertinacem
496 4782 587 4830 Pastor
606 4779 761 4830 catholicus
776 4779 831 4829 illi·

44 4845 91 4896 cite
107 4851 203 4914 sepelit
216 4865 278 4901 cnm
293 4851 388 4911 Cruce,
404 4852 432 4900 iu
447 4851 648 4916 superpelliceo
667 4855 693 4901 et
709 4850 787 4910 stola,
803 4851 829 4900 in

44 4921 190 4970 caemeterio
204 4919 346 4970 catholicis
362 4925 390 4972 et
406 4921 542 4972 hrereticis
556 4921 709 4982 communi,
726 4935 753 4972 n.
774 4922 829 4972 262.

45 4983 73 5036 ln
86 4990 223 5054 sepultura
247 4991 394 5043 acatholici
413 4993 441 5042 in
460 4991 530 5054 loco,
554 4991 583 5042 in
603 5006 658 5056 quo
681 4992 830 5042 Αεειιιοιιει

45 5057 118 5108 ιιιιιιι
132 5066 196 5112 sunt
211 5063 366 5125 Catholicis,
385 5063 492 5113 ridetur
507 5063 582 5114 licite
597 5077 735 5127 campanae
750 5065 831 5114 bene·

45 5123 119 5178 dicte
134 5131 234 5196 pulsari
251 5144 326 5197 posse
338 5134 419 5182 etiam
435 5145 469 5182 ex
487 5132 615 5183 mandato
635 5132 759 5195 Perochi,
775 5137 831 5183 eta

45 5193 154 5251 Custode
170 5201 318 5264 catholico,
330 5217 356 5252 n.
372 5206 427 5254 268.

74 5269 214 5334 Sepultura
229 5273 413 5324 Ecclesiastica
428 5273 536 5337 quando
549 5272 696 5338 privandus
708 5273 744 5323 eit
757 5273 832 5324 duel·

47 5333 109 5392 iens.
123 5341 155 5394 V.
172 5343 296 5394 huetium.
313 5343 425 5402 Quando
441 5357 472 5394 ca
486 5344 636 5408 privandus
650 5343 774 5407 seipsum
785 5357 829 5395 oc-

45 5405 140 5464 cidens.
155 5415 185 5465 ι.
201 5415 339 5466 Homicida.
350 5415 754 5479 SepulturamEccleaiesticam,
771 5416 830 5466 sire

73 5477 128 5536 loco
153 5499 227 5540 sacro
262 5488 457 5552 procurantes
481 5486 611 5536 tieretiro
635 5485 763 5548 vitando,
784 5487 824 5536 uti

1629 563 1688 622 227

896 751 923 800 et
947 762 1007 800 eam
1033 749 1220 814 exsequentes,
1244 747 1303 812 ipso
1324 743 1395 798 lacto
1409 745 1691 812 excommunicantur,

895 818 1262 954 1ιἔξιριιιιιὶιξὶιξιιιῗῗιῗιιειιιιειε
1279 889 1328 940 aut
1345 899 1433 938 emere
1445 887 1476 938 in
1492 887 1551 939 loco
1569 901 1689 944 sacroen

895 959 931 1010 sit
946 959 1070 1010 simonie.
1086 960 1117 1011 V.
1134 960 1256 1013 simoneta.
1505 997 1507 1001 .

927 1031 1105 1095 Septennium
1121 1029 1362 1094 indulgentiarum.
1377 1029 1410 1082 ιι.
1424 1027 1597 1096 indulgentie.

1184 1163 1407 1224 seoonsrltbst.

927 1260 1103 1323 Seqnestrum
1126 1265 1167 1312 est
1181 1263 1344 1322 contractus,
1362 1272 1415 1324 quo
1443 1273 1485 1310 res
1508 1260 1579 1312 inter
1593 1259 1684 1324 plures

894 1333 1068 1382 controversa
1084 1331 1156 1396 apud
1170 1331 1290 1394 aliquem
1305 1331 1452 1395 deponitur
1464 1344 1497 1380 eo
1511 1329 1574 1392 dne,
1589 1333 1619 1382 ut
1629 1344 1689 1396 pos·

895 1403 938 1451 tea
955 1401 979 1450 ei
995 1402 1127 1464 tradetur,
1148 1401 1195 1466 qui
1210 1413 1319 1452 musam
1336 1401 1458 1464 evicerit,
1478 1401 1526 1452 lib.
1546 1403 1570 1464 ³,
1588 1415 1645 1466 per.
1659 1403 1686 1466 2,

893 1473 1041 1592 ῃυ8ῗιιειῗιι
1055 1554 1144 1606 opere.
1162 1541 1194 1594 ιι.
1209 1541 1339 1594 reatorem
1349 1541 1476 1608 obligatio

1205 1675 1373 1729 sentisne.

924 1770 1045 1822 Servitus
1069 1772 1217 1836 personalis
1240 1775 1411 1838 extinguitur
1429 1789 1477 1839 per
1500 1775 1686 1840 prescriptio·

893 1855 965 1904 nem,
983 1842 1000 1893 l.
1012 1846 1035 1905 3,
1051 1859 1076 1908 ρ.
1091 1847 1115 1906 2,
1131 1859 1158 1894 n.
1186 1847 1240 1896 533.
1257 1847 1379 1898 Servitus
1402 1847 1526 1910 ignorata
1547 1847 1685 1898 lletrimo·

892 1912 970 1964 nium
984 1913 1099 1977 dirimit,
1114 1916 1130 1967 1.
1148 1919 1174 1977 6,
1189 1930 1214 1981 ρ.
1229 1918 1254 1980 3,
1267 1930 1295 1967 ιι.
1310 1919 1363 1968 561.

1223 2043 1356 2096 SERVUS.

923 2137 998 2189 Servi
1023 2143 1136 2203 possunt
1161 2141 1322 2192 contrahere
1351 2141 1421 2192 circa
1454 2141 1589 2203 materies,
1613 2154 1681 2205 qua·

892 2221 952 2258 rum
979 2209 1082 2260 habent
1105 2209 1257 2261 dominium
1281 2215 1309 2261 et
1329 2212 1606 2273 administrationem,
1623 2213 1642 2263 1.
1654 2215 1682 2275 3,

891 2293 947 2344 ριι.
986 2283 1009 2340 2,
1038 2294 1113 2331 num.
1146 2284 1202 2332 633.
1239 2283 1410 2333 Probabilius
1439 2283 1535 2332 invitis
1564 2282 1685 2334 dominis

891 2351 949 2401 suis
962 2350 1051 2402 aalide
1067 2352 1228 2414 profitentur
1242 2353 1270 2403 in
1285 2352 1436 2417 Religionc‚
1451 2353 1499 2404 lib.
1515 2355 1539 2414 l,
1556 2365 1582 2404 ιι.
1598 2355 1651 2404 119.

923 2421 1021 2472 Servus
1043 2435 1105 2472 cum
1129 2437 1204 2476 serva
1233 2424 1353 2475 invalida
1388 2423 1525 2476 contrahit
1547 2425 1684 2476 Matrimo·

892 2493 979 2554 nium,
994 2493 1011 2542 l.
1026 2495 1050 2550 6,
1067 2507 1091 2556 ρ.
1107 2495 1130 2555 3,
1147 2509 1173 2544 n.
1188 2496 1243 2544 512.
1258 2495 1427 2546 contrahens
1442 2508 1503 2546 eum
1523 2507 1609 2558 serva,
1625 2509 1682 2547 cre-

891 2564 959 2614 dens
972 2577 1031 2614 eam
1049 2577 1106 2614 esse
1129 2564 1253 2625 liberam,
1271 2565 1357 2616 valide
1371 2564 1516 2627 contrahit,
1538 2566 1556 2615 1.
1571 2569 1595 2628 6,
1610 2579 1636 2630 ρ.
1657 2569 1682 2625 3,

889 2649 918 2686 ιι.
942 2637 995 2685 565.
1014 2635 1041 2686 81
1058 2634 1140 2686 ducat
1155 2636 1280 2698 liberam,
1304 2649 1386 2700 qnam
1411 2637 1524 2700 putabet
1545 2649 1603 2688 esse
1626 2651 1682 2689 ser·¹

893 2719 962 2764 vem,
977 2705 1066 2755 relide
1081 2703 1153 2767 lacit,
1170 2705 1207 2756 ib.
1222 2707 1261 2756 Ad
1278 2709 1385 2769 ternpus
1399 2708 1505 2756 tontum
1525 2705 1603 2768 liber,
1619 2721 1682 2772 pos-

891 2777 934 2825 tea
958 2776 986 2825 in
1010 2777 1167 2826 servitutem
1198 2777 1362 2842 relapsurus,
1391 2775 1511 2828 invalide
1536 2779 1682 2841 contrabit,

891 2859 918 2894 ιι.
929 2847 983 2896 566.
999 2845 1068 2898 Vere
1082 2859 1184 2900 servus.
1200 2861 1248 2898 eeu
1264 2848 1440 2911 mancipium,
1456 2851 1496 2898 est
1513 2848 1680 2912 irregularis,

890 2915 907 2964 l.
923 2917 948 2976 1,
963 2929 989 2965 n.
1008 2917 1061 2966 112.
1080 2916 1147 2966 Eum
1161 2917 1231 2982 Papa
1246 2917 1320 2968 solus
1331 2919 1463 2982 potestah
1479 2917 1681 2984 irregularitate

890 2985 1039 3046 absolvere,
1058 2987 1146 3036 ιι.113.

921 3057 995 3108 Serri
1011 3058 1117 3122 proprie
1132 3072 1186 3108 non
1201 3062 1265 3110 sunt
1278 3059 1368 3110 coloni
1384 3058 1525 3121 originarii
1539 3060 1582 3111 rel
1596 3061 1681 3112 adsci-

889 3127 954 3188 titii,
966 3125 984 3188 1,
998 3129 1022 3188 6,
1034 3139 1059 3190 ρ.
1074 3129 1099 3188 3,
1115 3141 1190 3178 num.
1207 3130 1261 3179 512.
1279 3129 1361 3180 Servo
1376 3129 1511 3180 conducto
1528 3143 1584 3182 non
1599 3133 1680 3184 dehe-

890 3199 935 3248 tur
950 3197 1117 3261 stipendium
1131 3199 1260 3249 notabilis
1283 3199 1422 3264 temporis,
1444 3213 1499 3265 quo
1514 3215 1584 3267 regar
1597 3204 1680 3256 decu·

889 3266 959 3328 buit,
974 3268 1026 3317 nisi
1040 3268 1120 3319 aliter
1140 3273 1305 3320 conventum
1324 3272 1369 3333 sit,
1385 3274 1433 3321 eut
1446 3273 1615 3326 consuetudo
1630 3275 1679 3326 ba·

888 3337 959 3398 baut,
970 3339 987 3388 l.
999 3341 1022 3400 3,
1039 3353 1063 3402 ρ.
1081 3342 1105 3400 2,
1121 3355 1148 3403 ιι,
1164 3343 1232 3392 1938.
1248 3345 1347 3393 Servus
1361 3355 1395 3391 an
1407 3346 1432 3392 et
1443 3345 1578 3405 quomodo
1587 3350 1681 3410 peccet

887 3409 990 3472 aliquid
1005 3410 1151 3461 auterendo
1166 3413 1288 3476 dpmino‚
1308 3417 1335 3464 et
1351 3425 1386 3463 an
1402 3417 1528 3466 teneatur
1544 3415 1578 3468 ad
1602 3418 1681 3468 resti-

888 3481 1031 3530 tutionem.
1046 3481 1078 3532 V.
1095 3482 1222 3534 Famulus.

1081 3615 1235 3668 SlGlLLUM
1250 3616 1489 3670 consessione.

919 3717 1044 3782 Sigillum
1067 3719 1249 3772 confessionis
1268 3723 1470 3774 sacramentalis
1485 3727 1525 3774 εει
1548 3723 1679 3789 obligetio

887 3789 960 3840 luris
974 3789 1060 3840 divini
1081 3791 1250 3842 strictissime
1266 3793 1295 3842 in
1309 3795 1383 3843 omni
1404 3807 1466 3844 casu
1483 3795 1517 3844 sd
1533 3796 1679 3848 tenendum

888 3861 958 3910 dicte
970 3861 997 3910 in
1012 3861 1195 3924 Conlcssione‚
1211 3863 1228 3912 1.
1244 3865 1268 3923 6,
1281 3877 1306 3926 ρ.
1321 3866 1346 3924 2,
1362 3877 1388 3913 n.
1404 3865 1553 3924 1953,19³8.
1569 3864 1678 3928 Oblige·

887 3933 925 3980 tio
940 3933 997 3994 ejus
1012 3932 1100 3982 oritur
1120 3946 1154 3982 ex
1171 3934 1233 3997 lure
1253 3938 1369 3994 naturae,
1393 3936 1422 3983 et
1435 3933 1529 3984 divino
1549 3933 1679 3998 positivo,
1728 3993 1731 4000 ¹

887 4015 914 4051 n.
931 4003 998 4051 1936.
1009 4001 1127 4052 ιἰοιειιο
1137 4004 1194 4066 ejus
1205 4003 1341 4066 duplicem
1351 4004 1434 4054 habet
1445 4005 1588 4068 malitiam,
1599 4003 1679 4054 secri-

886 4071 949 4135 legii
967 4076 994 4121 et
1008 4072 1158 4136 injustitiae,
1173 4087 1201 4123 n.
1216 4075 1285 4125 1933.
1305 4075 1334 4123 ln
1350 4074 1497 4125 violatione
1513 4075 1571 4140 elus
1586 4074 1677 4139 quoad

886 4142 1019 4192 malitium
1029 4144 1153 4207 religioni
1168 4146 1320 4209 oppositam
1331 4159 1386 4195 non
1400 4145 1480 4196 datar
1489 4145 1609 4210 parvitas
1623 4159 1678 4195 me-

886 4213 970 4274 terte,
988 4227 1015 4262 n.
1036 4215 1104 4264 1931.
1125 4214 1258 4278 Obligatio
1277 4218 1337 4282 ejus
1356 4215 1444 4266 oritur
1461 4229 1495 4266 ex
1510 4215 1677 4267 confessione

887 4285 1084 4346 sacramentali,
1095 4296 1151 4334 non
1166 4299 1229 4335 vero
1244 4299 1276 4336 ex
1292 4285 1352 4336 licta
1367 4289 1473 4336 tantum
1488 4285 1567 4348 lacta,
1580 4300 1630 4337 nec
1644 4301 1678 4337 ex

887 4355 943 4415 illo,
960 4353 1033 4418 quod
1044 4358 1120 4405 extra
1131 4355 1327 4405 contessionem
1337 4355 1388 4406 suh
1402 4355 1491 4420 sigillo
1500 4355 1678 4408 confessionis

886 4424 1052 4486 committur,
1073 4437 1130 4473 an.
1148 4427 1214 4476 1929.
1232 4425 1347 4488 Expedit
1366 4424 1411 4474 hic
1432 4425 1509 4488 sequi
1530 4426 1678 4495 sententies

886 4496 1005 4546 terentes
1015 4495 1113 4559 sigilio,
1124 4509 1139 4544 e
1151 4508 1176 4546 u.
1194 4497 1262 4547 1915.
1274 4495 1384 4547 Materia
1400 4495 1480 4560 sigilli
1493 4499 1558 4546 sunt
1567 4503 1677 4561 peccate

886 4567 977 4616 omnia
993 4567 1152 4630 poeuitentis
1166 4570 1221 4618 tam
1233 4567 1322 4618 lutura
1338 4579 1418 4630 quarn
1432 4568 1580 4631 preterita,
1594 4567 1676 4618 etiem

886 4637 1035 4700 complicis,
1051 4641 1078 4686 ει
1093 4649 1186 4688 corum
1200 4638 1420 4700 circumstantie,
1438 4639 1459 4686 si
1475 4638 1567 4688 animo
1587 4652 1614 4689 se
1630 4652 1676 4688 ec·

886 4706 997 4758 cusandi
1020 4707 1076 4757 sint
1095 4708 1264 4758 manifestata
1277 4727 1283 4769 ς
1298 4709 1380 4758 etiam
1405 4708 1565 4772 poenitentia
1586 4709 1677 4773 gravis

886 4778 1023 4841 imposita,
1039 4781 1088 4828 etc.
1107 4791 1135 4826 n.
1154 4779 1223 4839 1933,
1242 4791 1257 4827 a
1273 4791 1299 4828 ιι.
1318 4780 1386 4840 1911,
1403 4779 1472 4829 1911.
1495 4778 1535 4828 td
1557 4780 1677 4844 sigilium

886 4849 1041 4913 obligantur
1051 4861 1154 4907 omnes,
1164 4849 1197 4896 sd
1210 4861 1277 4912 quos
1292 4849 1389 4899 notitia
1400 4848 1577 4900 confessionis
1587 4863 1675 4902 sacra·

886 4920 1011 4970 mentalis
1030 4919 1275 4984 quomodocunque
1291 4921 1454 4983 pervenerit,
1470 4934 1497 4969 n.
1516 4922 1586 4983 1932,
1607 4921 1676 4983 1919,

885 5006 901 5042 a
916 5005 942 5041 ιι.
959 4992 1027 5041 1951.
1043 4989 1081 5040 tn
1092 4990 1211 5054 sigillum
1222 4993 1259 5041 ita
1274 4995 1382 5042 tenetur
1396 4989 1591 5054 Conlessarius,
1604 4992 1676 5043 utde
1694 5003 1702 5016 ·

887 5061 950 5124 ιιιιε,
966 5075 1026 5126 quae
1043 5061 1071 5110 in
1085 5060 1253 5112 consessione
1268 5061 1319 5112 sub
1329 5061 1419 5126 sigillo
1433 5061 1506 5112 dicta
1517 5065 1580 5129 sunt
1591 5062 1675 5112 inter·

886 5134 1005 5194 rogatus,
1033 5131 1115 5181 ctiam
1139 5143 1201 5181 cum
1222 5133 1377 5196 iuramento
1400 5145 1431 5181 ea
1455 5145 1552 5196 negare
1580 5130 1675 5196 possit,

885 5215 901 5251 a
918 5215 944 5251 n.
963 5203 1033 5262 1933,
1049 5203 1116 5252 1931.
1133 5203 1324 5266 interrogatus,
1334 5215 1370 5252 an
1384 5205 1536 5266 peccatum,
1550 5201 1623 5265 quod
1636 5205 1676 5252 est

886 5273 1033 5332 notorium,
1052 5271 1189 5336 poenitens
1207 5271 1243 5321 sit
1261 5271 1409 5333 consessus,
1426 5284 1477 5322 nec
1496 5284 1603 5335 negare,
1625 5283 1676 5324 noc

886 5341 1019 5393 altlrmere
1029 5342 1119 5404 debet,
1131 5343 1177 5394 sed
1188 5343 1288 5404 dicere,
1300 5343 1478 5406 paenitentem
1488 5341 1592 5404 iecisse,
1603 5342 1675 5408 quod

883 5413 1017 5478 judicarit
1038 5425 1095 5463 esse
1117 5412 1329 5470 faciendumst
1351 5426 1378 5462 sc
1398 5426 1448 5463 suo
1471 5412 1593 5464 iunctum
1617 5425 1675 5462 esee

888 5483 987 5546 officio,
1002 5497 1028 5533 ιι.
1045 5485 1112 5536 1933.
1125 5485 1151 5536 81
1167 5485 1284 5545 dubitet,
1299 5497 1332 5534 nn
1347 5483 1451 5550 uliqnirl
1467 5483 1584 5536 audierit
1597 5483 1623 5533 iu
1639 5495 1674 5534 ιι
