3974 6348
701 534 752 608 bit
772 543 977 610 CENSURIS.
1606 533 1667 608 335⁸

54 727 134 791 rimis.
148 729 329 809 ltegradatio
351 729 494 793 similiter
507 730 575 792 fieri
590 734 693 810 potest
713 730 745 791 in
764 748 817 792 ca·
871 733 941 803 tur;
959 728 1163 805 Particulare,
1179 747 1241 809 quo
1256 730 1342 792 locus
1357 734 1412 792 aut
1423 749 1558 810 persona
1572 731 1669 811 parti-

52 816 120 876 sibus
139 819 251 877 tantum
272 817 477 896 gravissimis,
503 818 611 898 quales
633 821 706 879 sunt
726 837 756 878 v.
783 837 814 896 g.
873 815 997 894 euteria
1018 820 1072 878 aut
1091 816 1297 895 particulares
1317 816 1560 880 interdicuntur.
1588 816 1670 879 Unde

52 904 147 963 crimen
167 903 291 963 haeresis
315 904 526 981 manifestum,
552 904 672 966 salsatio
701 902 816 967 littera·
876 902 1017 966 resolues:

51 992 365 1070 romApostolicarum,
378 993 735 1073 sodomiasrequentata,
748 1011 820 1073 gra·
912 1015 926 1050 u
944 993 967 1053 l.
983 992 1153 1054 luterdiota
1176 991 1301 1054 civitate
1323 993 1553 1056 interdicuntur
1574 994 1670 1056 etiam

51 1079 87 1139 vis
106 1081 249 1141 calumnia
272 1081 402 1161 proprio
425 1083 580 1161 Episcopo
605 1082 755 1162 irrogata.
778 1083 816 1146 V.
873 1080 1022 1142 suburbia
1038 1085 1069 1142 et
1088 1081 1256 1143 interdicta
1270 1082 1434 1159 Parochia,
1458 1081 1553 1145 etiam
1571 1083 1671 1144 sacel-

50 1167 139 1246 leym.
153 1167 200 1230 hic
213 1187 279 1250 cop.
299 1173 330 1248 5,
347 1176 379 1232 et
392 1170 461 1232 uiti.
478 1177 500 1231 t.
519 1173 567 1247 l8,
584 1189 648 1252 cap.
667 1173 696 1232 8.
719 1193 733 1228 n
872 1169 939 1230 lum
954 1173 985 1229 et
1000 1169 1216 1230 coemeterium
1228 1169 1421 1249 contiguum,
1439 1170 1513 1250 quia
1527 1189 1670 1232 accesso-

10 1259 11 1262 ’
874 1257 956 1318 rium
971 1257 1112 1336 sequitur
1127 1262 1269 1319 naturam
1285 1258 1477 1338 principalis.

914 1368 928 1404 o
954 1347 992 1408 ll.
1011 1345 1178 1407 lnterdicto
1197 1347 1330 1425 populo,
1356 1365 1419 1406 non
1440 1346 1670 1408 interdicuntur

289 1471 318 1530 A
328 1471 353 1531 D
364 1471 388 1529 D
399 1471 424 1530 Ε
435 1471 458 1529 N
470 1472 495 1530 D
506 1472 531 1529 Α
875 1433 928 1514 qui
943 1452 1005 1496 uon
1026 1439 1099 1496 sunt
1112 1453 1185 1512 pars
1200 1433 1318 1513 populi,
1336 1438 1371 1495 ut
1384 1433 1525 1501 studiosi,
1543 1433 1666 1507 Clerici,

534 1513 541 1530 '
874 1521 1035 1602 perigrini,
1061 1526 1121 1583 etc.
1139 1524 1201 1582 Nec
1222 1521 1388 1583 interdicto
1413 1521 1514 1598 Cler0,
1538 1520 1670 1583 interdi-

875 1616 989 1672 cuntur
1004 1609 1159 1688 Religiosi,
1177 1610 1251 1688 quia
1266 1610 1297 1670 in
1312 1609 1536 1671 favorabilibus
1546 1615 1671 1671 tautum

876 1697 1001 1758 nomine
1016 1697 1125 1758 Clerici
1141 1697 1460 1775 comprehenduntur.

916 1806 930 1842 n
957 1785 1009 1846 lll.
1038 1783 1070 1846 Si
1097 1784 1239 1846 dicatur:
1265 1784 1349 1846 cives
1371 1804 1400 1844 v.
1419 1803 1449 1863 3.
1474 1783 1672 1846 Colonienses

876 1875 949 1934 sunt
969 1871 1136 1948 interdicti,
1153 1871 1174 1932 ii
1195 1889 1350 1952 nusquam
1371 1874 1502 1950 possunt
1522 1869 1671 1933 interesse

878 1958 990 2022 divinis
1015 1959 1084 2038 (nisi
1107 1965 1211 2020 tamen
1237 1959 1383 2020 desinant
1402 1977 1468 2018 esse
1489 1956 1556 2018 istic
1576 1957 1670 2034 cives,

10 1647 33 1726 ζΙ
81 1657 173 1733 orec
188 1663 237 1722 ⁴8.
248 1695 291 1707 -
306 1659 385 1736 Quid
394 1669 539 1743 pretereo
553 1663 633 1724 circo
649 1663 704 1724 isto
717 1663 755 1723 sit
767 1681 822 1722 no-

49 1746 172 1810 tmdum?
185 1751 278 1828 ltesp.
298 1753 381 1812 Raro
400 1751 467 1812 baec
490 1752 608 1812 servire
632 1757 762 1832 possunt
781 1751 821 1812 ad

10 1879 11 1884 1
49 1836 159 1913 praxim,
183 1842 215 1898 et
234 1837 275 1897 de
299 1838 361 1899 illis
381 1839 462 1899 bene
484 1857 521 1902 ac
543 1839 682 1901 breviter
705 1840 822 1902 habent

10 1999 11 2004 ἵ
48 1926 127 1986 Castr.
140 1923 170 1986 d.
185 1929 215 2002 l,
225 1936 331 2006 punct.
347 1928 401 1990 ult.
412 1929 528 1990 Dicast.
540 1937 607 1992 sert.
617 1931 645 1991 6.
659 1929 821 2002 Quomodo

10 2021 11 2030 ἶ
49 2013 170 2113 &mandi
184 2013 375 2114 Sintssmdus
385 2033 562 2096 poenafflm’
577 2024 746 2098 antequam
757 2018 822 2080 Cle·
877 2064 936 2108 nec
950 2063 1078 2108 causam
1093 2045 1237 2108 dederint
1252 2045 1447 2125 interdicto);
1465 2051 1574 2108 contra
1585 2062 1670 2120 vero,

10 2175 11 2178 =
48 2115 309 2164 “⁰⁰⁸⁰“mm03us
324 2103 709 2183 degradetureiiffldfliur
719 2110 824 2185 P⁰i⁰⁸·
878 2134 903 2193 si
925 2133 1033 2195 civitas
1055 2133 1220 2194 interdicto
1242 2132 1438 2214 subjiciatur,
1458 2132 1531 2192 lioet
1552 2131 1673 2194 civibus

49 2187 246 2268 ilfifflffllffl'b
259 2191 473 2293 videripotest
489 2193 610 2296 Ρῑὸῐξθῗ·
624 2204 690 2256 mm·
702 2198 732 2272 7,
744 2213 821 2256 ⁶⁰²²&
878 2226 933 2281 aut
956 2221 1075 2298 incolis,
1098 2221 1151 2300 qui
1167 2238 1296 2283 causam
1311 2219 1477 2282 interdicto
1501 2239 1564 2281 non
1578 2220 1675 2282 dede-

48 2276 86 2337 33·
98 2280 140 2339 ΑΒ
153 2285 258 2340 &sstem
275 2279 448 2342 dflfflssflssdl
462 2281 502 2342 ad
521 2287 665 2344 ifllflmffi
688 2282 825 2343 debeant
877 2313 962 2386 runt,
979 2309 1040 2371 alio
1055 2310 1111 2388 ire,
1128 2309 1242 2372 stistte
1257 2309 1371 2371 divinis
1386 2308 1547 2370 interesse.
1565 2331 1580 2367 n

49 2362 118 2438 prius
137 2366 307 2444 degradari
326 2369 436 2429 saltem
460 2370 640 2448 verbaliter,
667 2369 825 2431 examinat

10 2477 11 2480 ¹
49 2457 102 2513 tort
114 2453 142 2530 s,
157 2471 230 2517 rora.
249 2458 299 2517 ar.

1147 2559 1400 2620 subcunt.

302 2755 458 2844 CAPUT
494 2753 551 2845 Π,
921 2753 1030 2828 Quasi.
1053 2756 1103 2816 ts.
1120 2753 1256 2828 -Ouid
1277 2752 1325 2814 te
1346 2753 1384 2813 sit
1405 2757 1549 2830 pretereo
1571 2759 1675 2812 notan·
1700 2772 1742 2822 m

881 2839 972 2901 dom?
986 2844 1078 2921 Hesp.
1095 2840 1113 2918 ἓ
1132 2847 1160 2902 l.
1178 2841 1327 2914 Quamvis
1348 2840 1514 2902 interdicto
1538 2840 1673 2920 populo,

882 2949 944 2991 non
959 2929 1165 2990 interdicatur
1178 2930 1286 2990 Clarus
1300 2929 1375 3010 quia
1384 2929 1518 3008 populus
1532 2927 1674 2989 absoluta

882 3023 1027 3081 censetur
1050 3017 1310 3098 contradistiugui
1324 3037 1343 3078 a
1359 3018 1446 3079 Clero
1461 3023 1567 3077 tamen
1582 3016 1676 3077 inter·

883 3108 968 3169 dicta
980 3105 1099 3166 familia
1113 3105 1341 3168 interdicuntur
1361 3104 1472 3167 Clerici
1490 3103 1571 3165 illius
1586 3101 1676 3164 fami-

317 3177 494 3240 DUBlUM
515 3177 539 3238 Ῑ·
882 3195 943 3272 liae,
960 3195 1004 3256 uti
1021 3194 1116 3256 habet
1130 3193 1304 3256 communis
1325 3212 1395 3254 cum
1418 3192 1532 3253 Dicast.
1549 3190 1579 3253 d.
1597 3195 1627 3269 5,
1643 3211 1673 3252 n.

882 3287 932 3344 3t.
950 3282 1007 3356 Oui
1022 3288 1128 3344 tammr
1142 3288 1214 3361 post
1228 3281 1428 3343 interdictum
1444 3279 1520 3341 illud
1534 3281 1570 3340 nt
1583 3283 1621 3340 de
1633 3280 1679 3342 fa·

220 3359 304 3436 Quid
323 3361 359 3422 ⁸52
379 3371 408 3422 t!
427 3361 619 3444 qumplw?
883 3371 981 3448 milia,
998 3389 1059 3431 non
1075 3369 1283 3446 interdicitur,
1307 3369 1457 3450 quianon
1472 3368 1678 3449 comprehen-

884 3459 1017 3521 debatur
1035 3458 1206 3521 intentione
1231 3457 1460 3532 interdicentis;
1477 3457 1679 3538 praesumitur

10 3511 31 3590 i'
77 3547 193 3626 iltcsp.
211 3551 242 3609 l.
259 3547 317 3608 Est
334 3565 467 3608 censura
488 3549 708 3610 Ecclesiastico
722 3549 830 3628 prohi—
885 3547 967 3609 enim
990 3546 1084 3608 luisse
1107 3547 1194 3607 velut
1216 3546 1416 3608 interdictum
1436 3544 1625 3625 particulare
1644 3545 1676 3606 in

10 3711 11 3716 ἵ
47 3627 109 3691 bens
130 3633 313 3696 divinorum
337 3633 525 3713 ciliciorum,
552 3636 829 3700 Sacramentorum
885 3635 941 3696 has
962 3653 1114 3714 personas
1131 3635 1202 3696 talis
1217 3633 1353 3696 familiae.
1368 3635 1393 3696 u
1409 3637 1518 3694 contra
1540 3633 1566 3694 si
1582 3633 1677 3694 inter-

10 3749 11 3808 3
47 3715 216 3799 aliquorum,
234 3728 269 3783 et
283 3722 510 3784 Ecclesiasticae
534 3725 703 3802 sepulturae
724 3745 826 3804 usum,
884 3725 969 3786 dicta
984 3724 1024 3785 sit
1037 3723 1157 3801 civitae,
1174 3722 1380 3798 interdicitur,
1398 3721 1450 3801 qui
1464 3721 1500 3784 ut
1513 3721 1552 3782 de
1567 3721 1620 3783 illa
1634 3722 1679 3783 ci-

10 3845 11 3892 ,
47 3811 180 3882 maenus
194 3811 270 3871 talis
285 3814 343 3871 est.
357 3811 448 3882 Quod
459 3811 553 3888 addo,
566 3813 830 3892 quiaexcommu·
884 3812 991 3888 ritate,
1009 3813 1083 3892 quia
1100 3812 1230 3874 intentio
1246 3809 1459 3873 interdicentis
1479 3811 1678 3889 presumitur

10 3895 12 3944 ζ
48 3891 145 3957 nicetio
161 3899 276 3959 eodem
292 3897 406 3976 privat,
427 3902 581 3978 quatenus
596 3904 643 3961 est
656 3900 831 3962 communi·
884 3899 979 3962 luisse
1002 3899 1083 3961 ferro
1108 3899 1309 3961 interdictum
1337 3900 1502 3978 generale,
1528 3898 1677 3960 tendebat

10 4061 11 4068 ,
46 3982 113 4042 catio
133 4003 203 4046 cum
228 3985 393 4060 fidelibus;
419 3989 581 4067 suspensio
605 4008 679 4050 vero
703 3987 829 4068 proprie
883 3985 1021 4049 enimin
1045 3987 1303 4048 communitatem
1325 3985 1499 4048 secundum
1520 4003 1565 4062 se,
1591 3983 1678 4062 quis-1

48 4083 99 4128 uou
111 4071 195 4132 illum
211 4092 318 4150 usum,
330 4074 385 4135 sed
401 4075 581 4136 exercitium
596 4076 757 4154 potestatis
771 4077 830 4137 lle·
884 4093 1018 4155 cumque
1034 4093 1103 4136 eam
1118 4080 1332 4153 componeret,
1348 4093 1447 4154 usque
1462 4074 1538 4133 dum
1552 4072 1677 4134 tollere-

10 4211 11 4214 ,
47 4154 211 4222 clesiasticae
226 4160 371 4240 impedit.
388 4163 425 4226 V.
442 4165 549 4241 Laym.
563 4161 654 4240 ΗΜ,
671 4173 690 4225 t.
711 4165 741 4241 5,
748 4183 780 4244 p.
797 4168 827 4239 ἇς
884 4169 935 4227 tur
949 4163 1150 4225 interdictum
1163 4165 1239 4224 Bou.
1256 4160 1285 4221 d.
1304 4167 1333 4239 5,
1344 4181 1378 4242 p.
1398 4165 1523 4238 l,num.
1542 4162 1590 4237 13,
1602 4177 1677 4220 coud

47 4239 112 4304 Bou.
125 4243 153 4306 d.
167 4250 198 4324 5,
210 4267 246 4328 p.
266 4251 296 4310 l.
883 4257 933 4316 tra
947 4252 1062 4314 Dicast.
1082 4250 1113 4312 d.
1129 4252 1159 4327 5,
1176 4269 1256 4310 nam.
1275 4252 1324 4312 38.
1345 4249 1549 4310 interdictum
1570 4251 1677 4310 autem

75 4351 87 4386 r
104 4333 192 4412 Resp.
209 4335 247 4397 ll.
261 4335 466 4398 Interdictum
481 4334 633 4399 dividitur
648 4358 655 4400 :
673 4340 701 4400 1.
718 4340 753 4400 ln
768 4341 829 4401 Lo·
882 4340 1028 4420 generale
1043 4339 1178 4418 pertinet
1197 4337 1291 4399 etiam
1311 4337 1352 4397 ad
1366 4335 1530 4414 suburbia,
1548 4338 1623 4416 Cap.
1640 4333 1678 4396 Si

45 4416 109 4495 eale,
123 4422 207 4500 quod
221 4423 405 4485 immediate
420 4425 525 4486 locum
534 4425 642 4504 aflicit,
661 4431 692 4488 et
705 4426 737 4487 in
752 4429 829 4489 Per-
883 4427 993 4504 civitas,
1010 4426 1049 4487 de
1064 4430 1143 4486 cent.
1161 4441 1280 4486 excom.
1302 4423 1333 4484 in
1348 4427 1378 4486 6.

10 4585 11 4592 ἵ
46 4507 151 4585 monle,
171 4510 260 4590 quod
282 4509 461 4574 immediate
485 4513 581 4574 allicit
604 4531 781 4592 personam,
799 4518 831 4576 et
923 4518 983 4595 52.
1005 4513 1038 4579 Si
1057 4515 1265 4576 communitas
1287 4513 1453 4575 interdicta
1476 4513 1677 4590 dissolvatur,
1708 4536 1748 4586 pq

10 4597 12 4608 ’
45 4591 175 4688 iliatam,
192 4598 280 4679 quod
291 4600 470 4662 immediate
485 4601 582 4664 elficit
594 4601 708 4679 locum,
722 4603 830 4684 atejus
885 4609 916 4667 et
933 4603 1133 4666 interdictum
1157 4602 1291 4664 cadebat
1313 4601 1345 4663 in
1367 4602 1626 4664 communitatem
1643 4607 1679 4662 ut

44 4680 158 4775 incolas.
175 4684 290 4746 Differt
303 4689 409 4746 autem
422 4684 521 4748 locale
536 4705 555 4747 a
564 4689 731 4766 personali,
745 4689 829 4768 quod
885 4694 990 4769 talem,
1008 4692 1066 4753 hoo
1081 4691 1149 4771 ipso
1165 4691 1260 4751 etiam
1282 4694 1383 4751 cessat
1405 4689 1618 4752 interdictum.
1647 4690 1678 4752 Si

46 4783 73 4864 ¹.¹¹
84 4767 132 4829 illo
152 4771 355 4851 participatio
374 4791 536 4834 sacrorum
557 4773 741 4854 officiorum,
762 4783 829 4838 tum
885 4786 991 4843 autem
1006 4779 1045 4840 ob
1057 4797 1184 4840 causam
1199 4780 1305 4840 elatam
1319 4777 1477 4840 alliciebat
1491 4783 1594 4840 certas
1609 4796 1681 4857 per-

48 4852 192 4952 pudigenis
212 4863 286 4920 tum
308 4860 501 4940 alienigenis,
518 4880 581 4922 non
601 4863 753 4942 absolute,
774 4866 829 4926 sed
885 4885 988 4943 sonus,
1004 4872 1134 4928 manent
1154 4866 1203 4926 hae
1221 4866 1394 4928 interdictae
1415 4885 1512 4947 usque
1533 4865 1573 4926 ad
1589 4866 1680 4927 abso-

10 5015 11 5018 *
48 4957 74 5000 iu
86 4944 149 5008 loco
171 4949 298 5009 tantum
316 4947 498 5022 interdicto;
515 4949 546 5008 in
568 4949 628 5012 hcc
643 4969 717 5012 vero
738 4953 829 5014 certis
884 4956 1049 5032 lutionem,
1067 4956 1182 5032 Dicast,
1198 4975 1279 5018 nom.
1295 4959 1365 5018 219.

46 5031 176 5106 personis
200 5039 259 5096 aut
281 5036 495 5098 communitati
518 5038 722 5116 prohibeatur
740 5041 830 5103 abso-
925 5041 985 5120 53.
998 5042 1184 5104 interdictus
1194 5043 1427 5121 particulariter
1442 5047 1473 5104 et
1486 5044 1518 5104 in
1533 5059 1679 5122 persona,
1709 5043 1749 5093 ⁴¹³

10 5141 11 5194 j
42 5113 114 5196 luta,
138 5123 170 5182 et
196 5121 231 5183 in
258 5124 342 5185 omni
363 5125 443 5187 loco.
469 5129 498 5186 2.
530 5126 741 5190 lnderdictum
764 5135 829 5192 tam
891 5131 1034 5209 quamvis
1057 5135 1156 5193 mutet
1176 5131 1380 5208 domicilium,
1404 5136 1513 5195 manet
1535 5130 1683 5193 interdic·

42 5199 130 5269 locale
149 5227 249 5292 quam
266 5213 441 5291 personale,
459 5214 667 5277 subdividitur
680 5217 712 5277 iu
732 5220 829 5279 Gene—
885 5223 957 5294 tus,
979 5219 1080 5280 donec
1100 5219 1304 5292 absolvatur;
1327 5237 1344 5278 e
1366 5223 1475 5282 contra
1497 5217 1682 5280 interdictus

43 5293 100 5354 rale
119 5303 149 5359 et
172 5300 380 5362 Particulare.
404 5302 554 5364 Generale
579 5308 640 5382 est,
660 5323 721 5386 quo
741 5307 830 5369 locus
888 5305 1087 5386 generaliter,
1106 5306 1182 5368 etin
1199 5307 1356 5367 communi
1374 5311 1524 5386 tauquam
1540 5303 1682 5366 subditus

10 5391 12 5468 3
41 5385 197 5465 seueram,
224 5405 258 5448 v.
282 5405 315 5468 g.
339 5388 458 5468 civitas,
488 5390 669 5470 provincia;
694 5395 742 5454 vel
767 5413 829 5476 quo
885 5394 958 5471 loci,
976 5393 1006 5454 in
1023 5411 1084 5473 quo
1099 5392 1167 5471 luit,
1184 5393 1209 5454 si
1225 5397 1323 5454 mutet
1338 5393 1549 5469 domicilium,
1566 5391 1682 5452 desiuit

43 5473 255 5550 communitas,
281 5493 312 5536 v.
336 5494 367 5556 3.
388 5478 565 5559 collegium,
591 5488 650 5542 eto.
674 5481 831 5544 interdici·
889 5497 957 5541 esse
976 5479 1170 5560 interdictus,
1189 5481 1384 5560 Suar.Ugol.
1402 5480 1609 5543 nicostrati.

274 2999 318 3042 lta
350 2995 579 3044 intractato
