3974 6348
685 513 737 576 llll
757 508 1020 576 Marmttonto.
1627 497 1685 562 105

63 698 115 776 hrt,
128 713 185 760 uon
198 698 270 761 ideo
293 702 398 780 potest
411 717 490 762 uxor
508 699 677 778 divertere,
693 716 751 760 nec
765 697 837 760 ideo
892 695 1140 774 fornicationem,
1166 694 1269 775 potest
1287 691 1436 754 innocens
1449 687 1517 750 sine
1531 701 1686 752 consensu

62 789 168 848 aneta
184 787 232 848 vir
254 786 383 868 conjugi
406 787 570 850 consulere
590 805 648 867 per
662 785 839 850 remedium
893 787 1034 848 nocentis
1056 786 1332 857 metamaucum,
1357 777 1556 858 suscipiendo
1579 792 1686 838 sacros

63 872 203 936 mutonis.
219 879 250 937 2.
268 876 302 939 Si
316 876 365 937 vir
379 876 493 956 sapias
507 876 685 956 percutiens
700 893 838 938 arcesse·
893 874 1025 937 Ordines
1035 873 1085 934 vel
1094 871 1298 952 Religionem,
1311 871 1386 948 Gap.
1400 864 1591 941 Corutitutus,
1607 862 1684 942 Gap.

62 961 96 1024 rit
110 962 228 1024 modum
252 963 435 1028 domesticae
458 963 672 1042 correctionis,
695 964 838 1043 adeoque
891 959 1010 1022 Mulie.
1035 962 1080 1022 De
1103 975 1244 1021 convers.
1262 954 1388 1036 conjug.
1405 959 1438 1016 et
1451 952 1512 1014 hoc
1526 954 1583 1028 est,
1601 947 1685 1030 quad

62 1049 159 1110 inerint
179 1052 299 1114 abacia
322 1053 464 1130 verbera,
488 1053 590 1134 sitque
614 1053 685 1114 ideo
699 1051 838 1131 prudens
893 1047 957 1110 dixi
978 1049 1000 1111 l.
1017 1052 1047 1125 6,
1072 1067 1105 1128 p.
1121 1049 1151 1124 2,
1177 1065 1208 1108 rr.
1233 1048 1323 1122 atto,
1348 1046 1496 1122 tenetque
1510 1037 1685 1102 communis

62 1137 141 1200 torar
158 1155 244 1201 novae
266 1140 419 1202 molestiae
433 1141 550 1220 graus,
570 1158 633 1204 non
647 1139 718 1202 ideo
733 1139 839 1201 statim
892 1155 964 1199 cum
988 1136 1077 1216 Pigu.
1104 1145 1127 1198 t.
1143 1138 1192 1212 l0,
1209 1152 1284 1195 coar.
1300 1135 1330 1195 3.
1349 1133 1421 1194 Post
1435 1125 1623 1191 sententiam
1636 1125 1685 1186 di-

63 1225 242 1288 concedenda
266 1230 318 1290 est
337 1228 494 1307 separatio
519 1229 591 1305 tori,
616 1228 671 1290 sed
695 1226 838 1288 sufficere
893 1225 983 1288 vortii
998 1243 1062 1286 non
1076 1221 1230 1304 perpetui,
1247 1219 1354 1283 sedad
1368 1221 1501 1297 tempus,
1518 1215 1685 1278 donecno-

64 1313 161 1392 poterit
186 1315 291 1377 cautio
318 1316 538 1396 pignoratitia,
567 1315 777 1397 fidejussoria,
807 1317 839 1376 et
892 1333 966 1376 cens
978 1333 1010 1376 v.
1022 1333 1054 1394 g.
1071 1311 1247 1374 emendarit
1259 1327 1373 1386 mores,
1389 1307 1539 1368 innocens
1553 1320 1616 1366 noa
1629 1319 1684 1382 po-

62 1402 226 1484 quaudoque
256 1403 414 1485 juratoria
436 1407 557 1468 tantum
582 1407 620 1467 dc
644 1422 707 1466 non
740 1406 838 1466 olien-
891 1406 953 1465 test
974 1407 1096 1464 mutare
1111 1405 1237 1476 statum,
1264 1398 1307 1461 uti
1322 1415 1380 1460 nec
1395 1395 1420 1456 si
1437 1391 1630 1474 separaverit
1650 1409 1683 1451 se

63 1487 146 1552 dendo
175 1491 398 1572 inposterum.
427 1497 457 1557 3.
488 1495 619 1568 Quando
643 1494 838 1556 concurrunt
891 1490 1076 1553 aucwntate
1091 1483 1566 1569 propria,namnocenssaltem
1580 1496 1683 1542 emen·

62 1578 156 1657 sepius
175 1583 312 1645 exercita
333 1587 423 1645 atrox
437 1583 558 1646 sevitie
571 1586 603 1644 et
615 1583 685 1644 talis
699 1579 837 1662 prudens
891 1581 983 1643 datus
1003 1582 1109 1658 posset
1129 1578 1297 1658 implorare
1319 1573 1475 1648 iudicem,
1496 1575 1527 1630 et
1541 1570 1683 1647 repetere

64 1665 142 1728 timor
153 1667 275 1747 suturae,
288 1672 395 1733 utnon
404 1671 549 1735 videatur
562 1671 752 1733 sufficienter
766 1685 837 1730 can·
891 1668 1070 1749 conjugem,
1086 1665 1176 1746 cujus
1190 1663 1342 1726 restitutio
1352 1662 1498 1740 vergeret
1507 1657 1538 1718 in
1553 1655 1683 1718 scauda-

64 1753 161 1816 snltnm
173 1773 228 1836 per
242 1759 434 1837 mationem,
456 1762 530 1841 Gap.
545 1759 685 1836 Litteras,
701 1760 746 1820 De
761 1761 834 1818 rest.
891 1757 967 1833 lum,
983 1761 1038 1817 aut
1052 1754 1147 1817 etiam
1160 1753 1192 1816 in
1203 1753 1353 1815 damnum
1367 1755 1465 1812 status
1479 1743 1616 1825 religiosi
1632 1741 1682 1804 vol

63 1839 166 1920 spoliat.
191 1845 376 1908 conceditur
398 1846 567 1909 divortium
591 1847 622 1906 in
645 1843 773 1907 verbis:
799 1842 839 1904 Si
891 1843 1053 1908 clericalis.

65 1939 132 1992 nato
142 1931 177 1993 rit
188 1933 316 2004 saucia,
340 1944 374 1996 ut
387 1934 510 1998 mulieri
522 1934 687 2017 trepidanti
699 1952 758 1994 aon
769 1951 839 2014 poa·
930 1936 1010 2015 §RR
1027 1930 1158 2005 Quando
1179 1929 1329 1992 innocens
1342 1930 1444 1989 mutat
1457 1927 1585 2000 statum,
1601 1941 1631 1984 v.
1648 1940 1680 2001 g.
1709 1955 1750 2002 ,45

63 2018 243 2102 ritrusficieur
262 2023 405 2086 securitas
421 2023 586 2106 provideri,
602 2021 766 2084 nousolum
780 2040 837 2082 uon
891 2021 1088 2102 suscipiendo
1118 2037 1224 2082 sacros
1244 2019 1377 2083 Ordines
1402 2015 1451 2078 vel
1475 2011 1680 2092 Religionem,

64 2104 716 2194 deletorutitutseaiatcopotiuaomoueri.
733 2111 837 2182 Ouan-
890 2115 993 2193 potest
1015 2126 1131 2171 nocens
1152 2107 1247 2170 etiam
1270 2107 1336 2168 sine
1359 2108 1431 2167 voto
1454 2102 1505 2164 vel
1525 2101 1682 2179 praecepto

65 2195 160 2259 donam
181 2197 308 2261 dicatur
329 2201 450 2263 saevitia
471 2202 521 2262 vel
544 2205 633 2262 atrox
646 2198 834 2276 verberatio,
890 2196 1088 2262 continentie
1103 2213 1265 2258 remanere
1279 2194 1311 2254 in
1326 2193 1458 2256 seculo:
1476 2187 1584 2251 nullibi
1599 2185 1683 2248 enim

64 2280 107 2344 dat
119 2287 252 2366 exempla
268 2288 402 2366 Sperell.
426 2307 490 2350 arr.
507 2291 556 2366 62,
573 2288 626 2368 qni
641 2288 701 2350 dec.
719 2289 787 2363 138,
804 2306 834 2348 rr.
889 2286 1070 2368 praecipitur
1092 2284 1166 2345 huic
1188 2284 1250 2346 tale
1271 2287 1379 2344 votum
1405 2279 1455 2341 vel
1478 2274 1680 2350 continentia,

63 2370 103 2447 ro,
122 2375 203 2435 notat
222 2373 315 2434 nxori
339 2374 378 2437 de
401 2376 522 2438 servitia
543 2376 601 2438 viri
632 2373 835 2454 conquerenti
890 2375 973 2436 unde
987 2377 1110 2435 mortuo
1125 2372 1289 2434 innocente
1304 2368 1449 2450 conjuge,
1476 2363 1592 2446 poterit
1604 2361 1683 2423 inire

65 2475 112 2518 nun
124 2459 211 2537 aradi,
228 2461 290 2522 nisi
304 2463 391 2524 illam
404 2465 527 2543 probet.
890 2462 974 2526 aliud
995 2460 1239 2536 Matrimonium,
1264 2461 1374 2522 Avers.
1398 2477 1427 2538 q.
1444 2457 1494 2531 33,
1509 2473 1533 2514 r.
1550 2455 1580 2515 8.
1597 2453 1683 2514 atra-

23 2541 47 2610 ti
94 2544 164 2624 5¹⁸·
181 2547 258 2610 Cum
273 2549 402 2631 quilebet
414 2549 453 2612 ad
465 2551 693 2613 reruntioudum
703 2551 776 2633 juri
786 2569 837 2612 ruo
889 2570 963 2614 men
977 2549 1066 2631 Pign.
1084 2557 1107 2611 t.
1123 2552 1154 2626 3,
1168 2567 1245 2610 cous.
1261 2552 1311 2624 ts,
1334 2545 1430 2608 refert
1443 2543 1564 2622 aliquas
1578 2537 1683 2601 decla·

66 2631 168 2694 literam
181 2635 287 2698 lateat
303 2636 478 2718 sancitatem
491 2641 567 2718 Cap.
583 2637 638 2700 Ea
651 2641 835 2717 mordentia,
890 2640 1027 2702 rationes
1049 2636 1335 2718 Congregationnm
1360 2635 1368 2668 ¹
1395 2650 1465 2713 quse
1489 2630 1598 2690 dicum
1623 2627 1683 2688 sal·

64 2723 99 2784 nr
109 2722 227 2786 crimine
240 2725 326 2802 taisi,
344 2732 376 2787 et
394 2726 563 2788 divortium
576 2726 617 2788 sit
629 2745 724 2807 poena
738 2727 838 2790 delin·
890 2733 953 2792 tem
968 2727 1021 2789 ubi
1046 2730 1093 2788 est
1106 2725 1280 2805 periculum
1294 2719 1538 2794 incontinentia,
1554 2715 1580 2777 si
1594 2713 1682 2776 adnl-

66 2811 165 2889 mentis
186 2829 222 2874 ao
250 2813 342 2875 lavor
363 2814 549 2892 innocentis,
575 2833 612 2876 eo
627 2834 690 2877 non
710 2821 837 2879 tenetur
890 2822 939 2881 ter
959 2813 1109 2894 suscipiet
1131 2831 1237 2876 sacros
1256 2810 1387 2875 Ordines
1405 2809 1455 2870 vel
1474 2804 1680 2885 Religionem,

66 2896 204 2978 innocens,
229 2901 276 2963 uti
300 2903 327 2964 si
350 2903 438 2981 nolit,
464 2903 578 2966 Sanch.
604 2903 626 2965 Ι.
650 2907 698 2980 10,
723 2903 753 2966 d.
779 2908 834 2978 l3;
889 2907 1089 2968 innocentem
1111 2906 1289 2963 manentem
1304 2899 1336 2960 in
1350 2897 1465 2960 saeculo
1480 2893 1595 2956 debere
1609 2907 1681 2952 con-

67 2985 159 3065 lln'm,
182 3009 211 3050 a.
228 2992 319 3052 rste.
336 2993 455 3053 Docent
468 2991 596 3071 quidem
610 2990 646 3053 S.
664 2992 765 3053 Ttom.
783 2993 837 3054 na
890 2992 1054 3056 tinentiam
1068 3008 1194 3052 vovere.

67 3091 120 3137 ror.
143 3073 206 3158 Cui.
232 3075 310 3140 Situ.
336 3078 451 3160 aliique
472 3079 560 3142 multi
575 3097 706 3159 peccare
720 3079 833 3157 virum,
929 3081 1009 3160 §tt
1031 3077 1063 3140 Si
1083 3075 1268 3158 conjugatus
1283 3077 1354 3154 post
1367 3070 1554 3134 sententiam
1568 3086 1683 3148 perpe·
1708 3087 1764 3146 pua

69 3161 269 3241 aipermaneat
284 3165 481 3229 inconsortio
496 3167 656 3244 adulterae,
673 3185 745 3229 nam
760 3169 833 3247 Cep.
889 3170 934 3235 tui
959 3166 1083 3230 divortii
1107 3181 1269 3227 assumens
1297 3160 1491 3241 Religionem
1513 3158 1563 3220 vel
1591 3155 1682 3219 Ordi-

68 3249 98 3311 st
107 3253 158 3330 uir,
169 3254 211 3314 Do
220 3252 383 3316 adulteriis
398 3253 531 3317 dicitur:
549 3254 589 3317 Si
600 3255 650 3317 vir
661 3256 751 3317 rricru
764 3275 836 3318 uao·
890 3277 956 3336 nes,
982 3259 1076 3336 neget
1097 3272 1131 3316 se
1154 3272 1222 3318 esse
1245 3250 1465 3332 conjugatum,
1488 3244 1681 3327 probabilius

68 3341 834 3426 summaeripae,maaeqmpoenmm
890 3352 938 3411 est
960 3362 1032 3407 cnm
1054 3347 1165 3405 Avers.
1189 3360 1219 3422 q.
1245 3341 1302 3416 23,
1326 3357 1350 3401 a.
1374 3340 1412 3414 8,
1437 3342 1547 3398 contra
1569 3331 1678 3396 Sancti.

67 3427 106 3488 ad
119 3439 261 3510 mart
284 3430 316 3492 in
335 3429 544 3510 fornicatione,
568 3432 676 3494 mouit
688 3451 752 3493 cum
766 3431 834 3510 illa,
889 3449 1022 3515 peccare
1042 3428 1226 3504 mortaliter,
1252 3427 1327 3506 quia
1345 3429 1392 3486 est
1410 3440 1461 3485 res
1480 3421 1573 3482 valde
1592 3426 1682 3482 nota·

68 3519 191 3594 merit,
216 3518 319 3600 atejus
339 3521 456 3601 peccati
467 3521 623 3602 particeps.
639 3523 678 3583 Rt
695 3521 837 3583 similiter
889 3522 978 3598 bilis,
1002 3522 1034 3581 et
1052 3515 1202 3595 Superior
1218 3515 1269 3576 vel
1289 3513 1462 3593 Episcopus
1481 3507 1619 3570 habebat
1628 3505 1681 3586 jus

50 3602 131 3666 liar.
153 3603 214 3668 Sot.
237 3605 315 3669 Bou.
342 3605 414 3671 aar.
440 3613 472 3670 et
494 3608 546 3670 alii
569 3608 683 3670 docent
706 3628 744 3670 ex
757 3611 833 3688 Gap.
890 3605 1105 3687 interrogandi
1122 3624 1129 3666 :
1146 3621 1221 3684 ergo
1243 3603 1321 3664 alter
1342 3599 1565 3679 obligationem
1582 3593 1681 3656 mani·

71 3689 102 3752 Si
113 3692 169 3772 quir
180 3711 312 3771 acuon,
335 3698 365 3756 1.
380 3696 430 3772 32,
447 3713 478 3775 q.
496 3697 525 3771 l,
540 3695 638 3756 teneri
654 3695 748 3758 etiam
762 3713 836 3757 uxo-
890 3695 1042 3772 testandi,
1063 3710 1135 3756 eum
1152 3691 1274 3771 possint
1291 3708 1393 3752 causae
1412 3686 1462 3750 vel
1475 3687 1681 3748 circumstan·
1782 3681 1787 3691 '

70 3795 123 3839 rem
131 3779 279 3843 dimittere
289 3781 467 3844 adulterum
477 3801 510 3843 se
520 3800 583 3844 non
595 3783 833 3846 emendantem:
890 3787 940 3849 tiae
954 3781 1184 3864 promotionem
1197 3780 1292 3841 telem
1306 3775 1470 3856 impedire.

72 3883 206 3945 pruvera
219 3874 301 3947 sunt,
318 3869 343 3931 si
358 3871 402 3932 ita
414 3871 550 3951 postulet
562 3877 754 3952 praeceptum
768 3890 835 3934 cor·
928 3875 947 3953 fi
968 3877 1018 3934 22.
1044 3870 1079 3934 Si
1101 3867 1270 3931 divortium
1290 3865 1330 3928 sit
1349 3864 1477 3945 propria
1495 3860 1679 3925 auctoritate

71 3955 191 4017 metonis
211 3957 354 4019 traternee
377 3959 426 4020 vel
449 3959 588 4022 scandali
618 3959 763 4022 vitandi:
793 3961 833 4022 de
888 3965 1021 4038 iactum,
1038 3958 1233 4020 etinnocens
1248 3973 1309 4017 non
1324 3950 1537 4014 immutaverit
1549 3952 1676 4024 statum,

65 4047 164 4107 -catero
173 4051 253 4108 recte
264 4047 399 4110 ostendit
407 4051 516 4110 rivers.
528 4067 552 4109 a.
562 4052 592 4126 5,
609 4050 835 4112 correctionem
887 4047 1161 4126 teneturrecipere
1176 4047 1352 4120 nocentem,
1364 4041 1389 4102 si
1405 4036 1619 4101 emendaverit
1631 4053 1676 4114 se,

75 4130 142 4192 illam
159 4151 211 4213 per
223 4133 434 4196 dimissionem
453 4154 524 4197 raro
538 4135 744 4214 prodituram,
761 4136 836 4216 quia
888 4143 920 4202 et
933 4154 996 4199 non
1016 4137 1057 4197 sit
1076 4133 1214 4213 prudens
1235 4130 1410 4210 periculum
1427 4128 1579 4206 relapsus.
1599 4126 1675 4187 Can.

74 4219 167 4301 major
187 4221 327 4283 dimissus
351 4223 453 4304 magis
475 4229 507 4286 et
519 4224 648 4286 liberius
661 4223 836 4302 indulgebit
890 4225 973 4303 Quod
995 4231 1091 4288 autera
1112 4223 1162 4298 32,
1187 4240 1217 4302 q.
1244 4223 1273 4296 R,
1298 4221 1374 4281 can.
1397 4215 1435 4278 Si
1452 4215 1511 4282 uir,
1531 4214 1571 4275 de
1590 4211 1675 4273 adul.

73 4305 206 4370 addteriis
220 4328 229 4382 3
244 4311 426 4372 smndalum
441 4315 548 4373 autem
561 4311 683 4373 facilius
696 4313 832 4388 tolletur,
888 4317 963 4378 Gan.
979 4311 1048 4394 Epo
1061 4308 1131 4370 diri
1138 4355 1146 4377 ,
1162 4313 1212 4386 31,
1229 4327 1259 4388 q.
1277 4310 1305 4383 1,
1323 4304 1466 4386 quamvis
1480 4307 1589 4365 rivers.
1604 4319 1629 4362 a.
1645 4303 1675 4378 6,

74 4399 167 4458 etcum
185 4397 296 4479 majori
310 4417 365 4479 spe
378 4400 581 4480 poenitentiae,
603 4401 629 4461 si
644 4401 790 4479 privatim
804 4405 836 4462 et
887 4406 976 4484 putet
989 4400 1030 4461 ibi
1044 4417 1109 4460 non
1123 4397 1243 4476 imponi
1256 4395 1495 4474 obligationem,
1511 4390 1568 4452 sed
1580 4388 1677 4451 asseri

74 4482 175 4557 lablice
199 4489 308 4566 pergat
333 4505 465 4567 arguere
493 4493 525 4552 et
551 4488 744 4551 abstrahere.
771 4493 834 4552 Nec
888 4488 1137 4555 convenientiam
1149 4491 1180 4548 et
1189 4485 1359 4566 quamdam
1369 4480 1678 4564 equitaremncon-

75 4567 131 4633 ideo
141 4572 324 4636 virretineus
335 4575 431 4637 talem
440 4594 569 4637 uxorem
580 4576 757 4639 censebitur
766 4595 834 4639 esse
887 4583 936 4642 tra
949 4577 975 4638 si
990 4573 1156 4637 divortium
1172 4575 1301 4652 propter
1310 4568 1546 4631 fornicationem
1560 4565 1593 4627 in
1607 4582 1679 4644 per

75 4671 149 4718 cana
161 4659 260 4721 damni
273 4661 417 4740 legitimis
437 4663 614 4724 baeredibus
629 4665 791 4742 causandi,
807 4663 832 4726 si
886 4668 1017 4743 potuum
1039 4680 1096 4741 per
1118 4659 1304 4722 sententiam
1327 4656 1447 4721 Judicis
1474 4655 1592 4717 iactum
1619 4652 1676 4728 sit,
1738 4709 1742 4722 ,

75 4739 135 4840 torte
153 4745 287 4808 adultera
308 4748 463 4827 concipiat
489 4767 527 4810 err
554 4749 667 4827 alieno,
693 4750 726 4811 id
749 4750 833 4811 enim
887 4753 1037 4814 innocens
1050 4749 1121 4828 cogi
1135 4765 1197 4810 non
1211 4749 1315 4827 potest
1327 4745 1368 4806 ad
1380 4739 1677 4823 recipiendum,'·nisi

75 4839 287 4912 anteactarum
301 4833 329 4894 iu
345 4854 378 4896 so
393 4840 450 4912 est,
462 4836 603 4916 impedit,
619 4839 662 4900 uti
677 4855 831 4917 suppono,
887 4838 1062 4900 committat
1082 4835 1182 4897 simile
1203 4833 1339 4910 crimen,
1360 4834 1434 4894 Cau.
1451 4829 1496 4892 De
1507 4827 1676 4896 Benedicta,

76 4931 119 5014 trec
129 4937 240 5000 semper
252 4925 372 4984 tenatur
392 4921 503 5003 aliquis
518 4941 591 4984 cum
605 4925 754 5003 gravibus
769 4925 833 4988 suis
886 4927 942 5002 31,
958 4943 988 5004 q.
1005 4927 1041 4998 t,
1057 4925 1133 4984 Gan.
1150 4919 1330 4987 Admonere,
1347 4921 1396 4996 33,
1411 4939 1441 4999 q.
1459 4920 1488 4994 t,
1504 4919 1578 4993 Cap.
1598 4912 1679 4977 Garr-

76 5009 250 5070 ucorumodie
263 5009 363 5071 aliena
376 5010 492 5072 damna
507 5029 629 5072 carcre.
886 5012 995 5080 demur,
1008 5012 1047 5073 de
1058 5029 1200 5072 convers.
1211 5009 1336 5089 conjug.
1350 5011 1455 5070 Potest
1468 5009 1572 5068 tamar
1583 5003 1678 5064 etiam

26 5105 58 5156 tt
104 5092 171 5170 §ta
192 5097 261 5158 Post
281 5099 465 5162 sententiam
486 5099 609 5162 divortii
633 5100 775 5180 perpetui
791 5102 832 5163 ob
887 5105 964 5177 tum,
985 5099 1011 5160 si
1033 5098 1106 5160 volit
1127 5097 1255 5178 propria
1273 5094 1457 5158 auctoritate
1477 5091 1627 5170 recipere,
1644 5095 1679 5153 ut

26 5395 27 5406 ¹
100 5383 198 5458 lituras
220 5399 323 5460 quoque
343 5389 492 5463 oderantur
513 5391 540 5442 Τ.
567 5391 590 5440 1.
613 5391 690 5444 Thes.
718 5391 822 5445 Resolv.
834 5405 859 5460 p.
876 5393 928 5442 131.
949 5391 1101 5460 Quandoque
1114 5391 1198 5442 tameo
1220 5391 1246 5442 S.
1271 5390 1297 5444 0.
1322 5390 1407 5438 uotum
1428 5385 1537 5454 simplas
1550 5385 1679 5438 curuata

80 5455 115 5492 Μ
124 5451 202 5514 περιέ,
211 5453 237 5500 ut
248 5448 334 5502 adadun
347 5452 430 5504 redere
441 5455 486 5508 ert.
