3986 6350
573 546 624 607 DE
647 544 812 610 cartulis
834 540 1107 606 CONFESSARII.

54 727 210 790 ubidicitur
230 749 244 787 a
258 729 486 792 absolutionem
509 747 600 809 posse
622 729 691 791 dari
708 748 728 790 a
746 728 815 809 qui-

52 815 244 896 abuscumque
267 818 499 895 Sacerdotibus,
517 818 543 878 si
557 819 646 880 abest
664 819 815 880 Praelatus

52 903 235 966 cardinarius.
261 906 454 968 »Secundus
474 910 521 967 eet
543 905 574 966 in
598 904 700 984 capite
729 905 815 966 Pres-

52 989 125 1072 tpter,
139 991 185 1053 ubi
199 993 244 1054 sic
258 993 373 1074 legitur
389 1013 396 1054 :
414 1015 428 1052 ιι
442 995 610 1072 Presbyter
630 1012 692 1054 non
706 1011 814 1054 recon-

51 1077 139 1138 vciliet
153 1077 348 1155 penitentes,
374 1079 443 1146 nisi¹
454 1079 582 1141 absente
598 1079 752 1158 Episcopo
768 1077 816 1138 ul-

51 1187 62 1222 l
72 1165 134 1226 bura
145 1167 309 1228 necessitas
330 1171 452 1246 urgeat.
464 1191 478 1226 u
497 1168 621 1229 Tertius
640 1175 687 1228 est
706 1167 736 1227 in
757 1169 815 1226 llx-

51 1256 204 1330 trcvagante
238 1254 318 1316 inter
348 1263 483 1334 cunctas,
514 1255 566 1316 ubi
599 1255 644 1316 sic
677 1254 816 1334 loquitur

52 1341 170 1402 Summus
187 1344 329 1405 Pontifex
346 1364 352 1404 :
374 1365 388 1402 a
407 1344 610 1406 Decernimus
627 1344 815 1423 prenitentes

50 1445 146 1505 vposse
159 1429 276 1492 absolvi
291 1431 324 1492 in
338 1433 431 1494 certis
442 1432 577 1509 casibus,
594 1432 620 1493 si
636 1430 745 1494 baberi
761 1449 816 1490 ne-

50 1520 150 1597 vqueet
172 1537 316 1580 maumas
340 1521 379 1581 ad
400 1521 591 1600 Episcopum
614 1523 663 1584 vel
687 1518 816 1580 Pontifi-

50 1624 135 1666 tceut.
150 1628 163 1664 n
180 1609 262 1686 Ergo
278 1610 427 1688 declarat,
439 1611 464 1670 si
476 1610 654 1690 hujusmodi
670 1625 815 1670 recursus

50 1692 137 1754 baberi
149 1696 254 1773 possit,
271 1696 459 1775 prenitentes
478 1698 518 1758 ab
541 1697 681 1758 inferiori
705 1699 816 1759 Sacer-

50 1781 106 1844 dote
117 1781 227 1844 absolvi
242 1803 305 1844 non
320 1803 423 1863 posse.
438 1789 531 1865 Resp.
549 1790 577 1847 l.
595 1789 631 1846 N.
648 1786 812 1848 Minorem.

50 1871 76 1930 ln
87 1869 205 1932 laudatis
219 1872 305 1932 enim
320 1874 455 1934 textibus
470 1893 533 1936 non
555 1874 658 1954 agitur
672 1875 711 1934 de
726 1873 815 1934 abso·

50 1957 143 2018 lotione
165 1959 400 2036 Sacramentali,
426 1960 481 2021 sad
503 1961 542 2021 dc
563 1959 815 2021 reconciliatione

51 2046 245 2108 cumlioclesia
260 2048 366 2127 quoad
384 2048 527 2126 publicos
548 2049 745 2128 poenitenteS,
771 2051 816 2108 at-

51 2151 97 2212 que
107 2133 168 2194 luce
181 2135 356 2196 meridiana
370 2136 484 2198 clarius
504 2137 671 2199 innotescit
689 2135 817 2198 cuilibet

50 2223 131 2280 textus
143 2220 207 2281 illos
226 2222 259 2280 in
280 2221 356 2284 locis
375 2222 439 2283 suis
463 2223 647 2302 perlegenti.
673 2226 767 2303 ltesp.
783 2227 812 2284 2.

51 2309 79 2368 ll.
92 2306 239 2388 ltlajorem,
256 2309 289 2369 in
300 2327 363 2389 qua
375 2310 504 2388 ponitur
521 2310 554 2371 id
568 2315 691 2374 tantum
705 2330 817 2372 conce-

50 2394 107 2455 dere
119 2395 340 2474 tridentinum,
358 2398 443 2477 quod
458 2399 648 2460 custoditum
665 2399 816 2462 hactenus

49 2482 207 2544 iullcclesia
220 2483 290 2546 fuit.
308 2485 481 2546 Concilium
504 2487 587 2547 enim
601 2486 632 2548 id
649 2506 711 2548 non
728 2487 813 2564 dicit,

50 2571 232 2632 sedabsolute
254 2573 447 2650 pronunciat
467 2572 499 2634 in
523 2575 662 2635 Ecclesia
680 2577 817 2637 custodi-

50 2658 255 2722 tunbactenas
278 2678 405 2737 semper
426 2660 533 2738 fuisse,
557 2666 593 2724 ut
619 2665 705 2725 nulla
727 2664 816 2726 sitin

50 2747 137 2808 nortis
150 2746 278 2808 articulo
298 2747 480 2808 reservatio.
498 2749 587 2820 Quod
603 2755 699 2827 certe,
715 2756 750 2813 ut
763 2770 817 2830 pa-

50 2839 92 2910 tet,
105 2836 186 2916 louge
197 2835 358 2898 diversum
372 2839 429 2898 est.
445 2839 511 2897 lmo
521 2856 559 2898 ex
570 2837 629 2898 hoc
644 2839 817 2900 Tridentini

50 2923 230 2986 Pronuuciato
245 2924 452 2985 confirmatur
467 2925 630 2986 evidenter
640 2928 724 3005 quod
736 2947 818 2990 asse·

50 3011 288 3089 ritur,Laudatos
312 3013 473 3072 Canonum
496 3016 598 3075 textus
622 3031 684 3074 non
708 3015 749 3075 ad
764 3017 818 3078 Sa-

51 3101 245 3162 cramentalem
270 3099 511 3177 absolutionem,
535 3101 591 3161 sed
614 3100 655 3161 ad
677 3102 819 3164 reconci-

50 3185 184 3248 liationem
209 3187 409 3266 publicorum
424 3185 644 3264 poenitentium
663 3193 817 3266 spectare.

50 3275 150 3354 Alioqui
164 3274 321 3355 quomodo
336 3274 488 3353 potuisset
506 3275 678 3338 Concilium
692 3277 818 3338 absolu-

50 3366 74 3420 te
96 3367 122 3424 et
142 3363 204 3423 sine
227 3362 336 3424 addito
360 3361 590 3439 pronunciare:
614 3360 736 3442 Seraper
755 3383 818 3426 ctes-

50 3447 151 3510 taditum
173 3451 204 3510 ia
222 3447 359 3510 Ecclesia
380 3447 438 3508 Dei
461 3447 540 3528 suit,
565 3459 596 3511 at
616 3450 703 3512 nulla
725 3451 763 3513 sit
786 3454 818 3514 irc

49 3538 130 3597 mato
141 3537 264 3599 caicato
278 3536 458 3597 reservatio?

79 3626 142 3687 Ilico
155 3630 182 3686 2.
199 3625 290 3686 Sotae
303 3622 449 3684 Sacerdos
467 3623 649 3694 ardebam'as,
672 3625 720 3687 cel
740 3626 818 3690 dele-

1603 543 1662 602 tat

869 723 1661 807 estpotestatemaquibusvispeccatisabsolvandi,

869 815 1013 876 omnibus
1029 813 1155 875 omnino
1171 814 1393 876 Sacerdotibus
1410 812 1574 892 impertiri.
1592 815 1663 875 Ate

869 907 979 965 contra
1001 900 1164 962 verissima
1179 906 1227 962 est
1247 901 1358 963 eadem
1372 900 1555 982 propositio,
1572 901 1598 961 si
1614 901 1663 963 boe

868 1008 961 1050 voces
980 1008 1074 1049 omnes
1096 987 1280 1064 Sacerdotes,
1304 989 1345 1050 ad
1373 989 1455 1050 solos
1484 987 1664 1068 pertineant

868 1077 1008 1156 legitima
1021 1077 1242 1140 Jurisdictione
1254 1080 1284 1139 et
1294 1078 1519 1157 approbatione
1536 1076 1663 1137 aliunde

869 1164 1016 1225 munitos.
1043 1167 1122 1225 Nam
1150 1184 1262 1226 revera
1284 1166 1368 1226 omni
1392 1170 1498 1227 amota
1525 1181 1664 1224 reserva·

869 1253 965 1329 tione,
983 1270 1092 1312 eorum
1103 1252 1279 1333 jurisdictio
1303 1253 1391 1332 prius
1410 1251 1553 1313 restricta
1570 1252 1601 1312 in
1616 1257 1665 1312 to-

869 1345 935 1403 tam
957 1359 1047 1400 suam
1074 1342 1313 1420 amplitudinem
1345 1341 1534 1416 restituitur,
1565 1343 1597 1402 et
1624 1341 1664 1402 ad

870 1428 976 1489 omnia
1004 1427 1130 1489 omnino
1167 1435 1297 1508 peccata
1327 1429 1474 1508 pertinet.
1503 1430 1585 1506 Ergo
1614 1429 1664 1490 vcl

869 1515 1077 1594 ineptisssima
1092 1515 1231 1576 locutum
1254 1519 1302 1578 cst
1322 1516 1553 1592 Tridentinum,
1579 1516 1664 1594 quod

870 1621 962 1663 nemo
986 1620 1069 1662 sana
1092 1603 1206 1664 mentis
1230 1603 1410 1676 admiserit;
1435 1603 1485 1664 vcl
1508 1606 1591 1663 certe
1616 1603 1665 1663 bis

869 1692 998 1753 vocibus
1022 1710 1117 1752 omncs
1139 1690 1317 1770 Sacerdotes,
1343 1693 1426 1753 solos
1449 1691 1591 1770 legitima
1611 1694 1627 1754 J
1633 1711 1664 1751 u-

870 1779 1049 1841 risdictione
1077 1783 1108 1840 et
1141 1779 1369 1858 approbatione
1400 1779 1548 1859 praeditos
1584 1778 1664 1839 desi-

869 1867 989 1948 gnavit.
1354 1898 1355 1901 ¹

910 1955 1118 2018 Confirmatur
1134 1958 1162 2015 l.
1181 1955 1260 2027 Quia
1279 1955 1312 2015 in
1331 1959 1395 2016 toto
1414 1955 1533 2034 capite,
1550 1973 1588 2015 ex
1603 1973 1665 2034 quo

868 2043 997 2104 laudata
1010 2041 1108 2103 verba
1118 2041 1283 2120 desumpta
1292 2048 1375 2121 sunt,
1388 2043 1492 2122 agitur
1500 2043 1663 2119 duntaxat,

870 2139 905 2196 ut
919 2135 985 2214 ipse
1006 2132 1067 2193 fert
1085 2129 1206 2204 titulus,
1230 2131 1269 2190 de
1291 2149 1421 2190 casuum
1439 2132 1663 2193 reservatione.

870 2229 953 2305 Ergo
969 2223 1008 2283 dc
1023 2221 1072 2282 bis
1086 2224 1208 2282 tantum
1224 2217 1448 2280 Sacerdotibus
1467 2218 1507 2278 ad
1523 2236 1601 2298 quos
1616 2237 1667 2280 re-

870 2311 1006 2376 servatio
1021 2311 1152 2388 spectat,
1178 2325 1233 2368 seu
1256 2324 1390 2386 quorum
1413 2306 1594 2368 iurisdictio
1618 2326 1665 2368 re-

871 2399 1047 2463 servatione
1061 2393 1271 2473 restringitur,
1288 2411 1391 2454 sermo
1416 2398 1480 2466 est;
1508 2411 1570 2454 non
1588 2412 1665 2456 vero

871 2490 910 2551 de
923 2489 960 2549 iis
976 2487 1027 2568 qui
1044 2485 1129 2546 nulla
1151 2482 1373 2546 Jurisdictione
1396 2482 1508 2544 muniti
1532 2485 1615 2559 suut,
1635 2487 1666 2544 et

872 2593 1005 2658 quorum
1019 2571 1150 2652 proinde
1165 2569 1242 2630 nibil
1256 2587 1384 2648 prorsus
1399 2570 1538 2647 interest,
1550 2570 1665 2632 sint-ne

872 2681 962 2724 casus
976 2659 1137 2735 reservati,
1149 2657 1275 2719 annon?

912 2751 1121 2813 Confirmatur
1135 2751 1163 2807 2.
1177 2745 1256 2818 Quia
1265 2745 1474 2824 postlaudata
1483 2749 1581 2810 verbe
1595 2769 1664 2829 quae

872 2837 1089 2918 expendimus,
1105 2834 1267 2914 subjungit
1276 2834 1448 2896 Concilium
1462 2836 1642 2900 immediate
1656 2858 1663 2900 :

872 2931 968 2990 Extra
989 2943 1064 2987 vero
1088 2923 1197 2984 mortis
1220 2923 1396 3001 articulum,
1413 2943 1486 2985 cum
1503 2927 1579 2988 nihil
1594 2945 1666 3006 pos-

872 3017 935 3078 sint
962 3014 1147 3077 Sacerdotes
1174 3012 1258 3072 circa
1285 3015 1462 3089 reservata,
1488 3013 1668 3078 meminerit

871 3105 1070 3184 prenitentes,
1088 3105 1147 3162 etc.
1171 3099 1231 3162 Ubi
1253 3099 1333 3160 sicut
1356 3099 1425 3160 haec
1444 3119 1504 3161 vox
1524 3102 1666 3163 Sacerdo-

873 3201 923 3270 tes,
940 3193 993 3273 qui
1015 3191 1161 3252 dicuntur
1176 3188 1260 3249 circa
1278 3192 1438 3250 reservata
1455 3193 1544 3251 extra
1557 3192 1666 3253 mortis

872 3281 1038 3342 articulum
1061 3278 1138 3338 nibil
1159 3294 1261 3356 posse,
1287 3295 1359 3336 cum
1382 3276 1542 3340 indefinite
1565 3280 1667 3358 posita

872 3369 912 3431 sit
926 3374 958 3429 et
971 3368 1179 3446 subsequatur
1195 3364 1350 3443 particula
1364 3383 1495 3444 negans,
1513 3385 1583 3446 quae
1597 3367 1667 3428 uni-

872 3455 1026 3518 versalem
1042 3450 1288 3532 propositionem
1304 3451 1430 3528 alliciat,
1447 3455 1596 3532 supponit
1609 3474 1666 3534 pro

873 3543 946 3606 solis
969 3538 1191 3605 Sacerdotibus
1206 3537 1259 3616 qui
1279 3538 1383 3616 reipsa
1396 3539 1617 3603 Jurisdictione
1637 3549 1669 3604 et

873 3628 1099 3710 approbatione
1114 3624 1225 3686 muniti
1237 3631 1328 3686 sunt:
1349 3644 1402 3686 eos
1413 3627 1497 3687 enim
1517 3629 1669 3694 duntaxat

49 3712 321 3792 petolansdzctione
342 3710 463 3772 aliunde
484 3713 626 3790 munitas,
643 3714 741 3795 quoad
760 3735 818 3776 nort
872 3719 974 3780 solent
996 3714 1182 3793 poenitentes
1206 3713 1416 3775 Confessionis
1448 3733 1544 3777 causa
1567 3719 1666 3781 adire.

49 3808 179 3877 rccwata,
192 3808 287 3882 potest
304 3799 335 3859 in
355 3800 457 3860 mortis
479 3801 603 3862 artiado
626 3821 646 3862 c
667 3805 819 3864 reservatis
872 3809 919 3869 lta
946 3803 1064 3882 pariter
1093 3801 1204 3860 eadem
1234 3819 1294 3862 vox
1320 3799 1499 3882 Sacerdotes,
1525 3807 1669 3884 superius

49 3888 176 3962 allatrare,
192 3897 260 3950 tunc
274 3907 340 3948 eum
349 3887 430 3948 adest
439 3887 583 3969 Superior
592 3890 638 3950 ccl
647 3889 815 3971 Balepatna.
872 3891 984 3972 posite,
1002 3891 1057 3952 etsi
1074 3889 1191 3950 babeat
1212 3889 1399 3966 particulam
1423 3909 1526 3968 amnes,
1543 3911 1600 3971 pro
1621 3912 1668 3956 so·

79 3977 217 4038 Probatur
251 3975 319 4036 herc
352 3976 502 4053 asserti0,
539 3977 666 4038 Concilii
699 3984 818 4040 textum
873 3981 910 4041 lis
929 3985 1034 4040 tamen
1058 3977 1106 4053 iis,
1128 3976 1181 4056 qui
1205 3975 1369 4036 audiendis
1388 3977 1526 4039 fidelium
1550 3981 1669 4042 confes-

49 4065 124 4142 pardo
145 4063 322 4142 diligentius
343 4065 561 4142 expendendo,
587 4085 722 4146 eumque
746 4085 818 4128 cum
874 4069 1012 4131 sionibus
1027 4067 1103 4126 dant
1117 4083 1257 4142 operam,
1275 4064 1369 4125 debet
1388 4084 1577 4144 supponere.
1595 4072 1668 4131 Pro·

49 4151 166 4232 subjecto
187 4155 384 4232 argumento,
409 4169 481 4212 cum
508 4152 766 4218 antecedentibus
789 4161 821 4216 et
873 4157 967 4218 batur
994 4151 1238 4232 Consequentia,
1271 4151 1345 4230 quia
1372 4151 1412 4211 de
1449 4153 1487 4213 iis
1515 4154 1669 4219 duntaxat

49 4240 287 4319 assequentibus
315 4239 540 4316 comparando.
571 4241 628 4301 Pie
648 4241 818 4320 admodum,
876 4241 1098 4306 Sacerdotibus
1113 4239 1164 4300 bic
1178 4238 1263 4318 loqui
1279 4238 1451 4300 Concilium
1468 4259 1594 4303 neccsse
1610 4247 1667 4320 est,

48 4324 131 4406 iuquit
142 4327 357 4390 'tridentinum
367 4327 426 4388 loc.
444 4328 511 4404 cit,
526 4331 821 4410 sempcrcustoditnm
875 4350 930 4392 seu
946 4349 1018 4394 oum
1033 4329 1173 4390 declarat
1196 4327 1382 4388 Sacerdotes
1405 4347 1496 4407 posse
1511 4348 1530 4390 a
1544 4331 1670 4410 quibus-

49 4413 204 4476 inEeclesia
216 4414 287 4495 tait,
304 4423 336 4474 at
350 4413 440 4474 nulla
452 4415 492 4475 sit
505 4417 661 4477 resecatio
675 4417 707 4477 in
720 4421 822 4480 mortis
875 4419 923 4480 vis
937 4417 1073 4497 peccatis
1088 4415 1257 4477 ,absolvere
1281 4415 1312 4475 in
1337 4417 1488 4490 articulo;
1517 4437 1572 4479 seu
1597 4437 1668 4480 cum

49 4501 162 4581 cibato,
181 4511 268 4584 atque
282 4501 344 4563 ideo
366 4520 463 4563 omncs
486 4502 658 4565 Sacerdotes
666 4515 822 4586 possaata
875 4511 983 4567 monet
1006 4523 1059 4565 eos
1081 4503 1185 4583 quoad
1209 4505 1368 4563 reservata
1386 4507 1474 4564 extra
1493 4504 1580 4566 illum
1597 4509 1670 4568 arti·

49 4589 468 4672 qubuwispeccatisabsetacrc.
482 4593 730 4671 Haecparticula,
744 4594 818 4673 ideo,
876 4596 981 4656 culum
1005 4591 1082 4652 nibil
1106 4609 1212 4670 posse,
1229 4609 1285 4651 seu
1307 4607 1379 4650 cum
1400 4593 1574 4670 praescribit
1595 4596 1669 4674 quid

49 4679 272 4758 propositionem
304 4679 462 4740 causalem
499 4681 623 4760 arguit,
653 4684 747 4762 atque
777 4683 822 4744 ita
876 4700 970 4762 agere
990 4681 1143 4756 debeant,
1169 4696 1242 4739 cum
1265 4677 1398 4738 audiunt
1420 4679 1453 4739 in
1476 4681 1670 4742 confessione

49 4761 221 4828 idemestac
242 4766 268 4827 si
289 4766 405 4828 dictum
419 4766 540 4843 fuisset,
565 4768 649 4848 quod
674 4769 759 4829 nulla
782 4770 822 4831 sit
876 4770 1064 4849 paenitentes
1093 4769 1260 4828 reservatis
1288 4766 1412 4826 casibus
1438 4766 1588 4845 irretitos;
1616 4791 1672 4833 ne·

50 4849 183 4918 inmortis
196 4855 327 4917 articulo
343 4854 534 4928 reservatio;
552 4855 621 4918 ideo
640 4875 748 4918 omnes
765 4859 822 4920 Sa·
877 4875 973 4932 cesse,
990 4856 1136 4935 iuquam,
1153 4859 1200 4916 est
1222 4853 1395 4916 Concilium
1418 4856 1457 4916 da
1479 4856 1590 4921 iisdem
1614 4862 1671 4922 Sa-

49 4941 170 5004 cerdotes
189 4945 353 5021 possuntn
368 4942 532 5022 quibusvis
556 4945 693 5022 peccatis
717 4946 822 5006 absol·
876 4943 1055 5006 cerdatibus
1077 4943 1139 5003 ista
1156 4943 1217 5003 tria
1238 4941 1405 5002 enunciare
1421 4962 1429 5016 ;
1448 4944 1563 5025 alioqui
1581 4948 1671 5026 inep-

49 5043 118 5090 vere.
133 5031 202 5094 llaec
214 5033 322 5092 autem
340 5029 512 5109 propositio
527 5031 695 5092 falsissima
713 5037 769 5110 cst,
787 5036 823 5094 ut
875 5037 943 5092 tum
965 5036 1058 5106 esset,
1083 5032 1108 5090 si
1128 5030 1239 5091 eadem
1259 5048 1320 5090 vox
1343 5028 1374 5088 in
1397 5049 1460 5091 una
1477 5033 1608 5111 periodo
1623 5037 1671 5096 bis

50 5121 129 5194 patet,
151 5117 175 5177 si
198 5117 246 5179 bae
273 5133 366 5178 voces
388 5135 483 5178 omnes
504 5115 683 5191 Sacerdotes,
712 5136 822 5179 omnes
876 5121 1036 5196 usurpata,
1061 5134 1144 5178 nunc
1169 5135 1225 5196 pro
1245 5116 1293 5194 iis,
1317 5134 1401 5177 nunc
1419 5137 1476 5196 pro
1491 5121 1569 5196 aliis,
1588 5142 1671 5186 nunc

51 5201 298 5267 indiscriminatim
314 5205 407 5266 etiam
421 5223 482 5265 nou
503 5205 705 5283 approbatos,
726 5206 820 5266 etiam
875 5224 933 5286 pro
957 5205 1119 5282 omnibus,
1146 5223 1231 5266 nunc
1253 5223 1310 5283 pro
1335 5203 1491 5283 aliquibus
1518 5208 1672 5273 duntaxat

51 5293 175 5354 bnans
187 5291 411 5355 Ecclesiasticis
425 5292 561 5354 irretitos
581 5293 818 5371 complectatur,
875 5293 1078 5374 intelligenda
1101 5297 1193 5370 esset,
1219 5311 1259 5354 ne
1279 5290 1410 5352 minima
1424 5294 1550 5373 quidem
1566 5298 1599 5358 in
1615 5299 1671 5360 ad-

52 5381 185 5444 utroluut
197 5379 338 5442 nonnulli
352 5386 507 5442 auctores.
521 5381 610 5452 Quod
625 5381 709 5441 enim
720 5382 820 5442 omnis
871 5380 982 5460 juncta
995 5379 1167 5459 particula,
1187 5397 1257 5458 quae
1277 5378 1436 5440 diversum
1455 5399 1582 5448 sensum
1599 5385 1671 5450 sob-

53 5467 189 5532 auteratur
197 5466 376 5546 reservatio,
393 5485 588 5548 consequens
598 5467 658 5530 hoc
673 5467 740 5551 ipso
756 5487 818 5536 non
875 5467 1001 5534 indicet.
