3946 6346
312 497 373 565 660
629 499 659 564 66
980 502 1100 566 tubex
1124 503 1295 568 CASUUM.
1617 501 1648 569 ll

655 686 772 739 Marus.
1162 689 1243 742 leudo
1265 690 1348 742 talem
1370 691 1510 754 maritum,
1532 693 1595 752 ete,
1617 689 1636 742 1.
1659 693 1684 754 6,
1709 704 1737 756 p.
1760 692 1938 753 61666661

345 763 431 814 666666
446 767 486 815 eti
502 768 576 816 16611
599 765 747 819 voluntatis
770 767 875 832 meieni
900 767 1003 823 malum
1017 769 1108 820 immi·
1162 766 1235 812 metu
1250 762 1326 825 gravi
1336 762 1510 814 consentiens
1524 763 1553 812 ln
1568 762 1786 824 matrimonium,
1800 775 1854 814 non
1867 767 1938 828 potest

314 837 392 896 nens,
406 831 423 884 l.
439 835 463 896 3,
473 849 499 900 p.
514 838 537 897 2,
553 850 580 886 n.
596 839 650 889 631.
666 837 761 888 Gravis
777 841 827 899 est,
837 837 883 902 qui
895 837 967 893 eadit
981 838 1009 888 iu
1020 839 1110 889 virum
1163 831 1263 882 666666
1277 834 1335 896 6666
1345 847 1435 895 66666,
1451 837 1511 894 eta,
1527 847 1603 884 ¹¹¹¹¹1¹·
1626 834 1894 886 6666666ῑὶ61666661
1912 851 1937 888 11

314 908 483 958 constantem
500 907 618 958 61666116
633 909 755 974 superari
773 922 828 960 non
852 913 948 972 potest.
969 908 1046 960 Levis
1060 909 1109 969 est,
1164 906 1237 954 metu
1254 903 1353 956 initum
1365 904 1528 956 convalescit
1540 919 1590 969 per
1605 905 1821 969 subsequentem
1843 906 1937 958 6611166-

314 975 362 1040 qui
385 989 441 1026 non
464 978 580 1029 multum
604 979 743 1044 perturbat
764 983 791 1030 et
813 979 890 1030 tacite
908 981 998 1032 excuti
1013 983 1110 1048 potest,
1164 975 1277 1038 tionem,
1301 976 1383 1026 etiam
1405 977 1526 1038 tacitam,
1542 977 1565 1026 si
1582 990 1663 1027 eausa
1682 981 1773 1028 metus
1789 985 1937 1040 cesset;non

315 1045 352 1096 lb.
368 1045 461 1097 Gravis
474 1048 545 1098 alius
559 1053 600 1099 est
612 1049 737 1100 absolute
752 1049 823 1111 talia,
845 1050 892 1114 qul
915 1054 955 1100 est
969 1050 1003 1102 66
1017 1049 1110 1100 incur·
1164 1048 1255 1096 autem
1273 1061 1379 1111 semper
1392 1048 1556 1098 convalescit
1578 1061 1628 1111 per
1645 1047 1773 1110 eoputsm
1797 1048 1939 1113 subsequen·

315 1118 400 1170 rande
415 1121 490 1184 gravi
515 1121 586 1172 malo
610 1121 727 1172 instante
745 1121 796 1183 illi,
819 1122 863 1172 cui
888 1121 975 1182 timet,
991 1121 1034 1174 vel
1049 1120 1112 1170 aliis
1164 1119 1229 1178 lein,
1245 1121 1308 1178 etc,
1323 1133 1348 1169 n.
1364 1121 1417 1169 661.
1433 1117 1939 1178 8166661666666661666666666,61166

316 1189 356 1240 illi
371 1193 493 1255 proxime
511 1194 622 1257 junctis,
647 1207 672 1243 6.
696 1205 721 1256 g.
745 1192 778 1242 de
802 1195 904 1248 morte.
927 1192 1110 1252 mutilatione,
1164 1195 1275 1250 cogatur
1290 1195 1363 1240 metu
1382 1191 1476 1240 mortis
1488 1189 1522 1240 66
1533 1188 1667 1254 copulam,
1677 1189 1856 1253 probabiliter
1865 1190 1939 1240 16666

315 1259 397 1325 longo
414 1269 594 1326 carceraetc.
611 1264 847 1328 Aliusrespectiva
862 1263 932 1325 talis,
950 1263 998 1327 qui
1024 1261 1111 1314 estde
1165 1262 1317 1310 consentire
1340 1265 1439 1325 potest,
1462 1266 1490 1312 et
1516 1274 1679 1312 consensum
1706 1259 1810 1312 babere
1833 1261 1937 1320 vebdun,

316 1332 398 1394 malo,
413 1335 608 1400 propterquod
625 1349 680 1386 non
696 1334 842 1399 trepidaret
856 1335 967 1399 quidem
991 1333 1033 1383 vir
1057 1331 1112 1384 lor·
1165 1341 1192 1378 n.
1207 1331 1262 1382 665.
1277 1331 1305 1382 Si
1322 1344 1471 1382 consensus
1485 1336 1558 1382 inctu
1568 1331 1939 1395 extouusiirmcsurjuriusr

316 1401 366 1463 tis;
378 1406 467 1454 tamaii
474 1406 579 1472 judicio
589 1407 765 1472 prudentium
775 1408 870 1458 merito
880 1408 997 1472 trepidet
1010 1407 1054 1457 bie
1065 1405 1113 1458 bo·
1164 1405 1204 1464 10,
1218 1415 1274 1452 11011
1289 1405 1378 1453 iumen
1395 1403 1456 1454 ideo
1472 1403 1583 1466 0616866.
1594 1416 1620 1452 ¹¹·
1635 1404 1691 1454 666·

316 1485 371 1535 mo,
386 1476 432 1538 qui
449 1476 477 1525 in
491 1478 585 1528 ordine
598 1478 633 1528 ad
648 1481 817 1529 contractum
828 1493 855 1530 se
870 1479 961 1540 babet,
978 1479 1113 1528 sicutme·
1196 1474 1282 1524 Metus
1292 1475 1415 1525 incussus
1425 1473 1607 1525 diversimode
1615 1473 1786 1524 sufficienter
1796 1473 1936 1537 proberipo·

316 1545 361 1593 tus
374 1545 497 1597 absolute
509 1550 609 1612 gravis,
624 1549 661 1599 ib.
1165 1549 1227 1607 test,
1243 1561 1267 1595 v.
1282 1560 1307 1610 g.
1323 1561 1371 1610 per
1385 1549 1480 1597 testem
1495 1559 1579 1597 unum
1594 1547 1626 1596 de
1652 1546 1722 1606 visu,
1737 1547 1765 1594 et
1792 1547 1816 1594 si
1831 1544 1893 1595 16666
1903 1559 1937 1594 ar·

348 1614 431 1666 Metui
446 1619 522 1680 gravi
536 1619 871 1686 communiteraquivalet
885 1621 1111 1670 malusreveren-
1166 1617 1253 1679 cedat,
1272 1631 1319 1682 per
1332 1631 1418 1670 unum
1432 1618 1465 1668 de
1483 1618 1590 1678 auditu,
1606 1621 1667 1678 ete,
1686 1631 1713 1666 n.
1731 1619 1790 1667 661.
1805 1617 1897 1667 Melani
1909 1618 1937 1666 in·

317 1683 399 1746 tislis,
414 1699 441 1736 n.
453 1689 506 1738 631.
1164 1689 1237 1756 luste
1266 1689 1400 1740 incutiens
1428 1688 1604 1752 probabiliter
1623 1690 1707 1738 etiam
1736 1686 1841 1738 resilire
1863 1691 1937 1751 potest,

349 1755 435 1806 Metus
460 1759 531 1822 quis,
555 1763 583 1810 et
597 1761 706 1823 quando
729 1760 862 1811 invalidet
880 1763 1058 1812 contractum.
1080 1757 1112 1810 V.
1167 1762 1194 1813 61.
1209 1761 1263 1810 668.
1279 1761 1317 1810 Ex
1337 1763 1412 1810 metu
1437 1759 1536 1810 initum
1560 1759 1769 1810 matrimonium
1793 1759 1892 1824 quando
1911 1761 1938 1809 iii

319 1823 475 1879 0666666666.
1168 1830 1300 1882 validum.
1317 1831 1349 1882 V.
1366 1830 1567 1880 Matrimonium.

349 1889 436 1940 Metus
446 1892 545 1943 minuit
555 1893 687 1944 malitiam
699 1895 814 1959 peceati,
828 1895 845 1945 1.
858 1897 882 1956 1,
896 1908 922 1946 n.
933 1895 988 1944 111.
1200 1902 1286 1954 Melus
1305 1901 1404 1965 gravis,
1413 1901 1536 1964 quamvis
1548 1913 1564 1948 6
1579 1914 1604 1964 pi
1613 1903 1689 1950 rcato
1704 1913 1762 1951 non
1783 1905 1894 1961 emmer,
1904 1913 1939 1950 α.

351 1959 438 2012 Metus
452 1964 553 2026 gravis,
568 1979 593 2013 v.
609 1979 635 2028 g.
650 1966 755 2038 mortis,
770 1969 831 2027 etc,
849 1979 919 2029 sape
934 1965 1044 2016 excusat
1059 1976 1114 2012 non
1168 1974 1245 2024 cusat
1259 1975 1350 2022 tamen
1363 1971 1512 2034 aliquando
1525 1971 1560 2022 ab
1575 1971 1741 2022 incurrentia
1757 1973 1881 2031 censura
1894 1985 1937 2034 66

319 2031 426 2080 tantum
440 2033 475 2083 ab
494 2034 683 2086 observatione
707 2036 773 2100 legis
792 2036 915 2101 positivae
930 2039 985 2086 tam
1003 2035 1113 2094 divinae,
1169 2043 1191 2091 61
1207 2055 1261 2092 non
1278 2041 1426 2092 incutiatur
1440 2043 1468 2092 in
1482 2045 1668 2105 contemplum
1684 2043 1821 2104 Ecclesiae,
1836 2047 1890 2103 616,
1901 2042 1939 2092 ili·

320 2111 402 2182 (1116111
426 2101 561 2167 6166116116),
586 2105 632 2156 bed
657 2107 819 2170 quandoque
841 2108 922 2157 6666111
941 2107 975 2156 ab
991 2106 1116 2156 061866616-
1170 2113 1277 2178 quando
1294 2113 1377 2163 etiam
1391 2117 1503 2164 excusat
1515 2114 1550 2163 ab
1564 2113 1728 2164 jucun-enda
1744 2127 1825 2178 μω
1838 2115 1937 2165 flamm

321 2172 806 2239 610661631666661666116111611166116,
821 2190 836 2226 a
851 2177 1115 2227 n.'lli.Nullusme·
1169 2199 1285 2246 annexa,
1300 2185 1317 2236 1,
1333 2187 1357 2246 ἵ,
1371 2200 1387 2236 g
1403 2199 1428 2235 n,
1450 2188 1488 2235 98,
1508 2185 1536 2237 Si
1554 2187 1643 2236 metus
1665 2187 1757 2248 gmig
1782 2185 1861 2236 fuerit
1879 2197 1938 2234 flu

319 2242 365 2292 tas
378 2249 489 2324 excusat
501 2246 536 2296 ab
550 2246 738 2299 observatione
752 2246 830 2312 16366,
849 2249 926 2312 culus
938 2245 1116 2309 transgressio
1170 2258 1288 2321 ,ugegptp
1311 2257 1421 2308 Ordinis
1439 2257 1559 2319 majoris,
1580 2254 1650 2305 0240
1669 2259 1711 2305 002
1733 2256 1842 2306 undu,
1853 2261 1878 2306 02
1891 2267 1937 2319 1„-

321 2314 363 2362 666
373 2313 519 2368 6666666666
535 2319 615 2380 66666,
630 2332 645 2368 6
661 2333 688 2368 6·
699 2321 753 2369 676·
1170 2327 1297 2378 habiliter
1310 2327 1412 2391 obligat
1426 2327 1582 2378 ordinatum
1596 2326 1631 2376 66
1645 2327 1809 2377 castitatem
1822 2329 1848 2377 et
1862 2327 1934 2384 floris,

336 2383 546 2464 Ι61616666116666
563 2390 731 2452 particularis
746 2401 801 2439 uon
815 2387 974 2439 excussisti
989 2387 1116 2437 observa·
1171 2398 1257 2450 donec
1271 2399 1450 2461 dimensam,
1465 2397 1483 2446 Ι,
1493 2399 1517 2458 g,
1533 2410 1559 2460 p,
1569 2399 1594 2458 2,
1605 2410 1632 2446 n,
1642 2397 1715 2456 2103,
1726 2398 1802 2447 223⁰.

320 2453 396 2506 6066
426 2457 502 2522 66666,
527 2462 605 2525 66666
627 2460 805 2524 6666866666)
831 2462 870 2510 666
893 2463 987 2509 606666
1015 2457 1117 2508 666666
1177 2513 1180 2520 ,
1202 2468 1289 2520 Metus
1307 2468 1412 2520 ratione
1436 2468 1538 2532 peccati
1555 2467 1627 2532 alius
1644 2469 1686 2517 est
1697 2468 1823 2530 Divinas,
1837 2467 1939 2518 616666-

321 2536 475 2590 6666666666,
494 2535 555 2593 616,
570 2546 596 2582 ¹1·
612 2533 668 2594 115,
682 2534 736 2582 186·
1172 2539 1256 2598 166166,
1281 2538 1326 2602 qui
1353 2538 1479 2601 provenit
1505 2538 1609 2588 ratione
1632 2536 1751 2601 alicujus
1778 2537 1937 2588 6666666666

352 2595 1048 2668 6666661166666(16666661666666666166666666666
1064 2598 1081 2648 ¹·
1091 2599 1118 2660 ⁶2
1173 2611 1267 2670 lleiiin,
1283 2610 1326 2662 vel
1340 2610 1475 2660 eoelaslem
1494 2609 1617 2672 gloriam.
1642 2608 1720 2658 Alius
1747 2608 1884 2667 humanas,
1895 2607 1937 2656 siis

322 2679 348 2732 66·
363 2670 387 2730 ³,
403 2682 429 2720 n·
439 2673 493 2722 6511.
1173 2681 1338 2743 mundanus,
1353 2681 1400 2745 qui
1419 2681 1545 2743 provenit
1559 2691 1625 2743 pure
1639 2680 1747 2730 ratione
1761 2683 1892 2740 creatura,
1904 2677 1937 2741 qui

353 2739 439 2792 Metus
460 2746 551 2808 gravis
574 2747 672 2812 injuste
699 2748 823 2797 incussus
843 2745 879 2797 66
899 2741 1118 2807 extorquendum
1173 2752 1353 2803 communitor
1367 2755 1407 2802 egr
1422 2751 1591 2812 inhonestus,
1609 2751 1662 2812 la,
1674 2763 1700 2814 p,
1715 2753 1842 2812 22¹1]st

322 2807 535 2877 6666666666666,
552 2817 842 2880 6666616666516,
861 2819 915 2867 656·
1204 2825 1290 2876 Metus
1309 2824 1421 2875 dirimis
1443 2823 1514 2873 alius
1536 2827 1576 2872 est
1598 2821 1714 2884 servilis,
1730 2835 1787 2885 qno
1803 2817 1936 2870 timsonibi

355 2881 441 2936 Metus
458 2885 525 2936 levis
541 2901 597 2938 non
621 2887 712 2939 irritet
735 2887 949 2946 Matrimonium,
973 2885 991 2935 l.
1013 2886 1038 2945 a,
1053 2897 1078 2948 p.
1094 2883 1118 2935 ³»
1173 2895 1284 2954 mulum,
1300 2893 1371 2960 quod
1393 2896 1531 2956 peccatum
1548 2895 1644 2942 666661
1664 2892 1741 2955 apud
1766 2893 1868 2942 Deum:
1887 2888 1938 2938 iiiii

323 2961 351 2998 n.
361 2952 415 3002 619.
426 2955 517 3020 Neque
532 2961 620 3009 metas
633 2959 668 3008 ab
679 2959 825 3010 intrinseco
843 2957 1007 3022 proveniens
1022 2954 1118 3005 irritati
1173 2964 1442 3029 5153112‚qu0gm20
1456 2965 1510 3014 Deo
1534 2962 1636 3014 maium
1656 2962 1731 3027 quod
1747 2965 1879 3027 pompm
1890 2973 1937 3008 3,.

324 3031 400 3074 uum.
413 3023 469 3077 661.
480 3028 581 3091 lnjuste
594 3030 716 3079 incussus
733 3027 799 3080 illud
816 3029 914 3089 irritat,
928 3028 964 3076 ib.
986 3027 1061 3088 iuste
1076 3026 1119 3075 in·
1174 3039 1236 3086 331,
1252 3035 1322 3085 aliu.
1337 3033 1461 3094 initialis,
1481 3046 1534 3097 quo
1554 3034 1638 3084 timeo
1653 3033 1723 3084 mihi
1740 3037 1769 3084 61
1784 3033 1836 3084 [666
1848 3029 1936 3088 adua,

324 3105 428 3158 cussus,
440 3111 495 3149 nou
511 3099 546 3150 ad
562 3100 778 3164 extorquendum
792 3111 953 3150 consensum
977 3098 1006 3148 ia
1026 3097 1120 3146 matri·
1174 3106 1246 3171 quod
1262 3108 1401 3170 peceatum
1416 3107 1519 3165 causat,
1534 3104 1631 3154 6116,

324 3166 458 3228 66066666»
474 3167 540 3220 illud
557 3183 612 3220 666
627 3172 723 3232 illim,
738 3183 765 3220 ¹¹·
781 3171 835 3220 666·
851 3169 1120 3219 6666666666666606
1206 3179 1292 3228 Metus
1307 3174 1936 3236 6666111661166666666611166666666166,6166661

325 3235 423 3292 666666·
441 3251 468 3289 ¹¹·
478 3239 534 3291 ⁸⁵³·
550 3241 637 3293 666666
651 3242 716 3292 6666
730 3243 820 3306 666666
834 3242 891 3292 6666
908 3239 1040 3301 66606666,
1061 3241 1119 3289 6666
1175 3249 1336 3309 servilitate,
1348 3247 1372 3300 si
1389 3247 1450 3312 quis
1474 3247 1512 3298 ita
1534 3248 1628 3297 animo
1647 3251 1690 3298 666
1702 3242 1935 3312 comparatas,ntri

325 3310 473 3372 ’66666666
502 3315 611 3364 “ntum
636 3314 745 3378 6666666
775 3313 863 3364 6666666
896 3309 1119 3372 666666666666.
1175 3333 1283 3383 poeaein
1298 3333 1353 3370 nan
1376 3319 1494 3378 timeret,
1513 3317 1604 3368 adbim
1620 3315 1936 3380 velletpeceatumrrlia
1962 3339 1963 3380 ,

326 3391 353 3429 6.
367 3382 422 3430 666.
437 3382 523 3433 Metus
536 3384 773 3447 exhaeredationis,
786 3384 829 3434 vel
841 3381 1000 3435 amittendis
1010 3381 1082 3431 dotis
1093 3381 1121 3430 in
1176 3397 1214 3444 esi
1224 3392 1331 3442 ,ervilia
1345 3391 1404 3442 sinc
1418 3389 1575 3449 servilitale,
1588 3402 1636 3452 per
1650 3400 1734 3451 quein
1748 3389 1894 3453 simpliciter
1903 3397 1936 3434 ei·
1962 3385 1963 3446 i

326 3459 390 3498 casu
413 3463 468 3514 qao
490 3452 539 3504 dos
561 3457 710 3506 6666666666
732 3460 774 3506 666
793 3453 830 3505 66
852 3455 992 3513 alimenta,
1020 3452 1063 3501 vel
1086 3451 1120 3501 ad
1175 3459 1589 3524 crudiqurvopunmpgeffindp
1605 3459 1705 3510 2721,
1962 3463 1963 3468 =

326 3529 410 3569 onera
424 3523 590 3576 matrimonii
604 3527 774 3586 sustinenda.
783 3530 823 3576 1116
836 3524 961 3576 absoluti!
975 3523 1067 3588 866666
1081 3522 1122 3573 dl·
1207 3535 1301 3596 Melas,
1325 3545 1360 3584 ax
1378 3545 1433 3600 quo
1451 3529 1606 3594 concipitur
1629 3529 1709 3580 dolor
1730 3529 1765 3581 de
1788 3527 1895 3594 66666116
1912 3521 1933 3572 i.

327 3589 428 3644 umens
442 3595 656 3648 inatrimoniam.
669 3597 734 3649 ibid.
745 3597 821 3658 Quod
836 3597 939 3648 malum
958 3595 994 3646 666
1009 3594 1121 3645 absolu·
1176 3603 1263 3656 0010„

327 3661 763 3734 66ι61(11166666666116636666.
792 3668 822 3719 V.
838 3667 941 3719 Motum.
968 3667 1055 3716 Metus
1074 3663 1123 3715 iin-
1520 3687 1627 3738 MHAES·
1960 3705 1962 3760 ,

327 3731 447 3796 amdam
461 3737 645 3800 probabiliter
657 3753 713 3790 noa
730 3739 817 3790 irritat
831 3737 1046 3797 matrimonium,
1063 3736 1081 3786 l.
1097 3737 1122 3797 6,
1480 3795 1486 3807 ,
1786 3795 1792 3806 .
1853 3793 1858 3804 ι
1915 3791 1919 3800 1
1961 3767 1962 3806 ,

327 3815 355 3869 p.
371 3804 396 3866 6,
411 3819 439 3855 n.
449 3809 504 3860 6166.
518 3811 617 3874 Metus,
641 3815 672 3862 ul
693 3811 801 3862 dicatur
821 3810 924 3876 gravia,
945 3812 972 3858 66
986 3807 1123 3858 caderein
1208 3799 1306 3852 Milites
1328 3797 1487 3863 proclamari
1510 3793 1612 3846 debent
1628 3800 1694 3848 ants
1714 3801 1898 3847 matrimonium
1914 3805 1932 3840 in

328 3873 418 3928 virum
431 3885 613 3943 constantem,
637 3885 665 3932 66
685 3883 790 3934 66661666
813 3879 1017 3932 matrimonium
1041 3879 1123 3929 etiam
1176 3871 1290 3925 Dioecesi
1315 3867 1519 3920 Mouesleriensi
1541 3871 1568 3918 61
1586 3869 1616 3919 in
1638 3868 1714 3930 aliis,
1734 3869 1763 3918 in
1784 3867 1871 3931 quibus
1887 3876 1932 3912 usas

327 3957 377 4010 pro
396 3947 817 4016 toroeonseieniias,debetesse
835 3950 1124 4003 demalosaltemras·
1177 3943 1267 4003 babet,
1284 3941 1300 3991 l.
1316 3942 1340 4000 6,
1356 3953 1382 4004 p.
1398 3941 1422 4000 6,
1438 3952 1466 3988 n.
1479 3941 1534 3988 115.
1599 4009 1604 4019 ,
1811 4007 1817 4016 ,
1914 4000 1918 4010 Ι

328 4018 435 4081 16666616
449 4023 524 4086 gravi
541 4043 548 4075 ι
563 4025 629 4075 item
652 4025 734 4076 debet
755 4023 902 4088 prudenter
926 4021 1035 4071 timeri:
1058 4019 1124 4070 item
1209 4013 1309 4066 Milites
1322 4010 1527 4090 1661666666666
1545 4022 1629 4073 66866,
1649 4005 1716 4059 6666
1736 4010 1799 4060 6666
1811 4019 1835 4056 ¹¹¹
1847 4001 1929 4066 661666·

329 4091 432 4141 metum
447 4091 582 4146 incutiens
598 4095 679 4146 debet
693 4109 780 4160 posse,
795 4097 822 4144 et
836 4091 921 4144 solere
937 4091 1048 4154 exsequi
1070 4090 1123 4139 mi·
1177 4086 1253 4135 tione
1276 4082 1349 4142 toris,
1373 4079 1488 4144 ideoque
1510 4077 1583 4143 apud
1605 4091 1797 4160 quemcunque
1819 4071 1930 4157 1666666166

329 4161 426 4224 nas,et
439 4169 541 4216 melum
555 4165 661 4231 patiens
676 4165 746 4216 malo
762 4165 801 4216 illi
821 4177 875 4214 nou
897 4175 973 4227 posse
988 4159 1066 4212 tacite
1082 4175 1125 4212 ec·
1178 4155 1298 4221 copulari
1322 4153 1446 4217 possunt,
1461 4163 1488 4200 a.
1506 4151 1559 4199 156.
1583 4151 1738 4214 acquirunt
1760 4162 1830 4213 qussi
1849 4145 1930 4214 donica

329 4241 446 4294 eurrere,
462 4249 488 4285 n.
503 4237 556 4287 666.
1178 4228 1247 4280 lirim
1270 4223 1449 4274 inservientes
1463 4221 1520 4272 suis
1539 4219 1717 4282 0166666666,
1734 4225 1851 4284 tanquan
1862 4209 1929 4264 binii

361 4304 447 4356 Metus
456 4305 641 4358 reverentialis
655 4306 833 4372 probabiliter
855 4304 962 4356 dirimit
988 4303 1126 4354 matrimo·
1180 4300 1209 4350 in
1222 4297 1330 4347 arcibus
1343 4293 1490 4354 Nobilium,
1505 4292 1528 4341 si
1542 4291 1620 4372 apud.
1633 4293 1709 4356 ipsos
1722 4295 1793 4342 staat
1805 4293 1829 4340 61
1844 4281 1929 4359 babt⁸¹¹

330 4373 426 4426 nium:
442 4379 472 4428 ia
487 4379 563 4442 praxi
578 4381 668 4429 661666
683 4381 793 4428 nonest
816 4375 895 4427 tacite
920 4371 1125 4425 dissolvendum
1178 4369 1311 4420 animum.
1334 4377 1382 4428 per
1404 4364 1533 4444 malopem
1555 4365 1754 4443 anni-partem
1776 4351 1928 4440 permanentis

330 4446 384 4497 tale
399 4449 603 4500 matrimonium
619 4468 626 4499 r
642 4449 696 4500 nisi
712 4453 800 4500 metus
813 4448 904 4512 gravis
918 4445 983 4495 mali
1005 4442 1124 4505 accedet,
1179 4439 1301 4502 adeoque
1319 4435 1388 4486 flunt
1402 4434 1504 4486 subditi
1521 4432 1638 4513 16666666
1657 4433 1813 4514 6616661666.
1829 4419 1929 4508 166116·

330 4532 358 4568 n.
369 4520 422 4570 661.
437 4519 523 4570 Metus
534 4521 720 4572 reverentialis
729 4521 792 4572 iure
803 4517 940 4569 Canonieo
954 4529 1011 4566 non
1020 4527 1127 4578 semper
1179 4508 1295 4561 cendum
1310 4509 1352 4557 est
1369 4506 1403 4556 de
1423 4503 1641 4556 custodientibus
1660 4503 1825 4557 fortalitium.
1835 4513 1854 4548 ¹¹
1866 4503 1928 4545 ⁵0⁰⁰

331 4592 455 4640 censetur
469 4590 563 4641 adesse
577 4591 649 4642 inter
663 4590 796 4655 pupillum
810 4589 1010 4648 cicuratorem,
1022 4584 1065 4634 vel
1074 4585 1127 4634 'l'u-
1179 4583 1234 4634 sint
1248 4580 1282 4632 de
1297 4577 1495 4658 permansione,
1511 4579 1573 4636 eto,
1589 4588 1616 4624 n.
1631 4575 1688 4626 151.

329 4657 428 4723 torem,
442 4674 469 4712 n.
484 4663 537 4714 658.
554 4663 642 4714 Metus
655 4663 745 4725 gravis
758 4660 791 4710 ad
808 4672 890 4709 unam
901 4671 915 4708 6
925 4656 1011 4707 tribus
1027 4655 1127 4706 ducen·
1212 4652 1319 4710 Milites,
1333 4662 1356 4696 ai
1371 4661 1432 4711 vagi
1449 4651 1513 4707 sint,
1534 4659 1589 4726 non
1600 4648 1741 4726 ,16666166
1755 4640 1928 4722 6661666616·Ι

331 4731 404 4793 dam,
427 4733 521 4784 relicta
544 4732 669 4784 libertate
692 4731 809 4797 eligendi
826 4743 860 4779 ex
879 4728 934 4780 illis
958 4740 1051 4787 unam,
1067 4738 1127 4790 pro·
1179 4737 1239 4775 ram
1262 4718 1405 4774 sacerdote
1429 4703 1927 4794 666166666666166616166666611166

331 4803 451 4856 babilius
465 4803 554 4855 irritat
567 4803 780 4864 matrimonium,
796 4816 822 4852 n.
839 4803 895 4852 6611.
912 4801 947 4850 lla
963 4801 1037 4849 metu
1051 4796 1126 4862 gravi
1179 4793 1253 4859 gioiii
1270 4792 1310 4842 6111
1325 4790 1472 4842 6666116616
1487 4802 1549 4839 eum
1566 4786 1708 4868 mandato,
1722 4791 1753 4838 ut
1765 4787 1835 4837 dicte
1846 4783 1926 4852 1636616

331 4889 395 4927 oum
409 4875 607 4940 impedimento
623 4875 720 4936 iniens,
735 4874 757 4924 si
773 4873 833 4923 licta
847 4871 1012 4932 consentiet,
1035 4870 1128 4933 peceat
1180 4865 1282 4918 milites
1299 4875 1389 4913 eoram
1409 4861 1457 4912 illo
1481 4864 1508 4911 et
1526 4872 1583 4910 non
1605 4858 1661 4909 alio
1686 4857 1836 4937 contrabant
1847 4872 1852 4902 i
1863 4855 1926 4914 pram

332 4947 479 4998 venialiter
492 4965 499 4997 r
513 4939 536 4996 s'i
553 4959 613 4997 vere
627 4945 790 5006 consentiat,
804 4955 860 4994 non
877 4944 980 5008 peceat,
991 4953 1053 4990 eum
1069 4951 1126 4988 ma·
1180 4939 1272 4986 tamen
1286 4937 1335 4996 est,
1351 4937 1382 4986 ut
1397 4932 1452 4993 661,
1469 4931 1534 5011 ibid.
1550 4929 1709 5010 Galbulieus
1727 4929 1831 4993 legionis
1846 4917 1925 5004 16166

332 5019 492 5072 trimonium
508 5018 544 5068 sit
559 5016 719 5079 invalidum,
734 5031 762 5068 n.
776 5018 831 5066 666.
1181 5007 1240 5059 lieni
1252 5004 1370 5055 invalide
1387 5004 1439 5054 luit
1454 5006 1660 5052 matrimonium
1673 5014 1737 5051 cuin
1752 4994 1924 5070 euticion

364 5093 451 5143 Metus
466 5102 521 5140 non
536 5079 718 5154 praesumitur.
735 5087 782 5138 sed
798 5085 905 5150 probari
919 5084 1009 5145 debet,
1025 5095 1052 5132 n.
1072 5083 1127 5133 661.
1182 5079 1319 5142 spectante
1346 5075 1380 5124 ad
1412 5075 1492 5124 istam
1524 5072 1661 5153 legionem
1693 5083 1780 5120 coram
1804 5059 1924 5148 predii!¹¹¹

333 5162 426 5226 Signa,
448 5161 521 5224 quod
542 5163 630 5210 metus
655 5157 829 5218 interveniat,
855 5157 930 5216 varie
951 5156 1025 5205 sunt.
1053 5166 1078 5202 v.
1101 5165 1127 5215 g.
1182 5147 1338 5200 Acatbolico
1356 5133 1922 5216 6666666616616666,6.166.1166661161,

332 5234 422 5286 Pallor
437 5232 539 5293 vultus,
555 5235 583 5282 et
598 5244 652 5281 vox
667 5228 811 5289 submissa,
829 5239 883 5291 qua
906 5238 1004 5288 sponsa
1018 5223 1128 5286 aliquo·
1182 5223 1205 5272 si
1222 5221 1257 5270 ad
1280 5217 1415 5293 legionem
1435 5217 1547 5280 spectet,
1573 5213 1700 5293 61611666Ι
1722 5208 1866 5286 acatholicus
1880 5205 1921 5276 5¹¹

332 5305 385 5356 lies
409 5303 572 5366 interrogata
595 5315 612 5352 a
633 5299 753 5351 Parocbo
783 5297 892 5350 tandem
907 5305 1070 5345 eonsensum
1084 5303 1131 5342 ex·
1183 5291 1322 5344 catholiea
1351 5287 1475 5353 ejusdem
1504 5285 1620 5350 legionis
1648 5283 1737 5334 vabde
1766 5274 1921 5332 mammet·

335 5373 537 5442 pressitritem
550 5369 787 5422 multalestinatio
803 5369 831 5418 in
848 5364 1047 5424 contrahendo,
1064 5363 1130 5412 item
1184 5363 1249 5442 init,
1263 5362 1301 5412 ib.
1346 5431 1351 5442 ·
1434 5429 1438 5440 Ι
1517 5427 1522 5438 Ι
1808 5419 1813 5432 Ι
1870 5411 1874 5420 .
1911 5423 1921 5442 ι

334 5445 499 5503 antecedens
512 5441 597 5498 animi
612 5443 727 5507 aversio,
743 5445 771 5493 et
785 5438 942 5510 protestatio
957 5436 990 5510 de
1005 5448 1061 5488 noii
1084 5447 1130 5484 ro-
1215 5432 1301 5495 Miles,
1317 5433 1399 5482 etiam
1413 5428 1568 5481 virtualiter
1581 5430 1689 5480 tantuin
1705 5417 1910 5478 mensurati*
