3974 6348
330 537 390 598 312
1062 535 1178 598 LIBER
1200 534 1264 598 Vll.

332 725 379 784 est
406 739 462 802 pro
490 720 634 785 libertate
659 725 689 786 et
711 723 908 787 immunitate
932 724 1041 800 11111,
1066 740 1123 784 nec
1177 725 1284 786 teneat
1304 723 1482 802 oppositum
1501 739 1573 782 cum
1587 723 1621 784 S.
1645 723 1718 782 Ant.
1736 720 1822 798 Sylv.
1838 717 1943 780 Tabieu.

332 813 456 871 tenetur
470 810 540 890 quis
561 815 670 872 contra
690 830 723 871 sc
734 811 890 891 judicare.
907 813 946 874 at
960 812 1030 873 ideo
1045 811 1125 871 intc—
1179 811 1306 873 Polanc.
1331 813 1422 891 Sayr.
1441 815 1473 872 et
1487 810 1568 887 aliis,
1584 829 1621 872 eo
1643 809 1728 889 quod
1748 807 1849 887 praxis
1868 806 1947 870 Curia

332 904 406 959 runt
428 899 544 960 Sanch.
568 899 671 961 etalii
693 918 765 960 cum
787 900 906 980 Spercl.
928 920 1009 961 num.
1026 904 1076 976 17,
1092 897 1125 958 in
1180 899 1307 974 habeat,
1323 905 1359 962 ut
1371 901 1451 961 tales
1474 903 1584 978 petant
1607 897 1889 976 dispensationem,
1907 894 1949 954 sed

333 984 446 1062 dubio,
471 1004 510 1047 an
531 986 573 1046 sis
587 987 702 1066 ligatus
717 1005 860 1066 censura,
878 988 903 1049 si
918 989 1055 1068 practice
1070 987 1126 1047 dc·
1180 989 1260 1050 sorte
1274 989 1307 1050 id
1321 990 1356 1050 ot
1370 989 1411 1051 ad
1425 988 1579 1069 majorem
1597 987 1765 1064 cautelam,
1783 1003 1852 1046 nam
1868 985 1951 1064 prima

333 1090 432 1152 ponas
447 1074 578 1135 dubium
594 1079 625 1136 ct
637 1074 777 1136 celebres
787 1076 924 1154 Missam,
936 1083 966 1139 te
981 1096 1044 1139 non
1059 1075 1125 1136 heri
1181 1077 1336 1138 sententia
1350 1077 1474 1138 videtur
1488 1095 1556 1136 esse
1572 1075 1699 1137 omniuo
1712 1072 1887 1152 probabilis.

333 1160 551 1241 irregularem.
568 1165 685 1224 Putant
699 1163 826 1242 quidem
841 1166 936 1245 aliqui
952 1165 1036 1245 apud
1052 1167 1127 1242 Spe·
1221 1166 1281 1245 §a
1300 1165 1432 1238 Quando
1455 1167 1472 1228 J
1477 1184 1512 1226 us
1531 1165 1609 1241 vult,
1626 1168 1662 1226 ut
1680 1163 1712 1222 iu
1734 1161 1830 1223 dubio
1847 1159 1910 1222 lacti
1922 1159 1951 1220 de
1968 1149 1981 1214 1

334 1249 401 1310 rell.
415 1248 475 1311 dec.
489 1252 557 1328 175,
570 1251 710 1331 licetpro
720 1253 787 1315 foro
803 1253 861 1315 tori
877 1273 969 1314 nemo
984 1255 1015 1315 in
1032 1253 1127 1314 dubio
1182 1253 1351 1315 homicidio
1366 1253 1494 1334 injusto,
1513 1257 1679 1314 censeatur
1698 1250 1769 1332 quis
1783 1248 1951 1329 irregularis,
1980 1271 1981 1324 j

335 1342 500 1400 censeatur
521 1338 719 1418 irregularis,
742 1345 880 1403 attamen
899 1361 955 1421 pro
971 1343 1038 1404 loro
1054 1359 1129 1402 con·
1182 1347 1305 1404 tantum
1320 1341 1504 1422 intelligitur
1515 1341 1553 1402 de
1564 1341 1636 1418 hoc,
1649 1344 1804 1419 quantum
1818 1338 1855 1400 ad
1869 1338 1954 1417 prisa-
1979 1347 1981 1394 3

335 1426 472 1488 scientia
496 1425 611 1488 debere
631 1429 790 1507 praesumi,
807 1430 978 1509 nequisse
994 1432 1130 1509 exponat
1184 1432 1301 1494 tionem
1317 1429 1507 1509 suscipiendi
1523 1427 1667 1505 Ordines,
1684 1432 1716 1490 et
1737 1428 1770 1488 in
1791 1427 1849 1487 illis
1868 1425 1955 1485 minis-
1977 1425 1981 1482 t

334 1513 474 1592 periculo
497 1514 669 1594 peccandi,
695 1517 751 1577 sed
779 1536 851 1578 cum
874 1518 1130 1578 communissima
1184 1518 1299 1595 trandi,
1317 1537 1380 1581 non
1396 1523 1502 1580 autem
1526 1521 1679 1597 quantum
1703 1515 1743 1576 ad
1765 1515 1954 1593 aliaspoenas,

213 1659 214 1664 ,
336 1602 494 1666 concludit
509 1604 638 1684 Sperell.
656 1625 737 1666 num.
757 1609 805 1683 11,
828 1605 887 1668 ista
909 1606 1003 1668 ctiam
1024 1606 1129 1667 valere
1185 1626 1255 1688 qua
1269 1625 1289 1668 a
1302 1606 1413 1670 iudice
1429 1605 1548 1684 imponi
1561 1605 1663 1666 solent
1676 1621 1733 1683 pro
1748 1601 1955 1680 irregularitate

335 1709 393 1771 pro
417 1691 484 1752 loro
508 1693 718 1769 conscientiae,
743 1693 817 1774 quia
836 1711 893 1772 pro
913 1697 1046 1772 utroque
1061 1693 1129 1753 foro
1185 1698 1365 1768 contracta;
1383 1695 1422 1755 de
1437 1693 1510 1756 sotis
1532 1693 1617 1754 enim
1634 1692 1793 1771 prioribus
1810 1691 1956 1770 loquuntur

337 1781 421 1842 valet
433 1779 587 1858 possessio
600 1800 608 1854 ;
631 1799 689 1842 nec
704 1781 775 1843 ideo
790 1800 823 1842 se
840 1786 975 1861 exponet
989 1781 1130 1860 periculo
1184 1783 1282 1862 leges,
1299 1800 1372 1843 cum
1387 1781 1546 1843 communi
1561 1779 1677 1841 Dicast.
1694 1797 1777 1840 num.
1794 1779 1843 1838 63.
1981 1835 1982 1838 ,

337 1865 509 1946 peccandi,
535 1867 609 1947 quia
632 1867 768 1947 practice
793 1868 930 1947 deponet
953 1886 1044 1929 omne
1073 1869 1132 1929 du·
1226 1872 1286 1951 §7.
1313 1870 1371 1943 Oui
1393 1870 1549 1932 consuluit
1570 1867 1789 1943 homicidium,
1814 1866 1869 1928 sed
1888 1845 1982 1932 dubi-t

338 1955 435 2017 bium.
452 1955 559 2033 Neque
574 1971 684 2014 verum
699 1958 746 2016 est
760 1955 810 2016 hic
826 1974 893 2016 esse
909 1955 1131 2034 obligationem
1186 1963 1243 2035 tat,
1268 1975 1309 2018 an
1332 1977 1425 2018 suum
1448 1957 1612 2018 consilium
1636 1954 1756 2034 aliquid
1781 1952 1911 2014 effecerit
1928 1950 1958 2010 ad

338 2041 489 2124 sequendi
504 2041 630 2120 tutiora,
648 2041 691 2104 uti
706 2043 767 2104 late
783 2044 951 2123 probatum
966 2047 1013 2104 est
1027 2042 1081 2104 tib.
1100 2046 1128 2119 1,
1187 2051 1346 2127 patratum
1360 2045 1576 2122 homicidium,
1589 2043 1709 2105 censeri
1723 2041 1818 2103 debet
1831 2037 1958 2118 irregula-

338 2135 506 2195 comitti.
1187 2136 1240 2212 ris,
1258 2133 1333 2214 quia
1354 2137 1401 2195 est
1416 2135 1547 2195 dubium
1561 2133 1647 2200 sacti,
1664 2132 1695 2191 in
1712 2148 1776 2210 quo
1790 2132 1807 2192 J
1812 2147 1847 2189 us
1860 2123 1959 2189 induxit
1981 2169 1982 2210 3

272 2233 309 2278 111
378 2219 439 2299 §a
455 2219 490 2278 ln
505 2216 600 2278 dubio
616 2215 688 2279 facti
710 2217 794 2278 circa
815 2218 1021 2280 homicidium
1036 2219 1133 2299 injus·
1187 2223 1462 2302 irregularitatem,
1476 2221 1591 2284 Sanch.
1604 2220 1720 2300 aliique
1736 2235 1810 2280 cum
1823 2217 1926 2278 Dicast.
1936 2233 1982 2278 1.,

338 2315 408 2370 tum
421 2305 525 2368 adhuc
540 2309 629 2385 putat
644 2307 740 2367 Heur.
754 2310 784 2368 et
798 2307 961 2388 probabile
978 2308 1134 2371 existimat

342 2399 433 2460 Suar.
451 2399 518 2457 tum
532 2397 654 2456 tanturn
669 2396 795 2456 censeri.
805 2397 921 2457 debere
943 2397 1081 2477 aliquem
1094 2397 1134 2457 ir·

341 2485 529 2565 regularem,
547 2483 672 2562 quando
688 2482 888 2544 verisimilius
903 2487 959 2560 est,
978 2483 1062 2563 quod
1078 2482 1136 2544 ho-

342 2573 503 2637 micidium
518 2571 558 2633 sit
580 2575 806 2651 perpetratum,
824 2573 879 2634 sed
902 2572 1070 2636 dicendum
1089 2576 1137 2634 est

343 2663 485 2724 absolute
505 2661 625 2722 censeri
647 2661 763 2722 debere
784 2660 1013 2740 irregularem;
1037 2679 1137 2741 quau-

344 2752 519 2830 documque
535 2753 582 2808 est
595 2765 705 2809 verum
716 2751 747 2809 et
761 2748 903 2826 prudens
919 2747 1061 2824 dubium,
1078 2747 1135 2808 etsi

343 2859 417 2921 pars
432 2838 579 2918 negativa
589 2837 629 2899 sit
639 2835 846 2914 verisimilior,
859 2837 948 2899 Dian.
960 2855 992 2918 p.
1005 2839 1035 2914 3,
1047 2845 1133 2898 tract.

343 2935 374 3008 5,
390 2929 428 2992 R.
445 2931 495 2989 12.

277 3041 318 3088 aaa
385 3019 446 3098 §t
464 3015 495 3079 Si
516 3033 594 3095 puer
607 3017 679 3094 post
699 3015 897 3094 septennlum
918 3015 1068 3076 occiderit
1081 3015 1138 3076 ali-

346 3124 451 3190 quem,
467 3108 499 3167 et
513 3103 673 3166 dubitetur
686 3120 726 3163 an
742 3101 888 3163 habuerit
902 3104 1030 3182 plenum
1045 3121 1137 3164 usum

345 3193 486 3270 rationis,
510 3191 639 3272 Heariq.
657 3197 688 3251 et
701 3190 792 3253 Avila
814 3190 923 3252 dicunt
944 3191 1065 3252 censeri
1084 3193 1139 3252 de-

345 3283 420 3345 bere
444 3299 506 3343 non
526 3299 594 3342 esse
617 3279 834 3358 irregularem,
853 3279 927 3359 quia
947 3298 1139 3359 praesumen-

346 3371 423 3433 dum
441 3370 565 3432 vidctur
579 3367 611 3428 in
630 3367 773 3430 favorem
792 3368 883 3448 pueri
903 3368 1090 3448 possidentis
1104 3369 1139 3430 li·

347 3461 520 3532 bertctem;
538 3477 555 3520 e
571 3459 679 3519 contra
693 3456 744 3518 alii
761 3475 833 3518 cum
848 3457 963 3519 Dicast.
976 3478 1055 3519 neem.
1068 3461 1137 3534 126,

347 3539 459 3610 melius
482 3545 590 3608 dicunt
620 3543 735 3605 debere
761 3545 880 3605 censeri
911 3545 1138 3624 irregularem,

348 3636 423 3720 quia
436 3653 515 3715 puer
523 3637 595 3714 post
604 3631 802 3711 septennium
812 3633 1013 3712 praesumitur
1022 3634 1140 3696 habere

349 3743 441 3788 usum
455 3721 595 3798 rationis,
614 3720 657 3782 uti
673 3718 770 3782 habet
784 3721 901 3783 Sanch.
919 3721 949 3782 in
963 3720 1065 3785 [lecal.
1083 3721 1138 3783 lib.

349 3819 378 3892 1,
394 3831 460 3894 cup.
486 3814 633 3888 12111111.
651 3808 808 3882 13;11111
832 3809 873 3869 ob
894 3809 980 3870 illam
1003 3815 1139 3886 aetatem,

349 3919 419 3983 quae
434 3895 641 3963 communiter
660 3898 707 3957 est
721 3912 831 3974 capax,
849 3900 895 3959 cst
910 3897 1004 3958 etiam
1019 3916 1142 3978 posses·

349 3991 396 4053 sio
410 4007 467 4072 pro
482 3987 534 4049 illo
549 4004 618 4048 usu.

1188 2316 1238 2376 60.
1256 2313 1288 2375 Si
1303 2315 1410 2374 autem
1425 2311 1557 2388 dubitet,
1575 2329 1614 2370 an
1633 2308 1696 2384 ille,
1713 2307 1765 2368 cui
1781 2305 1866 2366 dedit
1879 2301 1960 2366 consi·

1188 2402 1284 2479 lium,
1310 2401 1415 2480 reipsa
1438 2399 1629 2461 commiserit
1652 2396 1869 2468 homicidium,
1891 2389 1959 2452 multi

1190 2490 1318 2571 quidem
1342 2490 1452 2551 dicunt
1474 2488 1593 2550 censeri
1618 2487 1734 2548 debere
1759 2482 1960 2574 irregularem,

1190 2577 1248 2639 scd
1262 2576 1316 2639 alii
1330 2593 1403 2637 cum
1425 2574 1541 2636 Dicast.
1558 2593 1640 2635 num.
1665 2575 1715 2648 62,
1740 2574 1850 2632 teuent
1863 2582 1962 2646 oppos-

1192 2673 1270 2743 tum,
1288 2666 1362 2746 quia
1376 2683 1448 2726 cum
1472 2681 1537 2729 noa
1558 2667 1679 2725 constet
1695 2661 1735 2722 de
1759 2655 1962 2721 homicidioct
1980 2651 1982 2724 ἓ

1191 2755 1295 2835 potius
1316 2758 1527 2834 presumatur
1547 2771 1611 2814 non
1629 2752 1761 2826 tactum,
1777 2767 1841 2810 non
1858 2747 1962 2821 estpos
1980 2755 1982 2826 ,

1192 2843 1289 2905 sessio
1304 2861 1362 2923 pro
1378 2840 1560 2918 homicidio,
1577 2839 1676 2900 multo
1691 2837 1797 2898 minus
1811 2852 1868 2913 pro
1881 2829 1982 2920 ethos-l

1192 2932 1242 2994 cia
1255 2931 1375 2994 consilii
1396 2928 1554 2992 causantis
1574 2924 1800 2998 homicidium;
1828 2939 1897 3002 ergo
1915 2937 1982 3008 mss

1193 3023 1247 3081 net
1260 3018 1414 3098 possessio
1430 3035 1487 3096 pro
1501 3015 1656 3077 libertate.
1981 3029 1982 3062 1

1232 3108 1251 3187 ἓ
1273 3111 1303 3171 8.
1330 3107 1363 3169 Si
1391 3105 1459 3186 quis
1484 3101 1622 3165 causarit
1649 3102 1699 3162 vel
1726 3095 1916 3162 concurrerit
1936 3071 1982 3186 adl,

1194 3195 1352 3263 abortum,
1369 3197 1401 3256 et
1414 3196 1524 3273 postea
1539 3190 1701 3252 dubitetur
1718 3207 1761 3250 an
1783 3189 1877 3250 foetus
1895 3181 1966 3244 111111
1981 3193 1983 3264 ‘q

1194 3284 1362 3360 animatus,
1387 3281 1477 3343 Delb.
1494 3299 1558 3362 cop.
1576 3282 1606 3356 2,
1631 3277 1663 3339 d.
1687 3282 1718 3354 1,
1743 3284 1814 3338 sect.
1841 3275 1983 3368 11111111

1194 3375 1253 3449 22,
1278 3371 1356 3432 dicit
1381 3387 1444 3431 non
1472 3368 1588 3430 debere
1612 3365 1733 3428 censeri
1762 3362 1983 3443 irregularem„

1195 3458 1269 3539 quia
1282 3461 1299 3522 J
1303 3477 1360 3519 ura
1368 3456 1401 3518 id
1411 3454 1578 3519 statuentia
1592 3456 1777 3532 supponunt
1793 3453 1928 3512 constare
1938 3445 1966 3540 de
1981 3445 1983 3538 t

1194 3551 1295 3609 morte
1318 3545 1410 3608 alicui
1431 3543 1552 3606 homini
1576 3542 1672 3618 illata,
1689 3539 1740 3602 hic
1765 3543 1874 3602 autem
1890 3543 1983 3596 neser-i

1196 3640 1248 3698 tur
1271 3655 1311 3696 an
1331 3634 1425 3697 homo
1444 3633 1485 3696 sit
1499 3631 1631 3694 occisus.
1648 3628 1840 3708 Oppositum
1853 3635 1983 3687 commu-2

1196 3724 1266 3785 nius
1288 3726 1396 3784 tenent
1418 3724 1484 3784 Sol.
1511 3722 1601 3798 Sayr.
1625 3717 1741 3781 Sanch.
1769 3716 1853 3778 Aril.
1877 3707 1983 3792 Merctf

1196 3811 1300 3873 Faria.
1317 3811 1410 3873 Barb.
1428 3809 1560 3888 Sperell.
1572 3807 1633 3868 dec.
1647 3810 1699 3883 77,
1711 3825 1796 3866 urim.
1810 3806 1859 3876 393
1874 3801 1966 3863 ciust
1981 3819 1983 3824 ·

1196 3919 1278 3962 num.
1296 3902 1345 3977 59,
1363 3897 1438 3978 quia
1456 3901 1504 3959 est
1521 3895 1653 3957 dubium
1668 3893 1741 3956 tacti
1765 3893 1853 3954 circa
1865 3883 1983 3964 bomiri-q

1197 3989 1284 4049 dium
1309 3985 1471 4068 injustum,
1497 3984 1582 4066 quod
1609 3984 1660 4044 hic
1683 3981 1895 4064 presumitur,
1917 3987 1983 4066 cum}

283 4106 324 4152 aa
389 4079 455 4159 55.
473 4075 505 4139 Si
529 4073 599 4154 quis
620 4075 807 4153 pugnaverit
830 4074 967 4137 tubello
988 4075 1084 4157 justo,
1110 4075 1141 4136 in
1198 4075 1406 4138 communiter
1420 4073 1555 4136 eveniat.
1981 4071 1983 4102 ¹

351 4186 414 4250 quo
428 4163 524 4245 aliqui
539 4162 633 4227 occisi
652 4166 735 4240 sunt,
753 4168 784 4227 et
801 4164 933 4241 dubitet,
950 4183 991 4225 an
1005 4164 1071 4245 ipse
1086 4183 1144 4244 per
1236 4165 1256 4244 ἓ
1277 4167 1307 4227 9.
1333 4165 1368 4226 ln
1391 4163 1488 4224 dubio
1512 4161 1586 4224 facti
1611 4161 1650 4221 de
1674 4157 1876 4222 mutilatione
1901 4103 1983 4248 compl

351 4275 384 4318 sc
399 4255 536 4335 aliquem
557 4251 717 4328 occiderit,
740 4255 853 4332 putant
874 4254 952 4314 Bon.
976 4253 1092 4315 Leand.
1113 4257 1144 4314 et
1198 4255 1344 4315 censetur
1363 4249 1556 4331 irregularis,
1574 4249 1648 4330 quia
1672 4249 1729 4311 lus
1749 4251 1878 4310 tautum
1895 4244 1983 4322 loquat

351 4345 404 4408 alii
418 4361 510 4424 posse
525 4343 671 4420 reputare
691 4359 724 4401 se
748 4359 811 4402 non
833 4359 901 4402 esse
924 4341 1140 4421 irregularem,
1198 4346 1251 4401 tur
1264 4340 1304 4401 de
1319 4338 1414 4400 dubio
1430 4338 1515 4400 circa
1538 4335 1757 4411 homicidium,
1776 4337 1858 4398 Koa.
1879 4323 1983 4396 suucbl

352 4433 426 4515 quia
441 4430 566 4512 quando
581 4431 637 4492 tus
659 4427 745 4506 dicit,
762 4429 958 4491 dubitantem
982 4429 1021 4491 de
1045 4429 1144 4492 homi·
1199 4427 1288 4489 Dian.
1306 4443 1412 4504 supra,
1429 4426 1546 4487 Bonae.
1565 4424 1699 4503 Sperell.
1715 4441 1802 4484 num.
1819 4424 1876 4494 353
1894 4401 1983 4484 casu-l

352 4519 433 4583 cidio
448 4515 568 4580 censeri
583 4516 698 4578 debere
719 4515 935 4596 irregularem,
952 4517 1091 4597 loquitur
1104 4518 1144 4579 de
1199 4535 1280 4576 num.
1298 4516 1347 4576 10.

352 4605 523 4670 homicidio
541 4603 677 4684 injusto;
700 4621 774 4682 ergo
788 4602 820 4663 in
836 4603 931 4665 dubio
946 4603 1030 4665 circa
1043 4603 1146 4665 homi·
1238 4602 1256 4682 §
1272 4604 1319 4663 10.
1338 4600 1369 4664 Si
1393 4599 1463 4680 quis
1479 4617 1550 4660 cum
1566 4598 1663 4660 dubio
1685 4597 1774 4661 turis
1796 4599 1844 4660 sel
1865 4593 1929 4656 tacti
1943 4588 1974 4648 dt

353 4693 613 4774 cidiumjustum,
630 4689 741 4751 melior
760 4693 807 4752 est
826 4690 963 4752 conditio
985 4690 1145 4769 possiden·
1200 4687 1430 4769 irregularitate
1458 4692 1530 4747 ante
1559 4684 1737 4747 adhibitam
1765 4679 1934 4766 inquisition
1964 4737 1966 4739 ,

352 4785 392 4846 tis
407 4779 579 4845 secundum
593 4777 677 4840 dicta
691 4793 777 4840 num.
793 4781 863 4840 450.
874 4777 934 4840 Nec
943 4779 1046 4859 refert,
1060 4779 1144 4860 quod
1199 4779 1294 4841 faciat
1309 4776 1440 4856 aliquid,
1457 4775 1542 4856 quod
1564 4772 1733 4853 irregulari
1752 4773 1935 4852 prohibetur,
1948 4781 1979 4836 1.,

353 4874 428 4951 Cap.
449 4867 693 4935 Pectoraque
715 4867 895 4944 homicidio,
913 4868 1036 4929 dicatur
1060 4887 1143 4944 eum,
1199 4887 1230 4948 g.
1250 4866 1274 4927 si
1291 4865 1443 4941 suscipiat
1456 4861 1599 4938 Ordines,
1616 4865 1728 4941 peccat
1750 4861 1878 4941 quidem
1890 4849 1983 4950 gravi-‚q

354 4977 448 5041 quem
462 4956 662 5020 remordebat
671 4955 862 5018 conscientia
874 4956 913 5017 de
928 4955 1098 5018 homicidio
1113 4957 1144 5018 iu
1201 4961 1250 5018 ter
1265 4950 1450 5032 exponendo
1466 4970 1499 5012 se
1514 4949 1653 5029 periculo
1664 4950 1808 5012 violandi
1823 4937 1971 5024 ungulari

353 5047 436 5109 bello
456 5045 563 5127 justo,
589 5042 710 5105 censeri
741 5041 886 5104 debuisse
917 5043 1143 5121 irregularem,
1198 5049 1308 5118 tatem,
1332 5039 1499 5121 elegendi
1524 5042 1634 5100 contra
1657 5056 1793 5118 gravem
1817 5027 1973 5116 probibitio·

353 5155 421 5198 num
437 5135 500 5211 ille,
517 5133 555 5194 de
571 5149 634 5213 quo
648 5129 864 5208 dubitabatur,
882 5135 950 5193 erat
964 5131 1142 5210 Presbyter,
1200 5148 1272 5190 nem
1285 5127 1446 5206 Ecclesia,
1463 5129 1563 5190 Castr.
1581 5146 1616 5207 p.
1634 5129 1665 5203 3,
1682 5145 1767 5187 num.
1785 5129 1823 5198 3;
1839 5123 1973 5204 potestte

355 5223 408 5305 qui
427 5220 596 5302 nequidem
616 5219 646 5279 in
659 5217 744 5299 justo
766 5218 847 5279 bello
871 5221 994 5298 poterat
1017 5219 1144 5298 propria
1199 5237 1271 5279 men
1286 5235 1433 5279 exercerc
1448 5216 1580 5280 Ordines
1590 5203 1973 5295 susceptosquamuspcd

354 5330 449 5373 manu
463 5327 623 5391 pugnare,
640 5307 685 5369 uti
700 5313 809 5369 notant
823 5307 937 5370 Sanch.
955 5306 1053 5374 etalii
1069 5327 1141 5368 cum
1200 5307 1395 5388 diligentiam
1410 5305 1585 5366 adhibitam
1600 5304 1752 5383 persistat
1766 5303 1930 5376 dubiumr]
1949 5293 1954 5306 '

353 5401 612 5463 111111111152.
629 5398 668 5460 Et
688 5397 770 5458 banc
788 5396 975 5458 sententiam
995 5395 1144 5476 probahi-
1198 5399 1265 5457 tum
1280 5393 1315 5455 sit
1334 5392 1466 5454 dubium
1479 5392 1575 5468 turia,
1594 5393 1625 5452 in
1649 5411 1712 5472 quo
1737 5409 1831 5452 nemo
1853 5385 1972 5532 sense&

350 5487 414 5554 lem
427 5489 552 5568 reputat
567 5483 698 5553 Schiara
711 5482 763 5550 lit.
787 5486 817 5560 1,
842 5482 906 5562 diff.
931 5485 980 5560 33,
1000 5483 1144 5574 quamvis
1198 5480 1401 5562 irregularis3
1418 5482 1515 5544 Castr.
1532 5499 1615 5544 1111111.
1637 5483 1675 5554 1;
1700 5478 1819 5544 Dicast.
1841 5493 1912 5538 amu.
