<?xml version="1.0" encoding="UTF-8"?>
<!DOCTYPE html PUBLIC "-//W3C//DTD XHTML 1.0 Transitional//EN"
    "http://www.w3.org/TR/xhtml1/DTD/xhtml1-transitional.dtd">
<html xmlns="http://www.w3.org/1999/xhtml" xml:lang="en" lang="en">
 <head>
  <title>
</title>
<meta http-equiv="Content-Type" content="text/html;charset=utf-8" />
  <meta name='ocr-system' content='tesseract 3.04.00' />
  <meta name='ocr-capabilities' content='ocr_page ocr_carea ocr_par ocr_line ocrx_word'/>
</head>
<body>
  <div class='ocr_page' id='page_1' title='image "./theologiamorali00diongoog_0434.png"; bbox 0 0 3986 6350; ppageno 0'>
   <div class='ocr_carea' id='block_1_1' title="bbox 307 515 1223 580">
    <p class='ocr_par' dir='ltr' id='par_1_1' title="bbox 307 515 1223 580">
     <span class='ocr_line' id='line_1_1' title="bbox 307 515 1223 580; baseline 0.002 -2"><span class='ocrx_word' id='word_1_1' title='bbox 307 518 367 578; x_wconf 71' lang='grc'><strong>424</strong></span> <span class='ocrx_word' id='word_1_2' title='bbox 1032 515 1150 578; x_wconf 76' lang='lat' dir='ltr'><strong>tiana</strong></span> <span class='ocrx_word' id='word_1_3' title='bbox 1169 515 1223 580; x_wconf 85' lang='lat' dir='ltr'><strong>lx.</strong></span> 
     </span>
    </p>
   </div>
   <div class='ocr_carea' id='block_1_2' title="bbox 306 698 1936 5516">
    <p class='ocr_par' dir='ltr' id='par_1_2' title="bbox 306 698 1925 1839">
     <span class='ocr_line' id='line_1_2' title="bbox 306 698 1919 774; baseline -0.001 -12"><span class='ocrx_word' id='word_1_4' title='bbox 306 699 386 774; x_wconf 86' lang='lat' dir='ltr'><strong>Quia</strong></span> <span class='ocrx_word' id='word_1_5' title='bbox 400 700 457 762; x_wconf 86' lang='lat' dir='ltr'><strong>etsi</strong></span> <span class='ocrx_word' id='word_1_6' title='bbox 471 700 599 764; x_wconf 85' lang='lat' dir='ltr'><strong>inferior</strong></span> <span class='ocrx_word' id='word_1_7' title='bbox 613 701 766 765; x_wconf 81' lang='lat' dir='ltr'><strong>Sacerdos</strong></span> <span class='ocrx_word' id='word_1_8' title='bbox 776 721 795 764; x_wconf 91' lang='lat' dir='ltr'><strong>a</strong></span> <span class='ocrx_word' id='word_1_9' title='bbox 805 701 970 764; x_wconf 77' lang='lat' dir='ltr'><strong>reservatis</strong></span> <span class='ocrx_word' id='word_1_10' title='bbox 979 701 1096 763; x_wconf 88' lang='lat' dir='ltr'><strong>directe</strong></span> <span class='ocrx_word' id='word_1_11' title='bbox 1151 701 1237 764; x_wconf 92' lang='lat' dir='ltr'><strong>nulla</strong></span> <span class='ocrx_word' id='word_1_12' title='bbox 1260 701 1426 765; x_wconf 80' lang='lat' dir='ltr'><strong>confitendi</strong></span> <span class='ocrx_word' id='word_1_13' title='bbox 1451 701 1636 764; x_wconf 84' lang='lat' dir='ltr'><strong>necessitate</strong></span> <span class='ocrx_word' id='word_1_14' title='bbox 1650 698 1801 774; x_wconf 68' lang='lat' dir='ltr'><strong>adactum</strong></span> <span class='ocrx_word' id='word_1_15' title='bbox 1815 699 1840 760; x_wconf 92' lang='lat' dir='ltr'><strong>is</strong></span> <span class='ocrx_word' id='word_1_16' title='bbox 1859 717 1919 760; x_wconf 90' lang='lat' dir='ltr'><strong>vero</strong></span> 
     </span>
     <span class='ocr_line' id='line_1_3' title="bbox 306 787 1921 870; baseline -0.001 -21"><span class='ocrx_word' id='word_1_17' title='bbox 306 807 369 850; x_wconf 92' lang='lat' dir='ltr'><strong>nan</strong></span> <span class='ocrx_word' id='word_1_18' title='bbox 384 789 542 862; x_wconf 89' lang='lat' dir='ltr'><strong>absolvat;</strong></span> <span class='ocrx_word' id='word_1_19' title='bbox 559 793 594 852; x_wconf 93' lang='lat' dir='ltr'><strong>ut</strong></span> <span class='ocrx_word' id='word_1_20' title='bbox 612 794 717 852; x_wconf 90' lang='lat' dir='ltr'><strong>tamen</strong></span> <span class='ocrx_word' id='word_1_21' title='bbox 741 791 839 870; x_wconf 80' lang='lat' dir='ltr'><strong>possit</strong></span> <span class='ocrx_word' id='word_1_22' title='bbox 862 810 881 853; x_wconf 88' lang='lat' dir='ltr'><strong>a</strong></span> <span class='ocrx_word' id='word_1_23' title='bbox 901 791 1023 852; x_wconf 77' lang='lat' dir='ltr'><strong>caeteris</strong></span> <span class='ocrx_word' id='word_1_24' title='bbox 1037 791 1096 851; x_wconf 91' lang='lat' dir='ltr'><strong>rite</strong></span> <span class='ocrx_word' id='word_1_25' title='bbox 1150 808 1206 852; x_wconf 90' lang='lat' dir='ltr'><strong>seu</strong></span> <span class='ocrx_word' id='word_1_26' title='bbox 1222 809 1259 851; x_wconf 87' lang='lat' dir='ltr'><strong>ex</strong></span> <span class='ocrx_word' id='word_1_27' title='bbox 1273 791 1399 870; x_wconf 87' lang='lat' dir='ltr'><strong>culpata</strong></span> <span class='ocrx_word' id='word_1_28' title='bbox 1411 789 1600 870; x_wconf 78' lang='lat' dir='ltr'>ignorantia,</span> <span class='ocrx_word' id='word_1_29' title='bbox 1613 808 1669 850; x_wconf 90' lang='lat' dir='ltr'><strong>seu</strong></span> <span class='ocrx_word' id='word_1_30' title='bbox 1684 808 1724 850; x_wconf 87' lang='lat' dir='ltr'><strong>ex</strong></span> <span class='ocrx_word' id='word_1_31' title='bbox 1737 787 1921 852; x_wconf 87' lang='lat' dir='ltr'><strong>determinata</strong></span> 
     </span>
     <span class='ocr_line' id='line_1_4' title="bbox 307 875 1919 958; baseline -0.003 -19"><span class='ocrx_word' id='word_1_32' title='bbox 307 877 480 953; x_wconf 87' lang='lat' dir='ltr'><strong>absolvere,</strong></span> <span class='ocrx_word' id='word_1_33' title='bbox 496 877 794 958; x_wconf 80' lang='lat' dir='ltr'><strong>debet,quoadt1eri</strong></span> <span class='ocrx_word' id='word_1_34' title='bbox 809 882 923 957; x_wconf 88' lang='lat' dir='ltr'><strong>potest,</strong></span> <span class='ocrx_word' id='word_1_35' title='bbox 940 878 1097 956; x_wconf 87' lang='lat' dir='ltr'><strong>integram</strong></span> <span class='ocrx_word' id='word_1_36' title='bbox 1150 878 1271 939; x_wconf 86' lang='lat' dir='ltr'><strong>malitia</strong></span> <span class='ocrx_word' id='word_1_37' title='bbox 1292 878 1522 941; x_wconf 91' lang='lat' dir='ltr'><strong>absolutionem</strong></span> <span class='ocrx_word' id='word_1_38' title='bbox 1544 875 1720 956; x_wconf 87' lang='lat' dir='ltr'><strong>impertiat;</strong></span> <span class='ocrx_word' id='word_1_39' title='bbox 1746 879 1815 936; x_wconf 87' lang='lat' dir='ltr'><strong>ratu</strong></span> <span class='ocrx_word' id='word_1_40' title='bbox 1834 878 1919 935; x_wconf 88' lang='lat' dir='ltr'><strong>tamen</strong></span> 
     </span>
     <span class='ocr_line' id='line_1_5' title="bbox 308 963 1921 1045; baseline -0.001 -20"><span class='ocrx_word' id='word_1_41' title='bbox 308 982 446 1040; x_wconf 90' lang='lat' dir='ltr'><strong>causam,</strong></span> <span class='ocrx_word' id='word_1_42' title='bbox 469 965 628 1045; x_wconf 83' lang='lat' dir='ltr'>ipsiusque</span> <span class='ocrx_word' id='word_1_43' title='bbox 650 966 829 1044; x_wconf 89' lang='lat' dir='ltr'><strong>poenitentis</strong></span> <span class='ocrx_word' id='word_1_44' title='bbox 851 971 967 1029; x_wconf 86' lang='lat' dir='ltr'><strong>statum</strong></span> <span class='ocrx_word' id='word_1_45' title='bbox 987 971 1018 1028; x_wconf 93' lang='lat' dir='ltr'><strong>et</strong></span> <span class='ocrx_word' id='word_1_46' title='bbox 1032 983 1096 1027; x_wconf 91' lang='lat' dir='ltr'><strong>om·</strong></span> <span class='ocrx_word' id='word_1_47' title='bbox 1152 966 1211 1026; x_wconf 89' lang='lat' dir='ltr'><strong>erit</strong></span> <span class='ocrx_word' id='word_1_48' title='bbox 1233 966 1398 1028; x_wconf 81' lang='lat' dir='ltr'><strong>absolutio.</strong></span> <span class='ocrx_word' id='word_1_49' title='bbox 1424 967 1463 1027; x_wconf 78' lang='lat' dir='ltr'><strong>aa</strong></span> <span class='ocrx_word' id='word_1_50' title='bbox 1486 965 1649 1043; x_wconf 90' lang='lat' dir='ltr'><strong>probatur,</strong></span> <span class='ocrx_word' id='word_1_51' title='bbox 1676 963 1752 1043; x_wconf 87' lang='lat' dir='ltr'><strong>quia</strong></span> <span class='ocrx_word' id='word_1_52' title='bbox 1778 967 1921 1042; x_wconf 86' lang='lat' dir='ltr'><strong>peccatum</strong></span> 
     </span>
     <span class='ocr_line' id='line_1_6' title="bbox 308 1049 1923 1133; baseline -0.002 -20"><span class='ocrx_word' id='word_1_53' title='bbox 308 1052 361 1114; x_wconf 90' lang='lat' dir='ltr'><strong>nia</strong></span> <span class='ocrx_word' id='word_1_54' title='bbox 375 1051 442 1132; x_wconf 88' lang='lat' dir='ltr'><strong>ejus</strong></span> <span class='ocrx_word' id='word_1_55' title='bbox 457 1071 551 1114; x_wconf 90' lang='lat' dir='ltr'><strong>onera</strong></span> <span class='ocrx_word' id='word_1_56' title='bbox 562 1059 726 1132; x_wconf 89' lang='lat' dir='ltr'><strong>perspecta</strong></span> <span class='ocrx_word' id='word_1_57' title='bbox 737 1054 864 1132; x_wconf 89' lang='lat' dir='ltr'><strong>babere,</strong></span> <span class='ocrx_word' id='word_1_58' title='bbox 881 1073 920 1114; x_wconf 90' lang='lat' dir='ltr'><strong>ne</strong></span> <span class='ocrx_word' id='word_1_59' title='bbox 930 1069 1098 1133; x_wconf 89' lang='lat' dir='ltr'><strong>perperam</strong></span> <span class='ocrx_word' id='word_1_60' title='bbox 1151 1051 1228 1114; x_wconf 91' lang='lat' dir='ltr'><strong>illud</strong></span> <span class='ocrx_word' id='word_1_61' title='bbox 1251 1053 1382 1116; x_wconf 87' lang='lat' dir='ltr'><strong>Ministri</strong></span> <span class='ocrx_word' id='word_1_62' title='bbox 1404 1051 1510 1114; x_wconf 80' lang='lat' dir='ltr'>illicite</span> <span class='ocrx_word' id='word_1_63' title='bbox 1530 1049 1721 1113; x_wconf 85' lang='lat' dir='ltr'><strong>absolventis</strong></span> <span class='ocrx_word' id='word_1_64' title='bbox 1748 1049 1813 1112; x_wconf 92' lang='lat' dir='ltr'><strong>vim</strong></span> <span class='ocrx_word' id='word_1_65' title='bbox 1832 1050 1923 1111; x_wconf 85' lang='lat' dir='ltr'><strong>Sacra·</strong></span> 
     </span>
     <span class='ocr_line' id='line_1_7' title="bbox 308 1135 1922 1222; baseline -0.004 -21"><span class='ocrx_word' id='word_1_66' title='bbox 308 1140 491 1201; x_wconf 87' lang='lat' dir='ltr'><strong>absolveudi</strong></span> <span class='ocrx_word' id='word_1_67' title='bbox 519 1141 657 1219; x_wconf 87' lang='lat' dir='ltr'><strong>pericula</strong></span> <span class='ocrx_word' id='word_1_68' title='bbox 690 1142 865 1222; x_wconf 88' lang='lat' dir='ltr'><strong>objiciatur.</strong></span> <span class='ocrx_word' id='word_1_69' title='bbox 896 1141 995 1204; x_wconf 89' lang='lat' dir='ltr'><strong>Debet</strong></span> <span class='ocrx_word' id='word_1_70' title='bbox 1022 1157 1097 1219; x_wconf 90' lang='lat' dir='ltr'><strong>argo</strong></span> <span class='ocrx_word' id='word_1_71' title='bbox 1152 1140 1250 1202; x_wconf 90' lang='lat' dir='ltr'><strong>menti</strong></span> <span class='ocrx_word' id='word_1_72' title='bbox 1270 1141 1429 1201; x_wconf 84' lang='lat' dir='ltr'><strong>infirmare</strong></span> <span class='ocrx_word' id='word_1_73' title='bbox 1453 1157 1516 1200; x_wconf 90' lang='lat' dir='ltr'><strong>non</strong></span> <span class='ocrx_word' id='word_1_74' title='bbox 1539 1141 1653 1217; x_wconf 90' lang='lat' dir='ltr'><strong>potest,</strong></span> <span class='ocrx_word' id='word_1_75' title='bbox 1670 1155 1743 1198; x_wconf 91' lang='lat' dir='ltr'><strong>cum</strong></span> <span class='ocrx_word' id='word_1_76' title='bbox 1764 1135 1922 1216; x_wconf 89' lang='lat' dir='ltr'><strong>nihilqoid·</strong></span> 
     </span>
     <span class='ocr_line' id='line_1_8' title="bbox 308 1223 1924 1308; baseline -0.004 -20"><span class='ocrx_word' id='word_1_77' title='bbox 308 1228 464 1308; x_wconf 85' lang='lat' dir='ltr'><strong>poenitens</strong></span> <span class='ocrx_word' id='word_1_78' title='bbox 492 1229 585 1290; x_wconf 90' lang='lat' dir='ltr'><strong>etiam</strong></span> <span class='ocrx_word' id='word_1_79' title='bbox 618 1233 778 1290; x_wconf 86' lang='lat' dir='ltr'><strong>reservata</strong></span> <span class='ocrx_word' id='word_1_80' title='bbox 809 1230 1034 1304; x_wconf 81' lang='lat' dir='ltr'><strong>manifestare,</strong></span> <span class='ocrx_word' id='word_1_81' title='bbox 1065 1230 1099 1288; x_wconf 92' lang='lat' dir='ltr'><strong>ut</strong></span> <span class='ocrx_word' id='word_1_82' title='bbox 1153 1245 1248 1306; x_wconf 90' lang='lat' dir='ltr'><strong>quam</strong></span> <span class='ocrx_word' id='word_1_83' title='bbox 1270 1227 1303 1287; x_wconf 95' lang='lat' dir='ltr'><strong>in</strong></span> <span class='ocrx_word' id='word_1_84' title='bbox 1326 1227 1497 1306; x_wconf 78' lang='lat' dir='ltr'><strong>paenitente</strong></span> <span class='ocrx_word' id='word_1_85' title='bbox 1520 1225 1665 1286; x_wconf 86' lang='lat' dir='ltr'><strong>immutat</strong></span> <span class='ocrx_word' id='word_1_86' title='bbox 1679 1223 1841 1285; x_wconf 90' lang='lat' dir='ltr'><strong>materiam</strong></span> <span class='ocrx_word' id='word_1_87' title='bbox 1853 1223 1924 1282; x_wconf 89' lang='lat' dir='ltr'><strong>debi-</strong></span> 
     </span>
     <span class='ocr_line' id='line_1_9' title="bbox 309 1310 1924 1396; baseline -0.005 -20"><span class='ocrx_word' id='word_1_88' title='bbox 309 1314 533 1376; x_wconf 89' lang='lat' dir='ltr'><strong>conscientiam</strong></span> <span class='ocrx_word' id='word_1_89' title='bbox 541 1335 630 1377; x_wconf 89' lang='lat' dir='ltr'><strong>suam</strong></span> <span class='ocrx_word' id='word_1_90' title='bbox 641 1317 765 1396; x_wconf 92' lang='lat' dir='ltr'><strong>penitus</strong></span> <span class='ocrx_word' id='word_1_91' title='bbox 783 1317 1010 1395; x_wconf 78' lang='lat' dir='ltr'><strong>dispiciendam</strong></span> <span class='ocrx_word' id='word_1_92' title='bbox 1021 1333 1098 1394; x_wconf 84' lang='lat' dir='ltr'><strong>prae·</strong></span> <span class='ocrx_word' id='word_1_93' title='bbox 1152 1319 1218 1374; x_wconf 83' lang='lat' dir='ltr'><strong>tam</strong></span> <span class='ocrx_word' id='word_1_94' title='bbox 1234 1313 1422 1393; x_wconf 80' lang='lat' dir='ltr'><strong>subjicienti,</strong></span> <span class='ocrx_word' id='word_1_95' title='bbox 1439 1331 1497 1374; x_wconf 90' lang='lat' dir='ltr'><strong>nac</strong></span> <span class='ocrx_word' id='word_1_96' title='bbox 1515 1311 1702 1375; x_wconf 83' lang='lat' dir='ltr'><strong>Confessarii</strong></span> <span class='ocrx_word' id='word_1_97' title='bbox 1723 1310 1756 1371; x_wconf 91' lang='lat' dir='ltr'><strong>in</strong></span> <span class='ocrx_word' id='word_1_98' title='bbox 1771 1329 1833 1372; x_wconf 91' lang='lat' dir='ltr'><strong>non</strong></span> <span class='ocrx_word' id='word_1_99' title='bbox 1845 1327 1924 1370; x_wconf 85' lang='lat' dir='ltr'><strong>raser-</strong></span> 
     </span>
     <span class='ocr_line' id='line_1_10' title="bbox 309 1400 1924 1476; baseline -0.004 -15"><span class='ocrx_word' id='word_1_100' title='bbox 309 1400 384 1462; x_wconf 92' lang='lat' dir='ltr'><strong>beat</strong></span> <span class='ocrx_word' id='word_1_101' title='bbox 406 1402 612 1464; x_wconf 85' lang='lat' dir='ltr'><strong>Conlessaria.</strong></span> <span class='ocrx_word' id='word_1_102' title='bbox 639 1405 678 1465; x_wconf 74' lang='lat' dir='ltr'><strong>lit</strong></span> <span class='ocrx_word' id='word_1_103' title='bbox 697 1422 771 1465; x_wconf 83' lang='lat' dir='ltr'><strong>rero</strong></span> <span class='ocrx_word' id='word_1_104' title='bbox 787 1404 854 1465; x_wconf 76' lang='lat' dir='ltr'><strong>haec</strong></span> <span class='ocrx_word' id='word_1_105' title='bbox 875 1408 922 1465; x_wconf 93' lang='lat' dir='ltr'><strong>est</strong></span> <span class='ocrx_word' id='word_1_106' title='bbox 935 1403 1100 1464; x_wconf 83' lang='lat' dir='ltr'><strong>manifesta</strong></span> <span class='ocrx_word' id='word_1_107' title='bbox 1156 1401 1495 1465; x_wconf 84' lang='lat' dir='ltr'><strong>vataJurisdictionem</strong></span> <span class='ocrx_word' id='word_1_108' title='bbox 1519 1405 1573 1462; x_wconf 89' lang='lat' dir='ltr'><strong>aut</strong></span> <span class='ocrx_word' id='word_1_109' title='bbox 1593 1400 1726 1475; x_wconf 88' lang='lat' dir='ltr'><strong>auferat,</strong></span> <span class='ocrx_word' id='word_1_110' title='bbox 1742 1402 1797 1460; x_wconf 87' lang='lat' dir='ltr'><strong>aut</strong></span> <span class='ocrx_word' id='word_1_111' title='bbox 1816 1415 1924 1476; x_wconf 88' lang='lat' dir='ltr'><strong>suspen-</strong></span> 
     </span>
     <span class='ocr_line' id='line_1_11' title="bbox 311 1487 1922 1572; baseline -0.002 -22"><span class='ocrx_word' id='word_1_112' title='bbox 311 1489 343 1550; x_wconf 91' lang='lat' dir='ltr'><strong>S.</strong></span> <span class='ocrx_word' id='word_1_113' title='bbox 368 1489 496 1550; x_wconf 81' lang='lat' dir='ltr'><strong>Thomas</strong></span> <span class='ocrx_word' id='word_1_114' title='bbox 518 1492 680 1553; x_wconf 76' lang='lat' dir='ltr'><strong>Sententia</strong></span> <span class='ocrx_word' id='word_1_115' title='bbox 693 1493 725 1553; x_wconf 94' lang='lat' dir='ltr'><strong>in</strong></span> <span class='ocrx_word' id='word_1_116' title='bbox 745 1495 905 1572; x_wconf 76' lang='lat' dir='ltr'><strong>supplem.</strong></span> <span class='ocrx_word' id='word_1_117' title='bbox 932 1497 1043 1572; x_wconf 83' lang='lat' dir='ltr'><strong>quaest.</strong></span> <span class='ocrx_word' id='word_1_118' title='bbox 1066 1494 1096 1567; x_wconf 90' lang='grc'><strong>9,</strong></span> <span class='ocrx_word' id='word_1_119' title='bbox 1154 1490 1218 1567; x_wconf 89' lang='lat' dir='ltr'><strong>dat,</strong></span> <span class='ocrx_word' id='word_1_120' title='bbox 1236 1509 1294 1551; x_wconf 94' lang='lat' dir='ltr'><strong>nec</strong></span> <span class='ocrx_word' id='word_1_121' title='bbox 1308 1489 1465 1571; x_wconf 82' lang='lat' dir='ltr'><strong>requisitae</strong></span> <span class='ocrx_word' id='word_1_122' title='bbox 1480 1487 1631 1550; x_wconf 90' lang='lat' dir='ltr'><strong>voluntati</strong></span> <span class='ocrx_word' id='word_1_123' title='bbox 1651 1487 1780 1563; x_wconf 88' lang='lat' dir='ltr'><strong>officiat,</strong></span> <span class='ocrx_word' id='word_1_124' title='bbox 1797 1489 1829 1547; x_wconf 92' lang='lat' dir='ltr'><strong>ut</strong></span> <span class='ocrx_word' id='word_1_125' title='bbox 1844 1487 1922 1563; x_wconf 84' lang='lat' dir='ltr'><strong>patet</strong></span> 
     </span>
     <span class='ocr_line' id='line_1_12' title="bbox 310 1572 1925 1661; baseline -0.004 -23"><span class='ocrx_word' id='word_1_126' title='bbox 310 1581 369 1638; x_wconf 87' lang='lat' dir='ltr'><strong>art.</strong></span> <span class='ocrx_word' id='word_1_127' title='bbox 386 1580 416 1653; x_wconf 76' lang='lat'><strong>2,</strong></span> <span class='ocrx_word' id='word_1_128' title='bbox 440 1577 479 1637; x_wconf 88' lang='lat' dir='ltr'><strong>ad</strong></span> <span class='ocrx_word' id='word_1_129' title='bbox 498 1582 528 1639; x_wconf 83' lang='lat' dir='ltr'><strong>d.</strong></span> <span class='ocrx_word' id='word_1_130' title='bbox 555 1579 726 1658; x_wconf 73' lang='lat' dir='ltr'><strong>Dicendum,</strong></span> <span class='ocrx_word' id='word_1_131' title='bbox 751 1581 861 1661; x_wconf 88' lang='lat' dir='ltr'><strong>inquit,</strong></span> <span class='ocrx_word' id='word_1_132' title='bbox 886 1579 965 1661; x_wconf 84' lang='lat' dir='ltr'><strong>quad</strong></span> <span class='ocrx_word' id='word_1_133' title='bbox 985 1577 1102 1640; x_wconf 86' lang='lat' dir='ltr'><strong>etiarnsi</strong></span> <span class='ocrx_word' id='word_1_134' title='bbox 1154 1581 1232 1640; x_wconf 87' lang='lat' dir='ltr'><strong>Cum</strong></span> <span class='ocrx_word' id='word_1_135' title='bbox 1256 1597 1331 1658; x_wconf 91' lang='lat' dir='ltr'><strong>ergo</strong></span> <span class='ocrx_word' id='word_1_136' title='bbox 1356 1581 1545 1640; x_wconf 90' lang='lat' dir='ltr'><strong>concurrant</strong></span> <span class='ocrx_word' id='word_1_137' title='bbox 1563 1577 1669 1636; x_wconf 91' lang='lat' dir='ltr'><strong>omnia</strong></span> <span class='ocrx_word' id='word_1_138' title='bbox 1691 1575 1732 1636; x_wconf 89' lang='lat' dir='ltr'><strong>ad</strong></span> <span class='ocrx_word' id='word_1_139' title='bbox 1756 1572 1925 1654; x_wconf 77' lang='lat' dir='ltr'><strong>paenitentia</strong></span> 
     </span>
     <span class='ocr_line' id='line_1_13' title="bbox 311 1658 1921 1748; baseline -0.002 -22"><span class='ocrx_word' id='word_1_140' title='bbox 311 1663 454 1726; x_wconf 79' lang='lat' dir='ltr'><strong>Sacerdos</strong></span> <span class='ocrx_word' id='word_1_141' title='bbox 466 1686 523 1727; x_wconf 87' lang='lat' dir='ltr'><strong>nan</strong></span> <span class='ocrx_word' id='word_1_142' title='bbox 532 1669 626 1748; x_wconf 88' lang='lat' dir='ltr'><strong>possit</strong></span> <span class='ocrx_word' id='word_1_143' title='bbox 639 1667 674 1730; x_wconf 86' lang='lat' dir='ltr'><strong>de</strong></span> <span class='ocrx_word' id='word_1_144' title='bbox 687 1667 818 1729; x_wconf 84' lang='lat' dir='ltr'><strong>omnibus</strong></span> <span class='ocrx_word' id='word_1_145' title='bbox 831 1667 989 1744; x_wconf 85' lang='lat' dir='ltr'><strong>adscivere,</strong></span> <span class='ocrx_word' id='word_1_146' title='bbox 1005 1676 1100 1727; x_wconf 87' lang='lat' dir='ltr'><strong>tamen</strong></span> <span class='ocrx_word' id='word_1_147' title='bbox 1155 1667 1393 1728; x_wconf 90' lang='lat' dir='ltr'><strong>Sacramentum</strong></span> <span class='ocrx_word' id='word_1_148' title='bbox 1414 1665 1474 1726; x_wconf 89' lang='lat' dir='ltr'><strong>rite</strong></span> <span class='ocrx_word' id='word_1_149' title='bbox 1502 1662 1731 1725; x_wconf 82' lang='lat' dir='ltr'><strong>conficiendum</strong></span> <span class='ocrx_word' id='word_1_150' title='bbox 1756 1658 1921 1733; x_wconf 81' lang='lat' dir='ltr'><strong>necessaria,</strong></span> 
     </span>
     <span class='ocr_line' id='line_1_14' title="bbox 310 1750 1636 1839; baseline -0.002 -26"><span class='ocrx_word' id='word_1_151' title='bbox 310 1761 422 1814; x_wconf 87' lang='lat' dir='ltr'><strong>tenetur</strong></span> <span class='ocrx_word' id='word_1_152' title='bbox 430 1757 572 1834; x_wconf 74' lang='lat' dir='ltr'><strong>penitens</strong></span> <span class='ocrx_word' id='word_1_153' title='bbox 585 1757 613 1818; x_wconf 85' lang='lat' dir='ltr'><strong>ci</strong></span> <span class='ocrx_word' id='word_1_154' title='bbox 624 1758 723 1819; x_wconf 87' lang='lat' dir='ltr'><strong>omnic</strong></span> <span class='ocrx_word' id='word_1_155' title='bbox 741 1757 887 1839; x_wconf 75' lang='lat' dir='ltr'><strong>confiteri,</strong></span> <span class='ocrx_word' id='word_1_156' title='bbox 904 1767 938 1818; x_wconf 86' lang='lat' dir='ltr'><strong>ut</strong></span> <span class='ocrx_word' id='word_1_157' title='bbox 956 1755 1100 1836; x_wconf 85' lang='lat' dir='ltr'><strong>quantita·</strong></span> <span class='ocrx_word' id='word_1_158' title='bbox 1156 1755 1243 1815; x_wconf 88' lang='lat' dir='ltr'><strong>unde</strong></span> <span class='ocrx_word' id='word_1_159' title='bbox 1258 1759 1342 1817; x_wconf 86' lang='lat' dir='ltr'><strong>esset</strong></span> <span class='ocrx_word' id='word_1_160' title='bbox 1356 1754 1444 1816; x_wconf 86' lang='lat' dir='ltr'><strong>irrita</strong></span> <span class='ocrx_word' id='word_1_161' title='bbox 1458 1750 1636 1814; x_wconf 80' lang='lat' dir='ltr'><strong>absolutio?</strong></span> 
     </span>
    </p>

    <p class='ocr_par' dir='ltr' id='par_1_3' title="bbox 311 1832 1926 2014">
     <span class='ocr_line' id='line_1_15' title="bbox 311 1832 1926 1926; baseline -0.005 -25"><span class='ocrx_word' id='word_1_162' title='bbox 311 1849 368 1902; x_wconf 86' lang='lat' dir='ltr'><strong>tem</strong></span> <span class='ocrx_word' id='word_1_163' title='bbox 383 1843 473 1902; x_wconf 78' lang='lat' dir='ltr'><strong>totitas</strong></span> <span class='ocrx_word' id='word_1_164' title='bbox 486 1843 581 1924; x_wconf 75' lang='lat' dir='ltr'><strong>culpe</strong></span> <span class='ocrx_word' id='word_1_165' title='bbox 593 1853 755 1926; x_wconf 73' lang='lat' dir='ltr'><strong>cognoscat,</strong></span> <span class='ocrx_word' id='word_1_166' title='bbox 770 1853 799 1906; x_wconf 90' lang='lat' dir='ltr'><strong>et</strong></span> <span class='ocrx_word' id='word_1_167' title='bbox 820 1844 855 1906; x_wconf 86' lang='lat' dir='ltr'><strong>de</strong></span> <span class='ocrx_word' id='word_1_168' title='bbox 869 1845 928 1906; x_wconf 87' lang='lat' dir='ltr'><strong>illis</strong></span> <span class='ocrx_word' id='word_1_169' title='bbox 948 1841 1101 1924; x_wconf 82' lang='lat' dir='ltr'><strong>dequibus</strong></span> <span class='ocrx_word' id='word_1_170' title='bbox 1196 1841 1305 1916; x_wconf 78' lang='lat' dir='ltr'><strong>Quasi.</strong></span> <span class='ocrx_word' id='word_1_171' title='bbox 1321 1847 1370 1904; x_wconf 65' lang='lat' dir='ltr'><strong>tl.</strong></span> <span class='ocrx_word' id='word_1_172' title='bbox 1381 1877 1422 1888; x_wconf 91' lang='lat'><em>-</em></span> <span class='ocrx_word' id='word_1_173' title='bbox 1433 1840 1559 1916; x_wconf 86' lang='lat' dir='ltr'><strong>Quinam</strong></span> <span class='ocrx_word' id='word_1_174' title='bbox 1571 1839 1630 1900; x_wconf 88' lang='lat' dir='ltr'><strong>sint</strong></span> <span class='ocrx_word' id='word_1_175' title='bbox 1644 1835 1696 1898; x_wconf 79' lang='lat' dir='ltr'><strong>itti</strong></span> <span class='ocrx_word' id='word_1_176' title='bbox 1705 1855 1788 1898; x_wconf 75' lang='lat' dir='ltr'><strong>casm</strong></span> <span class='ocrx_word' id='word_1_177' title='bbox 1801 1832 1833 1894; x_wconf 85' lang='lat' dir='ltr'><strong>in</strong></span> <span class='ocrx_word' id='word_1_178' title='bbox 1843 1832 1926 1915; x_wconf 80' lang='lat' dir='ltr'><strong>quidm</strong></span> 
     </span>
     <span class='ocr_line' id='line_1_16' title="bbox 311 1921 1926 2014; baseline -0.004 -26"><span class='ocrx_word' id='word_1_179' title='bbox 311 1947 369 1988; x_wconf 88' lang='lat' dir='ltr'><strong>non</strong></span> <span class='ocrx_word' id='word_1_180' title='bbox 379 1937 473 2009; x_wconf 86' lang='lat' dir='ltr'><strong>potest</strong></span> <span class='ocrx_word' id='word_1_181' title='bbox 485 1929 642 2008; x_wconf 82' lang='lat' dir='ltr'><strong>absolvere,</strong></span> <span class='ocrx_word' id='word_1_182' title='bbox 658 1930 698 1992; x_wconf 82' lang='lat' dir='ltr'><strong>ad</strong></span> <span class='ocrx_word' id='word_1_183' title='bbox 711 1933 900 2014; x_wconf 77' lang='lat' dir='ltr'><strong>Superiorem</strong></span> <span class='ocrx_word' id='word_1_184' title='bbox 917 1931 1059 1992; x_wconf 89' lang='lat' dir='ltr'><strong>remittat.</strong></span> <span class='ocrx_word' id='word_1_185' title='bbox 1154 1931 1202 2012; x_wconf 66' lang='lat' dir='ltr'><strong>scs</strong></span> <span class='ocrx_word' id='word_1_186' title='bbox 1211 1939 1251 1992; x_wconf 89' lang='lat' dir='ltr'><strong>est</strong></span> <span class='ocrx_word' id='word_1_187' title='bbox 1265 1931 1405 2011; x_wconf 83' lang='lat' dir='ltr'><strong>inferiori</strong></span> <span class='ocrx_word' id='word_1_188' title='bbox 1413 1928 1596 1992; x_wconf 79' lang='lat' dir='ltr'><strong>Sacerdotis</strong></span> <span class='ocrx_word' id='word_1_189' title='bbox 1610 1925 1763 1988; x_wconf 74' lang='lat' dir='ltr'><strong>reservatis</strong></span> <span class='ocrx_word' id='word_1_190' title='bbox 1775 1921 1926 1986; x_wconf 78' lang='lat' dir='ltr'><strong>criminibus</strong></span> 
     </span>
    </p>

    <p class='ocr_par' dir='ltr' id='par_1_4' title="bbox 312 2015 1936 4286">
     <span class='ocr_line' id='line_1_17' title="bbox 354 2015 1671 2100; baseline -0.001 -24"><span class='ocrx_word' id='word_1_191' title='bbox 354 2016 479 2097; x_wconf 85' lang='lat' dir='ltr'><strong>Odjicies</strong></span> <span class='ocrx_word' id='word_1_192' title='bbox 492 2020 521 2080; x_wconf 79' lang='lat'><strong>2.</strong></span> <span class='ocrx_word' id='word_1_193' title='bbox 539 2021 612 2080; x_wconf 84' lang='lat' dir='ltr'><strong>Haec</strong></span> <span class='ocrx_word' id='word_1_194' title='bbox 627 2021 781 2082; x_wconf 90' lang='lat' dir='ltr'><strong>sententia</strong></span> <span class='ocrx_word' id='word_1_195' title='bbox 803 2025 959 2100; x_wconf 83' lang='lat' dir='ltr'><strong>repugnat</strong></span> <span class='ocrx_word' id='word_1_196' title='bbox 972 2018 1101 2080; x_wconf 83' lang='lat' dir='ltr'><strong>Triden·</strong></span> <span class='ocrx_word' id='word_1_197' title='bbox 1150 2019 1334 2099; x_wconf 77' lang='lat' dir='ltr'><strong>penitentem</strong></span> <span class='ocrx_word' id='word_1_198' title='bbox 1349 2018 1489 2080; x_wconf 84' lang='lat' dir='ltr'><strong>indirecte</strong></span> <span class='ocrx_word' id='word_1_199' title='bbox 1501 2015 1671 2078; x_wconf 82' lang='lat' dir='ltr'><strong>absoluere?</strong></span> 
     </span>
     <span class='ocr_line' id='line_1_18' title="bbox 312 2101 1925 2186; baseline -0.002 -20"><span class='ocrx_word' id='word_1_200' title='bbox 312 2102 368 2166; x_wconf 93' lang='lat' dir='ltr'><strong>tini</strong></span> <span class='ocrx_word' id='word_1_201' title='bbox 383 2106 513 2168; x_wconf 80' lang='lat' dir='ltr'><strong>Decreta</strong></span> <span class='ocrx_word' id='word_1_202' title='bbox 529 2106 716 2170; x_wconf 90' lang='lat' dir='ltr'><strong>declarantis</strong></span> <span class='ocrx_word' id='word_1_203' title='bbox 729 2108 891 2170; x_wconf 83' lang='lat' dir='ltr'><strong>inferiores</strong></span> <span class='ocrx_word' id='word_1_204' title='bbox 916 2106 1102 2170; x_wconf 87' lang='lat' dir='ltr'><strong>Sacerdotes</strong></span> <span class='ocrx_word' id='word_1_205' title='bbox 1198 2109 1291 2186; x_wconf 87' lang='lat' dir='ltr'><strong>Resp.</strong></span> <span class='ocrx_word' id='word_1_206' title='bbox 1308 2108 1416 2168; x_wconf 89' lang='lat' dir='ltr'><strong>Plures</strong></span> <span class='ocrx_word' id='word_1_207' title='bbox 1431 2105 1585 2186; x_wconf 85' lang='lat' dir='ltr'><strong>ejusmodi</strong></span> <span class='ocrx_word' id='word_1_208' title='bbox 1599 2122 1690 2166; x_wconf 88' lang='lat' dir='ltr'><strong>casus</strong></span> <span class='ocrx_word' id='word_1_209' title='bbox 1704 2101 1822 2182; x_wconf 89' lang='lat' dir='ltr'><strong>passim</strong></span> <span class='ocrx_word' id='word_1_210' title='bbox 1837 2103 1925 2162; x_wconf 82' lang='lat' dir='ltr'><strong>abac</strong></span> 
     </span>
     <span class='ocr_line' id='line_1_19' title="bbox 313 2187 1925 2276; baseline -0.004 -24"><span class='ocrx_word' id='word_1_211' title='bbox 313 2191 344 2252; x_wconf 91' lang='lat' dir='ltr'><strong>in</strong></span> <span class='ocrx_word' id='word_1_212' title='bbox 373 2194 540 2255; x_wconf 82' lang='lat' dir='ltr'><strong>reservatis</strong></span> <span class='ocrx_word' id='word_1_213' title='bbox 567 2196 691 2257; x_wconf 87' lang='lat' dir='ltr'><strong>casibus</strong></span> <span class='ocrx_word' id='word_1_214' title='bbox 718 2197 795 2258; x_wconf 89' lang='lat' dir='ltr'><strong>nihil</strong></span> <span class='ocrx_word' id='word_1_215' title='bbox 823 2215 913 2276; x_wconf 91' lang='lat' dir='ltr'><strong>posse</strong></span> <span class='ocrx_word' id='word_1_216' title='bbox 938 2216 946 2270; x_wconf 86' lang='lat'>;</span> <span class='ocrx_word' id='word_1_217' title='bbox 976 2193 1104 2275; x_wconf 88' lang='lat' dir='ltr'><strong>possent</strong></span> <span class='ocrx_word' id='word_1_218' title='bbox 1156 2193 1277 2256; x_wconf 91' lang='lat' dir='ltr'><strong>toribus</strong></span> <span class='ocrx_word' id='word_1_219' title='bbox 1295 2194 1506 2273; x_wconf 86' lang='lat' dir='ltr'><strong>assignantur,</strong></span> <span class='ocrx_word' id='word_1_220' title='bbox 1532 2192 1587 2254; x_wconf 92' lang='lat' dir='ltr'><strong>sed</strong></span> <span class='ocrx_word' id='word_1_221' title='bbox 1610 2191 1651 2252; x_wconf 90' lang='lat' dir='ltr'><strong>ad</strong></span> <span class='ocrx_word' id='word_1_222' title='bbox 1675 2193 1811 2270; x_wconf 92' lang='lat' dir='ltr'><strong>quatuor</strong></span> <span class='ocrx_word' id='word_1_223' title='bbox 1827 2187 1925 2268; x_wconf 78' lang='lat' dir='ltr'><strong>potissi</strong></span> 
     </span>
     <span class='ocr_line' id='line_1_20' title="bbox 313 2279 1926 2363; baseline -0.002 -23"><span class='ocrx_word' id='word_1_224' title='bbox 313 2285 419 2340; x_wconf 86' lang='lat' dir='ltr'><strong>autem</strong></span> <span class='ocrx_word' id='word_1_225' title='bbox 441 2280 472 2341; x_wconf 92' lang='lat' dir='ltr'><strong>in</strong></span> <span class='ocrx_word' id='word_1_226' title='bbox 490 2281 563 2350; x_wconf 86' lang='lat' dir='ltr'><strong>¹illas</strong></span> <span class='ocrx_word' id='word_1_227' title='bbox 585 2283 713 2363; x_wconf 87' lang='lat' dir='ltr'><strong>aliquid,</strong></span> <span class='ocrx_word' id='word_1_228' title='bbox 739 2283 764 2344; x_wconf 90' lang='lat' dir='ltr'><strong>si</strong></span> <span class='ocrx_word' id='word_1_229' title='bbox 793 2285 833 2346; x_wconf 88' lang='lat' dir='ltr'><strong>ab</strong></span> <span class='ocrx_word' id='word_1_230' title='bbox 861 2284 921 2345; x_wconf 92' lang='lat' dir='ltr'><strong>illis</strong></span> <span class='ocrx_word' id='word_1_231' title='bbox 940 2283 1102 2344; x_wconf 85' lang='lat' dir='ltr'><strong>absolvere</strong></span> <span class='ocrx_word' id='word_1_232' title='bbox 1157 2296 1245 2340; x_wconf 91' lang='lat' dir='ltr'><strong>mum</strong></span> <span class='ocrx_word' id='word_1_233' title='bbox 1259 2281 1400 2341; x_wconf 87' lang='lat' dir='ltr'><strong>revocari</strong></span> <span class='ocrx_word' id='word_1_234' title='bbox 1414 2284 1555 2358; x_wconf 90' lang='lat' dir='ltr'><strong>possunt.</strong></span> <span class='ocrx_word' id='word_1_235' title='bbox 1567 2279 1690 2339; x_wconf 87' lang='lat' dir='ltr'><strong>Primus</strong></span> <span class='ocrx_word' id='word_1_236' title='bbox 1704 2279 1754 2338; x_wconf 90' lang='lat' dir='ltr'><strong>est</strong></span> <span class='ocrx_word' id='word_1_237' title='bbox 1768 2294 1838 2338; x_wconf 93' lang='lat' dir='ltr'><strong>cum</strong></span> <span class='ocrx_word' id='word_1_238' title='bbox 1854 2279 1926 2354; x_wconf 87' lang='lat' dir='ltr'><strong>urget</strong></span> 
     </span>
     <span class='ocr_line' id='line_1_21' title="bbox 312 2363 1926 2450; baseline -0.006 -21"><span class='ocrx_word' id='word_1_239' title='bbox 312 2366 464 2429; x_wconf 88' lang='lat' dir='ltr'><strong>indirecte</strong></span> <span class='ocrx_word' id='word_1_240' title='bbox 486 2374 623 2446; x_wconf 90' lang='lat' dir='ltr'><strong>possent.</strong></span> <span class='ocrx_word' id='word_1_241' title='bbox 647 2372 741 2450; x_wconf 77' lang='lat' dir='ltr'><strong>ltrgo,</strong></span> <span class='ocrx_word' id='word_1_242' title='bbox 765 2377 824 2433; x_wconf 88' lang='lat' dir='ltr'><strong>etc.</strong></span> <span class='ocrx_word' id='word_1_243' title='bbox 851 2374 944 2450; x_wconf 84' lang='lat' dir='ltr'><strong>ltesp.</strong></span> <span class='ocrx_word' id='word_1_244' title='bbox 961 2373 997 2431; x_wconf 92' lang='lat' dir='ltr'><strong>N.</strong></span> <span class='ocrx_word' id='word_1_245' title='bbox 1028 2373 1101 2433; x_wconf 86' lang='lat' dir='ltr'><strong>Ant.</strong></span> <span class='ocrx_word' id='word_1_246' title='bbox 1157 2371 1351 2445; x_wconf 75' lang='lat' dir='ltr'><strong>praeceptum</strong></span> <span class='ocrx_word' id='word_1_247' title='bbox 1369 2384 1483 2428; x_wconf 84' lang='lat' dir='ltr'><strong>annuae</strong></span> <span class='ocrx_word' id='word_1_248' title='bbox 1496 2363 1716 2440; x_wconf 74' lang='lat' dir='ltr'><strong>confessionis,</strong></span> <span class='ocrx_word' id='word_1_249' title='bbox 1733 2367 1873 2442; x_wconf 86' lang='lat' dir='ltr'><strong>peccator</strong></span> <span class='ocrx_word' id='word_1_250' title='bbox 1888 2381 1926 2420; x_wconf 80' lang='lat' dir='ltr'><strong>re</strong></span> 
     </span>
     <span class='ocr_line' id='line_1_22' title="bbox 313 2453 1927 2534; baseline -0.002 -20"><span class='ocrx_word' id='word_1_251' title='bbox 313 2456 420 2534; x_wconf 87' lang='lat' dir='ltr'><strong>Neque</strong></span> <span class='ocrx_word' id='word_1_252' title='bbox 449 2455 533 2516; x_wconf 91' lang='lat' dir='ltr'><strong>enim</strong></span> <span class='ocrx_word' id='word_1_253' title='bbox 560 2457 670 2520; x_wconf 89' lang='lat' dir='ltr'><strong>asserit</strong></span> <span class='ocrx_word' id='word_1_254' title='bbox 696 2457 913 2522; x_wconf 71' lang='lat' dir='ltr'><strong>&#39;tridentinum</strong></span> <span class='ocrx_word' id='word_1_255' title='bbox 941 2457 1103 2519; x_wconf 85' lang='lat' dir='ltr'><strong>inferiores</strong></span> <span class='ocrx_word' id='word_1_256' title='bbox 1158 2472 1194 2516; x_wconf 92' lang='lat' dir='ltr'><strong>ro</strong></span> <span class='ocrx_word' id='word_1_257' title='bbox 1215 2458 1447 2516; x_wconf 88' lang='lat' dir='ltr'><strong>reservatorum</strong></span> <span class='ocrx_word' id='word_1_258' title='bbox 1472 2453 1638 2514; x_wconf 84' lang='lat' dir='ltr'><strong>criminum</strong></span> <span class='ocrx_word' id='word_1_259' title='bbox 1660 2471 1756 2528; x_wconf 91' lang='lat' dir='ltr'><strong>reus,</strong></span> <span class='ocrx_word' id='word_1_260' title='bbox 1780 2469 1835 2512; x_wconf 91' lang='lat' dir='ltr'><strong>nec</strong></span> <span class='ocrx_word' id='word_1_261' title='bbox 1854 2467 1927 2529; x_wconf 78' lang='lat' dir='ltr'><strong>supe</strong></span> 
     </span>
     <span class='ocr_line' id='line_1_23' title="bbox 314 2538 1927 2622; baseline -0.004 -18"><span class='ocrx_word' id='word_1_262' title='bbox 314 2540 500 2604; x_wconf 87' lang='lat' dir='ltr'><strong>Sacerdotes</strong></span> <span class='ocrx_word' id='word_1_263' title='bbox 527 2541 559 2600; x_wconf 91' lang='lat' dir='ltr'><strong>in</strong></span> <span class='ocrx_word' id='word_1_264' title='bbox 586 2547 767 2620; x_wconf 87' lang='lat' dir='ltr'><strong>peccatores</strong></span> <span class='ocrx_word' id='word_1_265' title='bbox 788 2544 911 2605; x_wconf 90' lang='lat' dir='ltr'><strong>casibus</strong></span> <span class='ocrx_word' id='word_1_266' title='bbox 939 2542 1104 2604; x_wconf 86' lang='lat' dir='ltr'><strong>reservatis</strong></span> <span class='ocrx_word' id='word_1_267' title='bbox 1158 2542 1284 2620; x_wconf 90' lang='lat' dir='ltr'><strong>rioram,</strong></span> <span class='ocrx_word' id='word_1_268' title='bbox 1309 2561 1368 2603; x_wconf 92' lang='lat' dir='ltr'><strong>nec</strong></span> <span class='ocrx_word' id='word_1_269' title='bbox 1387 2543 1565 2622; x_wconf 89' lang='lat' dir='ltr'><strong>delegatum</strong></span> <span class='ocrx_word' id='word_1_270' title='bbox 1588 2559 1645 2619; x_wconf 93' lang='lat' dir='ltr'><strong>per</strong></span> <span class='ocrx_word' id='word_1_271' title='bbox 1668 2559 1702 2601; x_wconf 88' lang='lat' dir='ltr'><strong>se</strong></span> <span class='ocrx_word' id='word_1_272' title='bbox 1721 2543 1777 2602; x_wconf 91' lang='lat' dir='ltr'><strong>aut</strong></span> <span class='ocrx_word' id='word_1_273' title='bbox 1790 2538 1927 2601; x_wconf 75' lang='lat' dir='ltr'><strong>Ganlema·</strong></span> 
     </span>
     <span class='ocr_line' id='line_1_24' title="bbox 314 2626 1927 2709; baseline -0.004 -21"><span class='ocrx_word' id='word_1_274' title='bbox 314 2627 478 2688; x_wconf 89' lang='lat' dir='ltr'><strong>obstrictos</strong></span> <span class='ocrx_word' id='word_1_275' title='bbox 505 2627 583 2689; x_wconf 90' lang='lat' dir='ltr'><strong>nihil</strong></span> <span class='ocrx_word' id='word_1_276' title='bbox 609 2629 735 2690; x_wconf 91' lang='lat' dir='ltr'><strong>omnino</strong></span> <span class='ocrx_word' id='word_1_277' title='bbox 764 2649 867 2709; x_wconf 85' lang='lat' dir='ltr'><strong>passe,</strong></span> <span class='ocrx_word' id='word_1_278' title='bbox 894 2629 949 2690; x_wconf 87' lang='lat' dir='ltr'><strong>aed</strong></span> <span class='ocrx_word' id='word_1_279' title='bbox 973 2629 1005 2688; x_wconf 90' lang='lat' dir='ltr'><strong>in</strong></span> <span class='ocrx_word' id='word_1_280' title='bbox 1028 2628 1104 2707; x_wconf 92' lang='lat' dir='ltr'><strong>ipsis</strong></span> <span class='ocrx_word' id='word_1_281' title='bbox 1159 2629 1241 2690; x_wconf 91' lang='lat' dir='ltr'><strong>rium</strong></span> <span class='ocrx_word' id='word_1_282' title='bbox 1255 2633 1358 2708; x_wconf 91' lang='lat' dir='ltr'><strong>potest</strong></span> <span class='ocrx_word' id='word_1_283' title='bbox 1377 2628 1556 2690; x_wconf 88' lang='lat' dir='ltr'><strong>convenire.</strong></span> <span class='ocrx_word' id='word_1_284' title='bbox 1573 2629 1652 2690; x_wconf 89' lang='lat' dir='ltr'><strong>Cum</strong></span> <span class='ocrx_word' id='word_1_285' title='bbox 1666 2627 1753 2688; x_wconf 87' lang='lat' dir='ltr'><strong>enim</strong></span> <span class='ocrx_word' id='word_1_286' title='bbox 1766 2626 1859 2705; x_wconf 90' lang='lat' dir='ltr'><strong>possit</strong></span> <span class='ocrx_word' id='word_1_287' title='bbox 1869 2631 1927 2684; x_wconf 88' lang='lat' dir='ltr'><strong>tunc</strong></span> 
     </span>
     <span class='ocr_line' id='line_1_25' title="bbox 314 2713 1928 2799; baseline -0.003 -23"><span class='ocrx_word' id='word_1_288' title='bbox 314 2715 437 2776; x_wconf 89' lang='lat' dir='ltr'><strong>casibus</strong></span> <span class='ocrx_word' id='word_1_289' title='bbox 458 2717 633 2778; x_wconf 89' lang='lat' dir='ltr'><strong>reservatis.</strong></span> <span class='ocrx_word' id='word_1_290' title='bbox 661 2717 692 2779; x_wconf 93' lang='lat' dir='ltr'><strong>Si</strong></span> <span class='ocrx_word' id='word_1_291' title='bbox 717 2718 792 2799; x_wconf 92' lang='lat' dir='ltr'><strong>quid</strong></span> <span class='ocrx_word' id='word_1_292' title='bbox 814 2736 888 2798; x_wconf 91' lang='lat' dir='ltr'><strong>ergo</strong></span> <span class='ocrx_word' id='word_1_293' title='bbox 916 2723 1049 2797; x_wconf 88' lang='lat' dir='ltr'><strong>possunt</strong></span> <span class='ocrx_word' id='word_1_294' title='bbox 1071 2717 1103 2778; x_wconf 93' lang='lat' dir='ltr'><strong>in</strong></span> <span class='ocrx_word' id='word_1_295' title='bbox 1159 2717 1225 2777; x_wconf 92' lang='lat' dir='ltr'><strong>sine</strong></span> <span class='ocrx_word' id='word_1_296' title='bbox 1241 2717 1303 2777; x_wconf 90' lang='lat' dir='ltr'><strong>ulla</strong></span> <span class='ocrx_word' id='word_1_297' title='bbox 1324 2715 1522 2779; x_wconf 90' lang='lat' dir='ltr'><strong>incommoda</strong></span> <span class='ocrx_word' id='word_1_298' title='bbox 1541 2719 1736 2795; x_wconf 70' lang='lat' dir='ltr'><strong>preceptum</strong></span> <span class='ocrx_word' id='word_1_299' title='bbox 1760 2714 1820 2775; x_wconf 90' lang='lat' dir='ltr'><strong>hoc</strong></span> <span class='ocrx_word' id='word_1_300' title='bbox 1841 2713 1928 2774; x_wconf 89' lang='lat' dir='ltr'><strong>obser·</strong></span> 
     </span>
     <span class='ocr_line' id='line_1_26' title="bbox 315 2801 1927 2886; baseline -0.005 -21"><span class='ocrx_word' id='word_1_301' title='bbox 315 2803 495 2883; x_wconf 89' lang='lat' dir='ltr'><strong>hujusmodi</strong></span> <span class='ocrx_word' id='word_1_302' title='bbox 522 2808 714 2882; x_wconf 88' lang='lat' dir='ltr'><strong>peccatores,</strong></span> <span class='ocrx_word' id='word_1_303' title='bbox 744 2811 828 2869; x_wconf 89' lang='lat' dir='ltr'><strong>certe</strong></span> <span class='ocrx_word' id='word_1_304' title='bbox 852 2811 983 2886; x_wconf 90' lang='lat' dir='ltr'><strong>possunt</strong></span> <span class='ocrx_word' id='word_1_305' title='bbox 1006 2823 1060 2866; x_wconf 87' lang='lat' dir='ltr'><strong>eas</strong></span> <span class='ocrx_word' id='word_1_306' title='bbox 1087 2821 1107 2864; x_wconf 90' lang='lat' dir='ltr'><strong>a</strong></span> <span class='ocrx_word' id='word_1_307' title='bbox 1160 2823 1246 2880; x_wconf 88' lang='lat' dir='ltr'><strong>vare,</strong></span> <span class='ocrx_word' id='word_1_308' title='bbox 1270 2803 1493 2866; x_wconf 88' lang='lat' dir='ltr'><strong>nihilomnino</strong></span> <span class='ocrx_word' id='word_1_309' title='bbox 1518 2805 1565 2864; x_wconf 90' lang='lat' dir='ltr'><strong>est</strong></span> <span class='ocrx_word' id='word_1_310' title='bbox 1587 2821 1644 2864; x_wconf 94' lang='lat' dir='ltr'><strong>cur</strong></span> <span class='ocrx_word' id='word_1_311' title='bbox 1666 2801 1699 2862; x_wconf 91' lang='lat' dir='ltr'><strong>id</strong></span> <span class='ocrx_word' id='word_1_312' title='bbox 1720 2803 1864 2882; x_wconf 84' lang='lat' dir='ltr'><strong>praestare</strong></span> <span class='ocrx_word' id='word_1_313' title='bbox 1881 2816 1927 2860; x_wconf 91' lang='lat' dir='ltr'><strong>nou</strong></span> 
     </span>
     <span class='ocr_line' id='line_1_27' title="bbox 316 2889 1930 2974; baseline -0.004 -22"><span class='ocrx_word' id='word_1_314' title='bbox 316 2910 378 2953; x_wconf 93' lang='lat' dir='ltr'><strong>non</strong></span> <span class='ocrx_word' id='word_1_315' title='bbox 392 2893 559 2954; x_wconf 86' lang='lat' dir='ltr'><strong>reservatis</strong></span> <span class='ocrx_word' id='word_1_316' title='bbox 573 2892 690 2955; x_wconf 90' lang='lat' dir='ltr'><strong>directe</strong></span> <span class='ocrx_word' id='word_1_317' title='bbox 714 2895 894 2968; x_wconf 87' lang='lat' dir='ltr'><strong>absolvere;</strong></span> <span class='ocrx_word' id='word_1_318' title='bbox 917 2913 978 2974; x_wconf 90' lang='lat' dir='ltr'><strong>quo</strong></span> <span class='ocrx_word' id='word_1_319' title='bbox 1000 2895 1054 2956; x_wconf 82' lang='lat' dir='ltr'><strong>fiet</strong></span> <span class='ocrx_word' id='word_1_320' title='bbox 1072 2895 1107 2954; x_wconf 91' lang='lat' dir='ltr'><strong>ut</strong></span> <span class='ocrx_word' id='word_1_321' title='bbox 1162 2892 1286 2954; x_wconf 89' lang='lat' dir='ltr'><strong>debeat.</strong></span> <span class='ocrx_word' id='word_1_322' title='bbox 1316 2890 1440 2971; x_wconf 86' lang='lat' dir='ltr'><strong>Alioqui</strong></span> <span class='ocrx_word' id='word_1_323' title='bbox 1468 2891 1664 2970; x_wconf 89' lang='lat' dir='ltr'><strong>contingeret</strong></span> <span class='ocrx_word' id='word_1_324' title='bbox 1686 2889 1853 2970; x_wconf 86' lang='lat' dir='ltr'><strong>aliqnando</strong></span> <span class='ocrx_word' id='word_1_325' title='bbox 1873 2890 1930 2948; x_wconf 86' lang='lat' dir='ltr'><strong>uta</strong></span> 
     </span>
     <span class='ocr_line' id='line_1_28' title="bbox 317 2974 1930 3055; baseline -0.004 -14"><span class='ocrx_word' id='word_1_326' title='bbox 317 2997 355 3042; x_wconf 87' lang='lat' dir='ltr'><strong>ex</strong></span> <span class='ocrx_word' id='word_1_327' title='bbox 369 2977 522 3039; x_wconf 89' lang='lat' dir='ltr'><strong>accidenti</strong></span> <span class='ocrx_word' id='word_1_328' title='bbox 546 2983 578 3040; x_wconf 91' lang='lat' dir='ltr'><strong>et</strong></span> <span class='ocrx_word' id='word_1_329' title='bbox 599 2979 749 3041; x_wconf 89' lang='lat' dir='ltr'><strong>indirecte</strong></span> <span class='ocrx_word' id='word_1_330' title='bbox 764 2989 924 3042; x_wconf 90' lang='lat' dir='ltr'><strong>reservata</strong></span> <span class='ocrx_word' id='word_1_331' title='bbox 941 2980 1035 3042; x_wconf 89' lang='lat' dir='ltr'><strong>etiam</strong></span> <span class='ocrx_word' id='word_1_332' title='bbox 1050 2978 1108 3040; x_wconf 91' lang='lat' dir='ltr'><strong>cri·</strong></span> <span class='ocrx_word' id='word_1_333' title='bbox 1163 2980 1366 3041; x_wconf 87' lang='lat' dir='ltr'><strong>Sacramenta</strong></span> <span class='ocrx_word' id='word_1_334' title='bbox 1394 2977 1589 3040; x_wconf 88' lang='lat' dir='ltr'><strong>Poeniteatiaa</strong></span> <span class='ocrx_word' id='word_1_335' title='bbox 1616 2994 1673 3055; x_wconf 91' lang='lat' dir='ltr'><strong>per</strong></span> <span class='ocrx_word' id='word_1_336' title='bbox 1709 2993 1810 3036; x_wconf 88' lang='lat' dir='ltr'><strong>annas</strong></span> <span class='ocrx_word' id='word_1_337' title='bbox 1838 2974 1930 3034; x_wconf 82' lang='lat' dir='ltr'><strong>muns</strong></span> 
     </span>
     <span class='ocr_line' id='line_1_29' title="bbox 312 3060 1929 3146; baseline -0.003 -20"><span class='ocrx_word' id='word_1_338' title='bbox 312 3065 402 3126; x_wconf 84' lang='lat' dir='ltr'><strong>mina</strong></span> <span class='ocrx_word' id='word_1_339' title='bbox 416 3064 588 3127; x_wconf 90' lang='lat' dir='ltr'><strong>deleantur.</strong></span> <span class='ocrx_word' id='word_1_340' title='bbox 601 3069 708 3146; x_wconf 91' lang='lat' dir='ltr'><strong>Neque</strong></span> <span class='ocrx_word' id='word_1_341' title='bbox 723 3071 797 3129; x_wconf 88' lang='lat' dir='ltr'><strong>tuuc</strong></span> <span class='ocrx_word' id='word_1_342' title='bbox 811 3068 940 3129; x_wconf 80' lang='lat' dir='ltr'><strong>interior</strong></span> <span class='ocrx_word' id='word_1_343' title='bbox 954 3067 1108 3130; x_wconf 85' lang='lat' dir='ltr'><strong>Sacerdos</strong></span> <span class='ocrx_word' id='word_1_344' title='bbox 1163 3067 1320 3130; x_wconf 89' lang='lat' dir='ltr'><strong>abstinere</strong></span> <span class='ocrx_word' id='word_1_345' title='bbox 1334 3066 1418 3129; x_wconf 86' lang='lat' dir='ltr'><strong>licite</strong></span> <span class='ocrx_word' id='word_1_346' title='bbox 1442 3069 1568 3146; x_wconf 81' lang='lat' dir='ltr'><strong>posset3</strong></span> <span class='ocrx_word' id='word_1_347' title='bbox 1585 3064 1708 3128; x_wconf 89' lang='lat' dir='ltr'><strong>etiamsi</strong></span> <span class='ocrx_word' id='word_1_348' title='bbox 1728 3065 1849 3126; x_wconf 89' lang='lat' dir='ltr'><strong>adesset</strong></span> <span class='ocrx_word' id='word_1_349' title='bbox 1861 3060 1929 3142; x_wconf 86' lang='lat' dir='ltr'><strong>copia</strong></span> 
     </span>
     <span class='ocr_line' id='line_1_30' title="bbox 317 3153 1523 3236; baseline 0 -20"><span class='ocrx_word' id='word_1_350' title='bbox 317 3154 349 3216; x_wconf 90' lang='lat' dir='ltr'><strong>in</strong></span> <span class='ocrx_word' id='word_1_351' title='bbox 363 3153 535 3216; x_wconf 82' lang='lat' dir='ltr'><strong>Tridentini</strong></span> <span class='ocrx_word' id='word_1_352' title='bbox 559 3159 751 3234; x_wconf 79' lang='lat' dir='ltr'><strong>praeceptum</strong></span> <span class='ocrx_word' id='word_1_353' title='bbox 775 3156 930 3218; x_wconf 89' lang='lat' dir='ltr'><strong>ullatenus</strong></span> <span class='ocrx_word' id='word_1_354' title='bbox 945 3160 1065 3236; x_wconf 87' lang='lat' dir='ltr'><strong>peceat,</strong></span> <span class='ocrx_word' id='word_1_355' title='bbox 1082 3153 1108 3215; x_wconf 93' lang='lat' dir='ltr'><strong>si</strong></span> <span class='ocrx_word' id='word_1_356' title='bbox 1164 3154 1318 3216; x_wconf 87' lang='lat' dir='ltr'><strong>inferioris</strong></span> <span class='ocrx_word' id='word_1_357' title='bbox 1334 3153 1523 3218; x_wconf 90' lang='lat' dir='ltr'><strong>Sacerdotis.</strong></span> 
     </span>
     <span class='ocr_line' id='line_1_31' title="bbox 317 3232 1932 3323; baseline -0.007 -19"><span class='ocrx_word' id='word_1_358' title='bbox 317 3241 504 3322; x_wconf 86' lang='lat' dir='ltr'><strong>poenitentes</strong></span> <span class='ocrx_word' id='word_1_359' title='bbox 518 3241 587 3304; x_wconf 92' lang='lat' dir='ltr'><strong>illos</strong></span> <span class='ocrx_word' id='word_1_360' title='bbox 601 3243 705 3323; x_wconf 89' lang='lat' dir='ltr'><strong>quoad</strong></span> <span class='ocrx_word' id='word_1_361' title='bbox 720 3247 879 3306; x_wconf 89' lang='lat' dir='ltr'><strong>reservata</strong></span> <span class='ocrx_word' id='word_1_362' title='bbox 898 3244 938 3304; x_wconf 92' lang='lat' dir='ltr'><strong>ad</strong></span> <span class='ocrx_word' id='word_1_363' title='bbox 962 3241 1110 3323; x_wconf 89' lang='lat' dir='ltr'><strong>Superia-</strong></span> <span class='ocrx_word' id='word_1_364' title='bbox 1205 3243 1369 3305; x_wconf 89' lang='lat' dir='ltr'><strong>Secundus</strong></span> <span class='ocrx_word' id='word_1_365' title='bbox 1392 3259 1483 3303; x_wconf 90' lang='lat' dir='ltr'><strong>casus</strong></span> <span class='ocrx_word' id='word_1_366' title='bbox 1506 3243 1553 3301; x_wconf 90' lang='lat' dir='ltr'><strong>est</strong></span> <span class='ocrx_word' id='word_1_367' title='bbox 1579 3237 1750 3301; x_wconf 86' lang='lat' dir='ltr'><strong>necessitas</strong></span> <span class='ocrx_word' id='word_1_368' title='bbox 1768 3232 1932 3318; x_wconf 85' lang='lat' dir='ltr'><strong>suscipiendi</strong></span> 
     </span>
     <span class='ocr_line' id='line_1_32' title="bbox 318 3325 1933 3412; baseline -0.006 -20"><span class='ocrx_word' id='word_1_369' title='bbox 318 3350 386 3393; x_wconf 90' lang='lat' dir='ltr'><strong>rem</strong></span> <span class='ocrx_word' id='word_1_370' title='bbox 400 3331 555 3404; x_wconf 68' lang='lat' dir='ltr'><strong>ramittam</strong></span> <span class='ocrx_word' id='word_1_371' title='bbox 572 3332 656 3411; x_wconf 92' lang='lat' dir='ltr'><strong>quod</strong></span> <span class='ocrx_word' id='word_1_372' title='bbox 678 3351 776 3393; x_wconf 88' lang='lat' dir='ltr'><strong>unum</strong></span> <span class='ocrx_word' id='word_1_373' title='bbox 790 3333 932 3412; x_wconf 89' lang='lat' dir='ltr'><strong>praecipit</strong></span> <span class='ocrx_word' id='word_1_374' title='bbox 952 3331 1109 3396; x_wconf 83' lang='lat' dir='ltr'><strong>Tridenti-</strong></span> <span class='ocrx_word' id='word_1_375' title='bbox 1163 3329 1405 3406; x_wconf 85' lang='lat' dir='ltr'><strong>Eucharistiam,</strong></span> <span class='ocrx_word' id='word_1_376' title='bbox 1421 3333 1476 3390; x_wconf 90' lang='lat' dir='ltr'><strong>aut</strong></span> <span class='ocrx_word' id='word_1_377' title='bbox 1489 3344 1614 3388; x_wconf 88' lang='lat' dir='ltr'><strong>sacrum</strong></span> <span class='ocrx_word' id='word_1_378' title='bbox 1630 3325 1780 3403; x_wconf 88' lang='lat' dir='ltr'><strong>faciendi,</strong></span> <span class='ocrx_word' id='word_1_379' title='bbox 1796 3343 1863 3388; x_wconf 89' lang='lat' dir='ltr'><strong>cum</strong></span> <span class='ocrx_word' id='word_1_380' title='bbox 1874 3341 1933 3384; x_wconf 86' lang='lat' dir='ltr'><strong>neu·</strong></span> 
     </span>
     <span class='ocr_line' id='line_1_33' title="bbox 318 3410 1933 3498; baseline -0.006 -19"><span class='ocrx_word' id='word_1_381' title='bbox 318 3437 406 3480; x_wconf 90' lang='lat' dir='ltr'><strong>num.</strong></span> <span class='ocrx_word' id='word_1_382' title='bbox 436 3421 591 3480; x_wconf 79' lang='lat' dir='ltr'><strong>Praeterea</strong></span> <span class='ocrx_word' id='word_1_383' title='bbox 617 3417 645 3478; x_wconf 91' lang='lat' dir='ltr'><strong>si</strong></span> <span class='ocrx_word' id='word_1_384' title='bbox 672 3417 740 3480; x_wconf 79' lang='lat' dir='ltr'><strong>haec</strong></span> <span class='ocrx_word' id='word_1_385' title='bbox 767 3420 923 3481; x_wconf 88' lang='lat' dir='ltr'><strong>sententia</strong></span> <span class='ocrx_word' id='word_1_386' title='bbox 952 3423 1108 3498; x_wconf 89' lang='lat' dir='ltr'><strong>praecepto</strong></span> <span class='ocrx_word' id='word_1_387' title='bbox 1165 3425 1250 3483; x_wconf 90' lang='lat' dir='ltr'><strong>trum</strong></span> <span class='ocrx_word' id='word_1_388' title='bbox 1264 3420 1331 3481; x_wconf 88' lang='lat' dir='ltr'><strong>sine</strong></span> <span class='ocrx_word' id='word_1_389' title='bbox 1345 3417 1434 3497; x_wconf 89' lang='lat' dir='ltr'><strong>gravi</strong></span> <span class='ocrx_word' id='word_1_390' title='bbox 1449 3410 1933 3478; x_wconf 83' lang='lat' dir='ltr'><strong>offensioneautulioincommodo</strong></span> 
     </span>
     <span class='ocr_line' id='line_1_34' title="bbox 319 3499 1934 3586; baseline -0.007 -18"><span class='ocrx_word' id='word_1_391' title='bbox 319 3504 495 3568; x_wconf 87' lang='lat' dir='ltr'><strong>Tridentini</strong></span> <span class='ocrx_word' id='word_1_392' title='bbox 507 3510 708 3584; x_wconf 80' lang='lat' dir='ltr'><strong>repugnaret,</strong></span> <span class='ocrx_word' id='word_1_393' title='bbox 726 3510 807 3568; x_wconf 91' lang='lat' dir='ltr'><strong>esset</strong></span> <span class='ocrx_word' id='word_1_394' title='bbox 821 3506 864 3567; x_wconf 91' lang='lat' dir='ltr'><strong>illi</strong></span> <span class='ocrx_word' id='word_1_395' title='bbox 884 3506 1002 3585; x_wconf 85' lang='lat' dir='ltr'><strong>pariter</strong></span> <span class='ocrx_word' id='word_1_396' title='bbox 1015 3524 1110 3585; x_wconf 94' lang='lat' dir='ltr'><strong>oppo-</strong></span> <span class='ocrx_word' id='word_1_397' title='bbox 1166 3507 1266 3569; x_wconf 85' lang='lat' dir='ltr'><strong>omitti</strong></span> <span class='ocrx_word' id='word_1_398' title='bbox 1281 3508 1400 3586; x_wconf 90' lang='lat' dir='ltr'><strong>potest;</strong></span> <span class='ocrx_word' id='word_1_399' title='bbox 1418 3504 1573 3585; x_wconf 90' lang='lat' dir='ltr'><strong>quiatunc</strong></span> <span class='ocrx_word' id='word_1_400' title='bbox 1587 3502 1640 3582; x_wconf 90' lang='lat' dir='ltr'><strong>qui</strong></span> <span class='ocrx_word' id='word_1_401' title='bbox 1649 3501 1710 3564; x_wconf 92' lang='lat' dir='ltr'><strong>sibi</strong></span> <span class='ocrx_word' id='word_1_402' title='bbox 1724 3501 1843 3580; x_wconf 87' lang='lat' dir='ltr'><strong>peccati</strong></span> <span class='ocrx_word' id='word_1_403' title='bbox 1855 3499 1934 3560; x_wconf 86' lang='lat' dir='ltr'><strong>letha-</strong></span> 
     </span>
     <span class='ocr_line' id='line_1_35' title="bbox 321 3587 1934 3672; baseline -0.006 -16"><span class='ocrx_word' id='word_1_404' title='bbox 321 3593 381 3656; x_wconf 89' lang='lat' dir='ltr'><strong>sita</strong></span> <span class='ocrx_word' id='word_1_405' title='bbox 394 3591 557 3669; x_wconf 86' lang='lat' dir='ltr'><strong>sententia,</strong></span> <span class='ocrx_word' id='word_1_406' title='bbox 584 3611 653 3672; x_wconf 80' lang='lat' dir='ltr'><strong>quas</strong></span> <span class='ocrx_word' id='word_1_407' title='bbox 677 3593 770 3654; x_wconf 90' lang='lat' dir='ltr'><strong>dccet</strong></span> <span class='ocrx_word' id='word_1_408' title='bbox 791 3597 895 3655; x_wconf 90' lang='lat' dir='ltr'><strong>ratum</strong></span> <span class='ocrx_word' id='word_1_409' title='bbox 916 3609 985 3654; x_wconf 90' lang='lat' dir='ltr'><strong>esse</strong></span> <span class='ocrx_word' id='word_1_410' title='bbox 1008 3591 1113 3654; x_wconf 86' lang='lat' dir='ltr'><strong>Poeni-</strong></span> <span class='ocrx_word' id='word_1_411' title='bbox 1165 3596 1204 3658; x_wconf 91' lang='lat' dir='ltr'><strong>lis</strong></span> <span class='ocrx_word' id='word_1_412' title='bbox 1216 3600 1264 3657; x_wconf 91' lang='lat' dir='ltr'><strong>est</strong></span> <span class='ocrx_word' id='word_1_413' title='bbox 1277 3592 1430 3668; x_wconf 89' lang='lat' dir='ltr'><strong>conscius,</strong></span> <span class='ocrx_word' id='word_1_414' title='bbox 1447 3590 1569 3670; x_wconf 86' lang='lat' dir='ltr'><strong>cogitur</strong></span> <span class='ocrx_word' id='word_1_415' title='bbox 1583 3608 1622 3650; x_wconf 84' lang='lat' dir='ltr'><strong>ex</strong></span> <span class='ocrx_word' id='word_1_416' title='bbox 1635 3589 1786 3650; x_wconf 76' lang='lat' dir='ltr'><strong>Ecclesia</strong></span> <span class='ocrx_word' id='word_1_417' title='bbox 1805 3587 1934 3668; x_wconf 76' lang='lat' dir='ltr'><strong>precepto</strong></span> 
     </span>
     <span class='ocr_line' id='line_1_36' title="bbox 321 3675 1934 3760; baseline -0.009 -16"><span class='ocrx_word' id='word_1_418' title='bbox 321 3681 425 3744; x_wconf 77' lang='lat' dir='ltr'><strong>tentia</strong></span> <span class='ocrx_word' id='word_1_419' title='bbox 446 3682 694 3757; x_wconf 88' lang='lat' dir='ltr'><strong>Sacramentum,</strong></span> <span class='ocrx_word' id='word_1_420' title='bbox 711 3699 783 3742; x_wconf 91' lang='lat' dir='ltr'><strong>cum</strong></span> <span class='ocrx_word' id='word_1_421' title='bbox 804 3681 959 3760; x_wconf 86' lang='lat' dir='ltr'><strong>poenitens</strong></span> <span class='ocrx_word' id='word_1_422' title='bbox 981 3683 1112 3759; x_wconf 89' lang='lat' dir='ltr'><strong>peccata</strong></span> <span class='ocrx_word' id='word_1_423' title='bbox 1167 3682 1399 3746; x_wconf 80' lang='lat' dir='ltr'><strong>confessionem</strong></span> <span class='ocrx_word' id='word_1_424' title='bbox 1413 3679 1603 3759; x_wconf 79' lang='lat' dir='ltr'><strong>praemittere</strong></span> <span class='ocrx_word' id='word_1_425' title='bbox 1620 3697 1628 3749; x_wconf 89' lang='grc'><strong>;</strong></span> <span class='ocrx_word' id='word_1_426' title='bbox 1645 3676 1723 3738; x_wconf 94' lang='lat' dir='ltr'><strong>illud</strong></span> <span class='ocrx_word' id='word_1_427' title='bbox 1737 3683 1840 3738; x_wconf 87' lang='lat' dir='ltr'><strong>autem</strong></span> <span class='ocrx_word' id='word_1_428' title='bbox 1853 3675 1934 3735; x_wconf 81' lang='lat' dir='ltr'><strong>obser</strong></span> 
     </span>
     <span class='ocr_line' id='line_1_37' title="bbox 322 3762 1935 3846; baseline -0.005 -15"><span class='ocrx_word' id='word_1_429' title='bbox 322 3788 385 3831; x_wconf 92' lang='lat' dir='ltr'><strong>non</strong></span> <span class='ocrx_word' id='word_1_430' title='bbox 408 3772 568 3832; x_wconf 81' lang='lat' dir='ltr'><strong>reservata</strong></span> <span class='ocrx_word' id='word_1_431' title='bbox 595 3767 679 3846; x_wconf 90' lang='lat' dir='ltr'><strong>apud</strong></span> <span class='ocrx_word' id='word_1_432' title='bbox 702 3767 882 3830; x_wconf 86' lang='lat' dir='ltr'><strong>inferiorem</strong></span> <span class='ocrx_word' id='word_1_433' title='bbox 909 3768 1113 3830; x_wconf 89' lang='lat' dir='ltr'><strong>Sacerdotem</strong></span> <span class='ocrx_word' id='word_1_434' title='bbox 1167 3789 1242 3833; x_wconf 88' lang='lat' dir='ltr'><strong>vara</strong></span> <span class='ocrx_word' id='word_1_435' title='bbox 1257 3773 1340 3831; x_wconf 89' lang='lat' dir='ltr'><strong>recte</strong></span> <span class='ocrx_word' id='word_1_436' title='bbox 1355 3763 1668 3846; x_wconf 79' lang='lat' dir='ltr'><strong>potesttlonfessionc</strong></span> <span class='ocrx_word' id='word_1_437' title='bbox 1682 3764 1770 3842; x_wconf 88' lang='lat' dir='ltr'><strong>apud</strong></span> <span class='ocrx_word' id='word_1_438' title='bbox 1784 3762 1935 3824; x_wconf 83' lang='lat' dir='ltr'><strong>interiorem</strong></span> 
     </span>
     <span class='ocr_line' id='line_1_38' title="bbox 322 3847 1935 3936; baseline -0.009 -17"><span class='ocrx_word' id='word_1_439' title='bbox 322 3857 461 3936; x_wconf 89' lang='lat' dir='ltr'><strong>deponit,</strong></span> <span class='ocrx_word' id='word_1_440' title='bbox 477 3857 533 3917; x_wconf 90' lang='lat' dir='ltr'><strong>sad</strong></span> <span class='ocrx_word' id='word_1_441' title='bbox 547 3857 694 3936; x_wconf 74' lang='lat' dir='ltr'><strong>quaedam</strong></span> <span class='ocrx_word' id='word_1_442' title='bbox 710 3861 870 3918; x_wconf 85' lang='lat' dir='ltr'><strong>reservata</strong></span> <span class='ocrx_word' id='word_1_443' title='bbox 893 3875 931 3916; x_wconf 87' lang='lat' dir='ltr'><strong>ax</strong></span> <span class='ocrx_word' id='word_1_444' title='bbox 954 3855 1114 3934; x_wconf 88' lang='lat' dir='ltr'><strong>inculpata</strong></span> <span class='ocrx_word' id='word_1_445' title='bbox 1169 3858 1371 3922; x_wconf 84' lang='lat' dir='ltr'><strong>Sacerdotem</strong></span> <span class='ocrx_word' id='word_1_446' title='bbox 1398 3854 1491 3930; x_wconf 91' lang='lat' dir='ltr'><strong>inita,</strong></span> <span class='ocrx_word' id='word_1_447' title='bbox 1518 3871 1590 3914; x_wconf 91' lang='lat' dir='ltr'><strong>cum</strong></span> <span class='ocrx_word' id='word_1_448' title='bbox 1617 3851 1708 3912; x_wconf 86' lang='lat' dir='ltr'><strong>abest</strong></span> <span class='ocrx_word' id='word_1_449' title='bbox 1736 3852 1878 3930; x_wconf 83' lang='lat' dir='ltr'><strong>Superior</strong></span> <span class='ocrx_word' id='word_1_450' title='bbox 1899 3847 1935 3908; x_wconf 82' lang='lat' dir='ltr'><strong>rel</strong></span> 
     </span>
     <span class='ocr_line' id='line_1_39' title="bbox 324 3939 1771 4025; baseline -0.003 -20"><span class='ocrx_word' id='word_1_451' title='bbox 324 3943 478 4005; x_wconf 89' lang='lat' dir='ltr'><strong>oblivione</strong></span> <span class='ocrx_word' id='word_1_452' title='bbox 494 3943 608 4004; x_wconf 91' lang='lat' dir='ltr'><strong>omittit</strong></span> <span class='ocrx_word' id='word_1_453' title='bbox 623 3962 631 4016; x_wconf 89' lang='lat'>;</span> <span class='ocrx_word' id='word_1_454' title='bbox 648 3947 721 4004; x_wconf 90' lang='lat' dir='ltr'><strong>tunc</strong></span> <span class='ocrx_word' id='word_1_455' title='bbox 736 3942 819 4004; x_wconf 90' lang='lat' dir='ltr'><strong>enim</strong></span> <span class='ocrx_word' id='word_1_456' title='bbox 835 3943 930 4004; x_wconf 89' lang='lat' dir='ltr'><strong>etiam</strong></span> <span class='ocrx_word' id='word_1_457' title='bbox 943 3960 1035 4021; x_wconf 89' lang='lat' dir='ltr'><strong>posse</strong></span> <span class='ocrx_word' id='word_1_458' title='bbox 1059 3941 1115 4003; x_wconf 90' lang='lat' dir='ltr'><strong>ali·</strong></span> <span class='ocrx_word' id='word_1_459' title='bbox 1169 3947 1341 4025; x_wconf 79' lang='lat' dir='ltr'><strong>delegatus.</strong></span> <span class='ocrx_word' id='word_1_460' title='bbox 1357 3944 1418 4005; x_wconf 87' lang='lat' dir='ltr'><strong>Gur</strong></span> <span class='ocrx_word' id='word_1_461' title='bbox 1433 3960 1508 4020; x_wconf 91' lang='lat' dir='ltr'><strong>ergo</strong></span> <span class='ocrx_word' id='word_1_462' title='bbox 1523 3958 1585 4001; x_wconf 91' lang='lat' dir='ltr'><strong>nan</strong></span> <span class='ocrx_word' id='word_1_463' title='bbox 1600 3939 1771 4002; x_wconf 80' lang='lat' dir='ltr'><strong>teneatur?</strong></span> 
     </span>
     <span class='ocr_line' id='line_1_40' title="bbox 324 4025 1936 4113; baseline -0.004 -21"><span class='ocrx_word' id='word_1_464' title='bbox 324 4030 400 4113; x_wconf 90' lang='lat' dir='ltr'><strong>quid</strong></span> <span class='ocrx_word' id='word_1_465' title='bbox 421 4031 549 4094; x_wconf 80' lang='lat' dir='ltr'><strong>interior</strong></span> <span class='ocrx_word' id='word_1_466' title='bbox 569 4031 723 4094; x_wconf 83' lang='lat' dir='ltr'><strong>Sacerdos</strong></span> <span class='ocrx_word' id='word_1_467' title='bbox 743 4032 776 4092; x_wconf 91' lang='lat' dir='ltr'><strong>iu</strong></span> <span class='ocrx_word' id='word_1_468' title='bbox 795 4031 919 4092; x_wconf 87' lang='lat' dir='ltr'><strong>casibus</strong></span> <span class='ocrx_word' id='word_1_469' title='bbox 933 4030 1111 4107; x_wconf 86' lang='lat' dir='ltr'><strong>reservatis,</strong></span> <span class='ocrx_word' id='word_1_470' title='bbox 1209 4032 1332 4094; x_wconf 79' lang='lat' dir='ltr'><strong>Tertius</strong></span> <span class='ocrx_word' id='word_1_471' title='bbox 1347 4049 1438 4094; x_wconf 87' lang='lat' dir='ltr'><strong>casus</strong></span> <span class='ocrx_word' id='word_1_472' title='bbox 1453 4034 1511 4105; x_wconf 86' lang='lat' dir='ltr'><strong>est,</strong></span> <span class='ocrx_word' id='word_1_473' title='bbox 1527 4047 1600 4090; x_wconf 89' lang='lat' dir='ltr'><strong>cum</strong></span> <span class='ocrx_word' id='word_1_474' title='bbox 1615 4027 1706 4089; x_wconf 86' lang='lat' dir='ltr'><strong>abest</strong></span> <span class='ocrx_word' id='word_1_475' title='bbox 1724 4027 1850 4107; x_wconf 91' lang='lat' dir='ltr'><strong>quidem</strong></span> <span class='ocrx_word' id='word_1_476' title='bbox 1865 4025 1936 4086; x_wconf 78' lang='lat' dir='ltr'><strong>ahsa-</strong></span> 
     </span>
     <span class='ocr_line' id='line_1_41' title="bbox 324 4115 1935 4199; baseline -0.005 -20"><span class='ocrx_word' id='word_1_477' title='bbox 324 4119 479 4199; x_wconf 89' lang='lat' dir='ltr'><strong>aquibus</strong></span> <span class='ocrx_word' id='word_1_478' title='bbox 501 4118 620 4180; x_wconf 89' lang='lat' dir='ltr'><strong>scilicet</strong></span> <span class='ocrx_word' id='word_1_479' title='bbox 641 4118 791 4181; x_wconf 88' lang='lat' dir='ltr'><strong>indirecte</strong></span> <span class='ocrx_word' id='word_1_480' title='bbox 813 4117 1000 4180; x_wconf 88' lang='lat' dir='ltr'><strong>absolveret.</strong></span> <span class='ocrx_word' id='word_1_481' title='bbox 1016 4118 1052 4179; x_wconf 95' lang='lat' dir='ltr'><strong>ld</strong></span> <span class='ocrx_word' id='word_1_482' title='bbox 1070 4121 1116 4179; x_wconf 88' lang='lat' dir='ltr'><strong>ta·</strong></span> <span class='ocrx_word' id='word_1_483' title='bbox 1170 4123 1236 4183; x_wconf 89' lang='lat' dir='ltr'><strong>luta</strong></span> <span class='ocrx_word' id='word_1_484' title='bbox 1259 4117 1428 4181; x_wconf 89' lang='lat' dir='ltr'><strong>necessitas</strong></span> <span class='ocrx_word' id='word_1_485' title='bbox 1447 4115 1627 4192; x_wconf 85' lang='lat' dir='ltr'><strong>confitendi,</strong></span> <span class='ocrx_word' id='word_1_486' title='bbox 1662 4133 1725 4177; x_wconf 93' lang='lat' dir='ltr'><strong>non</strong></span> <span class='ocrx_word' id='word_1_487' title='bbox 1754 4115 1831 4178; x_wconf 87' lang='lat' dir='ltr'><strong>levis</strong></span> <span class='ocrx_word' id='word_1_488' title='bbox 1854 4117 1935 4174; x_wconf 75' lang='lat' dir='ltr'><strong>mmor</strong></span> 
     </span>
     <span class='ocr_line' id='line_1_42' title="bbox 324 4201 1936 4286; baseline -0.006 -19"><span class='ocrx_word' id='word_1_489' title='bbox 324 4223 396 4268; x_wconf 89' lang='lat' dir='ltr'><strong>meu</strong></span> <span class='ocrx_word' id='word_1_490' title='bbox 413 4224 504 4268; x_wconf 92' lang='lat' dir='ltr'><strong>nemo</strong></span> <span class='ocrx_word' id='word_1_491' title='bbox 519 4224 658 4286; x_wconf 89' lang='lat' dir='ltr'><strong>unquam</strong></span> <span class='ocrx_word' id='word_1_492' title='bbox 672 4207 849 4285; x_wconf 83' lang='lat' dir='ltr'><strong>Theologus</strong></span> <span class='ocrx_word' id='word_1_493' title='bbox 863 4205 1060 4286; x_wconf 81' lang='lat' dir='ltr'><strong>repugnavit.</strong></span> <span class='ocrx_word' id='word_1_494' title='bbox 1170 4209 1287 4272; x_wconf 88' lang='lat' dir='ltr'><strong>utilitas</strong></span> <span class='ocrx_word' id='word_1_495' title='bbox 1301 4205 1465 4268; x_wconf 87' lang='lat' dir='ltr'><strong>intercedit</strong></span> <span class='ocrx_word' id='word_1_496' title='bbox 1479 4224 1488 4277; x_wconf 78' lang='lat'>3</span> <span class='ocrx_word' id='word_1_497' title='bbox 1506 4209 1540 4266; x_wconf 90' lang='lat' dir='ltr'><strong>ut</strong></span> <span class='ocrx_word' id='word_1_498' title='bbox 1553 4203 1578 4264; x_wconf 91' lang='lat' dir='ltr'><strong>si</strong></span> <span class='ocrx_word' id='word_1_499' title='bbox 1593 4203 1753 4282; x_wconf 77' lang='lat' dir='ltr'><strong>poenitens</strong></span> <span class='ocrx_word' id='word_1_500' title='bbox 1772 4201 1890 4265; x_wconf 88' lang='lat' dir='ltr'><strong>crimine</strong></span> <span class='ocrx_word' id='word_1_501' title='bbox 1901 4215 1936 4258; x_wconf 76' lang='lat' dir='ltr'><strong>re</strong></span> 
     </span>
    </p>

    <p class='ocr_par' dir='ltr' id='par_1_5' title="bbox 327 4285 1936 5164">
     <span class='ocr_line' id='line_1_43' title="bbox 366 4285 1936 4374; baseline -0.01 -15"><span class='ocrx_word' id='word_1_502' title='bbox 366 4301 396 4359; x_wconf 88' lang='lat'><strong>6.</strong></span> <span class='ocrx_word' id='word_1_503' title='bbox 414 4297 446 4358; x_wconf 90' lang='lat' dir='ltr'><strong>Si</strong></span> <span class='ocrx_word' id='word_1_504' title='bbox 461 4295 617 4374; x_wconf 86' lang='lat' dir='ltr'><strong>poeniteus</strong></span> <span class='ocrx_word' id='word_1_505' title='bbox 630 4295 717 4355; x_wconf 92' lang='lat' dir='ltr'><strong>nulla</strong></span> <span class='ocrx_word' id='word_1_506' title='bbox 739 4292 907 4356; x_wconf 86' lang='lat' dir='ltr'><strong>confitendi</strong></span> <span class='ocrx_word' id='word_1_507' title='bbox 932 4293 1116 4354; x_wconf 88' lang='lat' dir='ltr'><strong>necessitate</strong></span> <span class='ocrx_word' id='word_1_508' title='bbox 1172 4299 1294 4359; x_wconf 89' lang='lat' dir='ltr'><strong>servata</strong></span> <span class='ocrx_word' id='word_1_509' title='bbox 1310 4293 1486 4368; x_wconf 90' lang='lat' dir='ltr'><strong>obstrictus,</strong></span> <span class='ocrx_word' id='word_1_510' title='bbox 1504 4290 1562 4350; x_wconf 91' lang='lat' dir='ltr'><strong>nisi</strong></span> <span class='ocrx_word' id='word_1_511' title='bbox 1578 4290 1773 4352; x_wconf 88' lang='lat' dir='ltr'><strong>Sacramenti</strong></span> <span class='ocrx_word' id='word_1_512' title='bbox 1788 4287 1881 4370; x_wconf 89' lang='lat' dir='ltr'><strong>gratia</strong></span> <span class='ocrx_word' id='word_1_513' title='bbox 1891 4285 1936 4344; x_wconf 83' lang='lat' dir='ltr'><strong>ln-</strong></span> 
     </span>
     <span class='ocr_line' id='line_1_44' title="bbox 327 4375 1936 4463; baseline -0.006 -18"><span class='ocrx_word' id='word_1_514' title='bbox 327 4385 467 4459; x_wconf 88' lang='lat' dir='ltr'><strong>adactus,</strong></span> <span class='ocrx_word' id='word_1_515' title='bbox 490 4382 574 4461; x_wconf 89' lang='lat' dir='ltr'><strong>apud</strong></span> <span class='ocrx_word' id='word_1_516' title='bbox 593 4380 773 4443; x_wconf 85' lang='lat' dir='ltr'><strong>inferiorem</strong></span> <span class='ocrx_word' id='word_1_517' title='bbox 795 4381 1010 4458; x_wconf 88' lang='lat' dir='ltr'><strong>Sacerdotem,</strong></span> <span class='ocrx_word' id='word_1_518' title='bbox 1027 4381 1117 4460; x_wconf 89' lang='lat' dir='ltr'><strong>cujus</strong></span> <span class='ocrx_word' id='word_1_519' title='bbox 1172 4386 1305 4463; x_wconf 90' lang='lat' dir='ltr'><strong>quenter</strong></span> <span class='ocrx_word' id='word_1_520' title='bbox 1327 4400 1360 4442; x_wconf 92' lang='lat' dir='ltr'><strong>se</strong></span> <span class='ocrx_word' id='word_1_521' title='bbox 1383 4375 1588 4453; x_wconf 86' lang='lat' dir='ltr'><strong>communiat,</strong></span> <span class='ocrx_word' id='word_1_522' title='bbox 1610 4376 1643 4436; x_wconf 92' lang='lat' dir='ltr'><strong>in</strong></span> <span class='ocrx_word' id='word_1_523' title='bbox 1665 4377 1816 4456; x_wconf 87' lang='lat' dir='ltr'><strong>graviora</strong></span> <span class='ocrx_word' id='word_1_524' title='bbox 1833 4375 1936 4455; x_wconf 73' lang='lat' dir='ltr'><strong>permit</strong></span> 
     </span>
     <span class='ocr_line' id='line_1_45' title="bbox 327 4462 1935 4550; baseline -0.01 -17"><span class='ocrx_word' id='word_1_525' title='bbox 327 4473 377 4533; x_wconf 91' lang='lat' dir='ltr'><strong>vel</strong></span> <span class='ocrx_word' id='word_1_526' title='bbox 391 4471 600 4550; x_wconf 89' lang='lat' dir='ltr'><strong>ignorantiam</strong></span> <span class='ocrx_word' id='word_1_527' title='bbox 613 4470 663 4532; x_wconf 92' lang='lat' dir='ltr'><strong>vel</strong></span> <span class='ocrx_word' id='word_1_528' title='bbox 677 4471 911 4549; x_wconf 89' lang='lat' dir='ltr'><strong>improbitatem</strong></span> <span class='ocrx_word' id='word_1_529' title='bbox 924 4472 1117 4548; x_wconf 86' lang='lat' dir='ltr'><strong>compertam</strong></span> <span class='ocrx_word' id='word_1_530' title='bbox 1172 4467 1356 4550; x_wconf 89' lang='lat' dir='ltr'><strong>prolabendi</strong></span> <span class='ocrx_word' id='word_1_531' title='bbox 1368 4465 1506 4544; x_wconf 88' lang='lat' dir='ltr'><strong>periculo</strong></span> <span class='ocrx_word' id='word_1_532' title='bbox 1517 4462 1700 4543; x_wconf 79' lang='lat' dir='ltr'><strong>objiciatur3</strong></span> <span class='ocrx_word' id='word_1_533' title='bbox 1718 4465 1935 4543; x_wconf 86' lang='lat' dir='ltr'><strong>cogaturtamen</strong></span> 
     </span>
     <span class='ocr_line' id='line_1_46' title="bbox 327 4549 1934 4639; baseline -0.01 -17"><span class='ocrx_word' id='word_1_534' title='bbox 327 4559 433 4635; x_wconf 87' lang='lat' dir='ltr'><strong>habet,</strong></span> <span class='ocrx_word' id='word_1_535' title='bbox 449 4562 579 4637; x_wconf 88' lang='lat' dir='ltr'><strong>peccata</strong></span> <span class='ocrx_word' id='word_1_536' title='bbox 592 4563 752 4620; x_wconf 84' lang='lat' dir='ltr'><strong>reservata</strong></span> <span class='ocrx_word' id='word_1_537' title='bbox 766 4558 860 4619; x_wconf 90' lang='lat' dir='ltr'><strong>etiam</strong></span> <span class='ocrx_word' id='word_1_538' title='bbox 874 4557 966 4618; x_wconf 90' lang='lat' dir='ltr'><strong>simul</strong></span> <span class='ocrx_word' id='word_1_539' title='bbox 975 4575 1117 4618; x_wconf 90' lang='lat' dir='ltr'><strong>cumnon</strong></span> <span class='ocrx_word' id='word_1_540' title='bbox 1172 4576 1230 4639; x_wconf 94' lang='lat' dir='ltr'><strong>per</strong></span> <span class='ocrx_word' id='word_1_541' title='bbox 1252 4556 1366 4618; x_wconf 90' lang='lat' dir='ltr'><strong>multos</strong></span> <span class='ocrx_word' id='word_1_542' title='bbox 1384 4569 1508 4614; x_wconf 90' lang='lat' dir='ltr'><strong>menses</strong></span> <span class='ocrx_word' id='word_1_543' title='bbox 1531 4571 1551 4612; x_wconf 91' lang='lat' dir='ltr'><strong>a</strong></span> <span class='ocrx_word' id='word_1_544' title='bbox 1571 4550 1776 4613; x_wconf 82' lang='lat' dir='ltr'><strong>confessione</strong></span> <span class='ocrx_word' id='word_1_545' title='bbox 1796 4549 1934 4620; x_wconf 73' lang='lat' dir='ltr'><strong>abatiam,</strong></span> 
     </span>
     <span class='ocr_line' id='line_1_47' title="bbox 328 4636 1936 4729; baseline -0.011 -19"><span class='ocrx_word' id='word_1_546' title='bbox 328 4645 494 4710; x_wconf 89' lang='lat' dir='ltr'><strong>reservatis</strong></span> <span class='ocrx_word' id='word_1_547' title='bbox 503 4647 640 4725; x_wconf 92' lang='lat' dir='ltr'><strong>deponat</strong></span> <span class='ocrx_word' id='word_1_548' title='bbox 655 4647 695 4708; x_wconf 89' lang='lat' dir='ltr'><strong>ab</strong></span> <span class='ocrx_word' id='word_1_549' title='bbox 710 4665 810 4725; x_wconf 89' lang='lat' dir='ltr'><strong>eoque</strong></span> <span class='ocrx_word' id='word_1_550' title='bbox 824 4645 1014 4721; x_wconf 88' lang='lat' dir='ltr'><strong>absolvatur,</strong></span> <span class='ocrx_word' id='word_1_551' title='bbox 1031 4644 1119 4706; x_wconf 89' lang='lat' dir='ltr'><strong>irrita</strong></span> <span class='ocrx_word' id='word_1_552' title='bbox 1174 4645 1232 4706; x_wconf 91' lang='lat' dir='ltr'><strong>nisi</strong></span> <span class='ocrx_word' id='word_1_553' title='bbox 1254 4643 1339 4722; x_wconf 91' lang='lat' dir='ltr'><strong>apud</strong></span> <span class='ocrx_word' id='word_1_554' title='bbox 1365 4641 1544 4701; x_wconf 82' lang='lat' dir='ltr'><strong>inferiorem</strong></span> <span class='ocrx_word' id='word_1_555' title='bbox 1573 4639 1779 4701; x_wconf 89' lang='lat' dir='ltr'><strong>Sacerdotem</strong></span> <span class='ocrx_word' id='word_1_556' title='bbox 1806 4636 1936 4729; x_wconf 52' lang='lat' dir='ltr'><strong>conscieuj</strong></span> 
     </span>
     <span class='ocr_line' id='line_1_48' title="bbox 329 4719 1935 4813; baseline -0.009 -16"><span class='ocrx_word' id='word_1_557' title='bbox 329 4737 389 4797; x_wconf 88' lang='lat' dir='ltr'><strong>erit</strong></span> <span class='ocrx_word' id='word_1_558' title='bbox 402 4734 566 4796; x_wconf 61' lang='lat' dir='ltr'><strong>mactatio.</strong></span> <span class='ocrx_word' id='word_1_559' title='bbox 583 4735 623 4795; x_wconf 81' lang='lat' dir='ltr'><strong>nt</strong></span> <span class='ocrx_word' id='word_1_560' title='bbox 635 4738 720 4812; x_wconf 93' lang='lat' dir='ltr'><strong>patet</strong></span> <span class='ocrx_word' id='word_1_561' title='bbox 735 4735 809 4813; x_wconf 87' lang='lat' dir='ltr'><strong>quia</strong></span> <span class='ocrx_word' id='word_1_562' title='bbox 829 4737 940 4812; x_wconf 89' lang='lat' dir='ltr'><strong>peccat</strong></span> <span class='ocrx_word' id='word_1_563' title='bbox 960 4737 1034 4795; x_wconf 88' lang='lat' dir='ltr'><strong>tunc</strong></span> <span class='ocrx_word' id='word_1_564' title='bbox 1048 4751 1119 4810; x_wconf 89' lang='lat' dir='ltr'><strong>gra·</strong></span> <span class='ocrx_word' id='word_1_565' title='bbox 1173 4732 1249 4795; x_wconf 89' lang='lat' dir='ltr'><strong>tiam</strong></span> <span class='ocrx_word' id='word_1_566' title='bbox 1272 4733 1429 4792; x_wconf 86' lang='lat' dir='ltr'><strong>exoneret.</strong></span> <span class='ocrx_word' id='word_1_567' title='bbox 1455 4730 1542 4788; x_wconf 88' lang='lat' dir='ltr'><strong>&#39;lunc</strong></span> <span class='ocrx_word' id='word_1_568' title='bbox 1565 4730 1672 4788; x_wconf 88' lang='lat' dir='ltr'><strong>autem</strong></span> <span class='ocrx_word' id='word_1_569' title='bbox 1694 4731 1825 4806; x_wconf 85' lang='lat' dir='ltr'><strong>peccata</strong></span> <span class='ocrx_word' id='word_1_570' title='bbox 1843 4741 1891 4786; x_wconf 89' lang='lat' dir='ltr'><strong>sua</strong></span> <span class='ocrx_word' id='word_1_571' title='bbox 1903 4719 1935 4779; x_wconf 90' lang='lat' dir='ltr'><strong>ill</strong></span> 
     </span>
     <span class='ocr_line' id='line_1_49' title="bbox 329 4808 1935 4901; baseline -0.009 -17"><span class='ocrx_word' id='word_1_572' title='bbox 329 4823 410 4884; x_wconf 90' lang='lat' dir='ltr'><strong>viter</strong></span> <span class='ocrx_word' id='word_1_573' title='bbox 436 4822 592 4900; x_wconf 74' lang='lat' dir='ltr'><strong>poenitens</strong></span> <span class='ocrx_word' id='word_1_574' title='bbox 620 4823 847 4883; x_wconf 85' lang='lat' dir='ltr'><strong>confessionem</strong></span> <span class='ocrx_word' id='word_1_575' title='bbox 883 4820 1000 4901; x_wconf 84' lang='lat' dir='ltr'><strong>absque</strong></span> <span class='ocrx_word' id='word_1_576' title='bbox 1034 4820 1120 4901; x_wconf 88' lang='lat' dir='ltr'><strong>justa</strong></span> <span class='ocrx_word' id='word_1_577' title='bbox 1172 4816 1498 4897; x_wconf 86' lang='lat' dir='ltr'><strong>potestmanifestarc,</strong></span> <span class='ocrx_word' id='word_1_578' title='bbox 1520 4815 1594 4894; x_wconf 87' lang='lat' dir='ltr'><strong>quia</strong></span> <span class='ocrx_word' id='word_1_579' title='bbox 1617 4813 1745 4893; x_wconf 90' lang='lat' dir='ltr'><strong>integra</strong></span> <span class='ocrx_word' id='word_1_580' title='bbox 1762 4808 1935 4874; x_wconf 69' lang='lat' dir='ltr'><strong>materialiter</strong></span> 
     </span>
     <span class='ocr_line' id='line_1_50' title="bbox 331 4901 1933 4989; baseline -0.01 -17"><span class='ocrx_word' id='word_1_581' title='bbox 331 4929 425 4972; x_wconf 88' lang='lat' dir='ltr'><strong>causa</strong></span> <span class='ocrx_word' id='word_1_582' title='bbox 448 4910 492 4971; x_wconf 89' lang='lat' dir='ltr'><strong>sio</strong></span> <span class='ocrx_word' id='word_1_583' title='bbox 516 4909 695 4987; x_wconf 87' lang='lat' dir='ltr'><strong>dividenda,</strong></span> <span class='ocrx_word' id='word_1_584' title='bbox 719 4916 813 4989; x_wconf 91' lang='lat' dir='ltr'><strong>atquo</strong></span> <span class='ocrx_word' id='word_1_585' title='bbox 836 4909 880 4970; x_wconf 89' lang='lat' dir='ltr'><strong>ita</strong></span> <span class='ocrx_word' id='word_1_586' title='bbox 906 4912 1034 4987; x_wconf 89' lang='lat' dir='ltr'><strong>peccato</strong></span> <span class='ocrx_word' id='word_1_587' title='bbox 1062 4926 1118 4969; x_wconf 91' lang='lat' dir='ltr'><strong>suo</strong></span> <span class='ocrx_word' id='word_1_588' title='bbox 1173 4903 1331 4968; x_wconf 80' lang='lat' dir='ltr'><strong>Confessio</strong></span> <span class='ocrx_word' id='word_1_589' title='bbox 1346 4902 1426 4964; x_wconf 88' lang='lat' dir='ltr'><strong>adeo</strong></span> <span class='ocrx_word' id='word_1_590' title='bbox 1440 4902 1548 4962; x_wconf 88' lang='lat' dir='ltr'><strong>stricte</strong></span> <span class='ocrx_word' id='word_1_591' title='bbox 1563 4919 1624 4962; x_wconf 92' lang='lat' dir='ltr'><strong>non</strong></span> <span class='ocrx_word' id='word_1_592' title='bbox 1640 4901 1830 4980; x_wconf 79' lang='lat' dir='ltr'><strong>praecipitur,</strong></span> <span class='ocrx_word' id='word_1_593' title='bbox 1845 4901 1933 4958; x_wconf 84' lang='lat' dir='ltr'><strong>utun</strong></span> 
     </span>
     <span class='ocr_line' id='line_1_51' title="bbox 330 4979 1933 5076; baseline -0.007 -18"><span class='ocrx_word' id='word_1_594' title='bbox 330 4997 439 5076; x_wconf 74' lang='lat' dir='ltr'><strong>gratiae</strong></span> <span class='ocrx_word' id='word_1_595' title='bbox 454 4997 646 5059; x_wconf 82' lang='lat' dir='ltr'><strong>sacramenti</strong></span> <span class='ocrx_word' id='word_1_596' title='bbox 661 4997 861 5058; x_wconf 84' lang='lat' dir='ltr'><strong>manifestum</strong></span> <span class='ocrx_word' id='word_1_597' title='bbox 884 4995 1006 5058; x_wconf 89' lang='lat' dir='ltr'><strong>obicem</strong></span> <span class='ocrx_word' id='word_1_598' title='bbox 1024 4995 1120 5058; x_wconf 86' lang='lat' dir='ltr'><strong>intor—</strong></span> <span class='ocrx_word' id='word_1_599' title='bbox 1173 4999 1238 5058; x_wconf 89' lang='lat' dir='ltr'><strong>tam</strong></span> <span class='ocrx_word' id='word_1_600' title='bbox 1265 4991 1354 5072; x_wconf 91' lang='lat' dir='ltr'><strong>gravi</strong></span> <span class='ocrx_word' id='word_1_601' title='bbox 1382 4989 1562 5070; x_wconf 74' lang='lat' dir='ltr'><strong>paenitentis</strong></span> <span class='ocrx_word' id='word_1_602' title='bbox 1590 4988 1780 5052; x_wconf 86' lang='lat' dir='ltr'><strong>detrimenta</strong></span> <span class='ocrx_word' id='word_1_603' title='bbox 1812 4979 1933 5063; x_wconf 63' lang='lat' dir='ltr'><strong>erigendi</strong></span> 
     </span>
     <span class='ocr_line' id='line_1_52' title="bbox 331 5079 1410 5164; baseline -0.007 -17"><span class='ocrx_word' id='word_1_604' title='bbox 331 5085 428 5164; x_wconf 90' lang='lat' dir='ltr'><strong>ponit.</strong></span> <span class='ocrx_word' id='word_1_605' title='bbox 1173 5099 1241 5144; x_wconf 89' lang='lat' dir='ltr'><strong>esse</strong></span> <span class='ocrx_word' id='word_1_606' title='bbox 1255 5079 1410 5142; x_wconf 89' lang='lat' dir='ltr'><strong>videatur.</strong></span> 
     </span>
    </p>

    <p class='ocr_par' dir='ltr' id='par_1_6' title="bbox 326 5164 1932 5516">
     <span class='ocr_line' id='line_1_53' title="bbox 369 5164 1932 5251; baseline -0.01 -18"><span class='ocrx_word' id='word_1_607' title='bbox 369 5176 401 5235; x_wconf 81' lang='lat' dir='ltr'><strong>&#39;l.</strong></span> <span class='ocrx_word' id='word_1_608' title='bbox 418 5172 451 5236; x_wconf 91' lang='lat' dir='ltr'><strong>Si</strong></span> <span class='ocrx_word' id='word_1_609' title='bbox 465 5173 620 5251; x_wconf 89' lang='lat' dir='ltr'><strong>poenitens</strong></span> <span class='ocrx_word' id='word_1_610' title='bbox 634 5170 879 5234; x_wconf 90' lang='lat' dir='ltr'><strong>reservationem</strong></span> <span class='ocrx_word' id='word_1_611' title='bbox 893 5171 1053 5250; x_wconf 91' lang='lat' dir='ltr'><strong>ignoraus,</strong></span> <span class='ocrx_word' id='word_1_612' title='bbox 1065 5174 1120 5232; x_wconf 89' lang='lat' dir='ltr'><strong>aut</strong></span> <span class='ocrx_word' id='word_1_613' title='bbox 1214 5171 1348 5241; x_wconf 80' lang='lat' dir='ltr'><strong>Quartus</strong></span> <span class='ocrx_word' id='word_1_614' title='bbox 1362 5185 1452 5229; x_wconf 88' lang='lat' dir='ltr'><strong>casus</strong></span> <span class='ocrx_word' id='word_1_615' title='bbox 1466 5185 1534 5228; x_wconf 89' lang='lat' dir='ltr'><strong>esse</strong></span> <span class='ocrx_word' id='word_1_616' title='bbox 1548 5164 1700 5245; x_wconf 89' lang='lat' dir='ltr'><strong>potesl,si</strong></span> <span class='ocrx_word' id='word_1_617' title='bbox 1716 5165 1797 5244; x_wconf 91' lang='lat' dir='ltr'><strong>quis,</strong></span> <span class='ocrx_word' id='word_1_618' title='bbox 1806 5183 1833 5224; x_wconf 83' lang='lat' dir='ltr'><strong>r.</strong></span> <span class='ocrx_word' id='word_1_619' title='bbox 1841 5181 1868 5242; x_wconf 88' lang='lat' dir='ltr'><strong>g.</strong></span> <span class='ocrx_word' id='word_1_620' title='bbox 1881 5175 1932 5239; x_wconf 82' lang='lat' dir='ltr'><strong>pro</strong></span> 
     </span>
     <span class='ocr_line' id='line_1_54' title="bbox 329 5245 1931 5330; baseline -0.011 -9"><span class='ocrx_word' id='word_1_621' title='bbox 329 5261 406 5323; x_wconf 84' lang='lat' dir='ltr'><strong>falsa</strong></span> <span class='ocrx_word' id='word_1_622' title='bbox 434 5261 613 5323; x_wconf 87' lang='lat' dir='ltr'><strong>existimans</strong></span> <span class='ocrx_word' id='word_1_623' title='bbox 641 5259 871 5322; x_wconf 75' lang='lat' dir='ltr'><strong>confessarium</strong></span> <span class='ocrx_word' id='word_1_624' title='bbox 907 5277 926 5320; x_wconf 89' lang='lat' dir='ltr'><strong>a</strong></span> <span class='ocrx_word' id='word_1_625' title='bbox 952 5258 1119 5320; x_wconf 88' lang='lat' dir='ltr'><strong>reservatis</strong></span> <span class='ocrx_word' id='word_1_626' title='bbox 1172 5257 1267 5319; x_wconf 86' lang='lat' dir='ltr'><strong>lixam</strong></span> <span class='ocrx_word' id='word_1_627' title='bbox 1282 5261 1313 5316; x_wconf 89' lang='lat' dir='ltr'><strong>at</strong></span> <span class='ocrx_word' id='word_1_628' title='bbox 1327 5255 1504 5317; x_wconf 88' lang='lat' dir='ltr'><strong>intricatum</strong></span> <span class='ocrx_word' id='word_1_629' title='bbox 1526 5251 1761 5316; x_wconf 72' lang='lat' dir='ltr'><strong>contessionem</strong></span> <span class='ocrx_word' id='word_1_630' title='bbox 1784 5249 1859 5330; x_wconf 90' lang='lat' dir='ltr'><strong>apud</strong></span> <span class='ocrx_word' id='word_1_631' title='bbox 1873 5245 1931 5307; x_wconf 75' lang='lat' dir='ltr'><strong>inte</strong></span> 
     </span>
     <span class='ocr_line' id='line_1_55' title="bbox 328 5339 1931 5427; baseline -0.008 -17"><span class='ocrx_word' id='word_1_632' title='bbox 328 5348 509 5410; x_wconf 89' lang='lat' dir='ltr'><strong>absolvendi</strong></span> <span class='ocrx_word' id='word_1_633' title='bbox 537 5348 758 5411; x_wconf 73' lang='lat' dir='ltr'><strong>iurisdictione</strong></span> <span class='ocrx_word' id='word_1_634' title='bbox 786 5349 928 5427; x_wconf 92' lang='lat' dir='ltr'><strong>pollere,</strong></span> <span class='ocrx_word' id='word_1_635' title='bbox 958 5351 1119 5408; x_wconf 88' lang='lat' dir='ltr'><strong>reservata</strong></span> <span class='ocrx_word' id='word_1_636' title='bbox 1173 5345 1288 5406; x_wconf 90' lang='lat' dir='ltr'><strong>riorem</strong></span> <span class='ocrx_word' id='word_1_637' title='bbox 1310 5342 1511 5406; x_wconf 88' lang='lat' dir='ltr'><strong>Sacerdotem</strong></span> <span class='ocrx_word' id='word_1_638' title='bbox 1532 5341 1642 5403; x_wconf 90' lang='lat' dir='ltr'><strong>inians.</strong></span> <span class='ocrx_word' id='word_1_639' title='bbox 1663 5339 1726 5399; x_wconf 91' lang='lat' dir='ltr'><strong>sub</strong></span> <span class='ocrx_word' id='word_1_640' title='bbox 1749 5341 1931 5426; x_wconf 54' lang='lat' dir='ltr'><strong>sruempeott·</strong></span> 
     </span>
     <span class='ocr_line' id='line_1_56' title="bbox 326 5417 1928 5516; baseline -0.01 -18"><span class='ocrx_word' id='word_1_641' title='bbox 326 5441 456 5516; x_wconf 86' lang='lat' dir='ltr'><strong>paccata</strong></span> <span class='ocrx_word' id='word_1_642' title='bbox 469 5437 561 5498; x_wconf 89' lang='lat' dir='ltr'><strong>simul</strong></span> <span class='ocrx_word' id='word_1_643' title='bbox 576 5453 647 5498; x_wconf 90' lang='lat' dir='ltr'><strong>cum</strong></span> <span class='ocrx_word' id='word_1_644' title='bbox 662 5435 731 5498; x_wconf 89' lang='lat' dir='ltr'><strong>aliis</strong></span> <span class='ocrx_word' id='word_1_645' title='bbox 745 5437 830 5516; x_wconf 91' lang='lat' dir='ltr'><strong>apud</strong></span> <span class='ocrx_word' id='word_1_646' title='bbox 844 5435 947 5515; x_wconf 91' lang='lat' dir='ltr'><strong>ipsum</strong></span> <span class='ocrx_word' id='word_1_647' title='bbox 966 5435 1115 5514; x_wconf 71' lang='lat' dir='ltr'><strong>deponat,</strong></span> <span class='ocrx_word' id='word_1_648' title='bbox 1172 5435 1239 5498; x_wconf 87' lang='lat' dir='ltr'><strong>tum</strong></span> <span class='ocrx_word' id='word_1_649' title='bbox 1253 5431 1380 5512; x_wconf 89' lang='lat' dir='ltr'><strong>aliquod</strong></span> <span class='ocrx_word' id='word_1_650' title='bbox 1394 5431 1588 5490; x_wconf 87' lang='lat' dir='ltr'><strong>reservatum</strong></span> <span class='ocrx_word' id='word_1_651' title='bbox 1608 5423 1769 5505; x_wconf 88' lang='lat' dir='ltr'><strong>subjiciat,</strong></span> <span class='ocrx_word' id='word_1_652' title='bbox 1790 5442 1841 5486; x_wconf 89' lang='lat' dir='ltr'><strong>nec</strong></span> <span class='ocrx_word' id='word_1_653' title='bbox 1857 5417 1928 5502; x_wconf 74' lang='lat' dir='ltr'><strong>possit</strong></span> 
     </span>
    </p>
   </div>
   <div class='ocr_carea' id='block_1_3' title="bbox 0 0 2022 6340">
    <p class='ocr_par' dir='ltr' id='par_1_7' title="bbox 0 0 2022 6340">
     <span class='ocr_line' id='line_1_57' title="bbox 0 0 2022 6340; baseline 0 0"><span class='ocrx_word' id='word_1_654' title='bbox 0 0 2022 6340; x_wconf 95' lang='lat' dir='ltr'><strong> </strong></span> 
     </span>
    </p>
   </div>
  </div>
 </body>
</html>
