3976 6348
670 615 722 677 DE
747 613 1011 678 MATRIMONIO.
1594 613 1652 672 117

44 801 135 882 primur
152 799 186 862 de
200 809 375 882 paupertate
395 799 556 882 indefinite,
585 810 611 862 et
635 811 732 864 stator
754 821 802 864 ar·
859 801 1021 881 opiniones
1044 800 1202 863 concludit
1225 817 1297 860 eum
1321 800 1381 860 diei
1397 815 1573 880 pauperem,
1599 797 1652 877 qui

15 939 16 944 ,
45 889 365 952 orientaliumque:
383 889 804 973 Ouinonbubettaotumquo
858 889 964 950 labore
979 907 1035 949 suo
1055 889 1149 950 debet
1175 887 1233 948 sihi
1257 887 1375 948 vietum
1399 904 1554 965 qnaerere3
1580 901 1653 944 eum

45 979 109 1044 rieul,
122 975 225 1037 dictur
245 995 368 1057 pauper,
385 979 431 1040 ael
443 977 563 1058 quando
577 999 634 1039 non
647 987 741 1060 potest
754 997 804 1039 ea·
858 975 1067 1044 miserabilem,
1095 976 1147 1056 qui
1171 979 1293 1036 tantum
1313 975 1420 1034 labore
1442 991 1510 1049 888,
1536 978 1568 1033 81
1589 989 1651 1032 888

43 1065 238 1146 plereosfieium
251 1086 334 1126 auam
348 1065 384 1126 de
394 1086 456 1127 suo.
470 1068 590 1128 Saltem
601 1065 709 1128 omncs
719 1085 805 1128 com·
859 1064 919 1125 alio
934 1065 1027 1126 modo
1043 1069 1217 1125 sustentare
1233 1081 1265 1124 88
1288 1066 1409 1142 881881;
1426 1067 1577 1140 putatque
1593 1059 1653 1120 hoe

44 1153 294 1213 nauiteriatentur
314 1153 402 1212 illum
423 1171 490 1214 esse
513 1155 662 1215 canonice
686 1173 804 1232 paupe·
859 1153 962 1214 adhuc
986 1171 1053 1212 8888
1081 1169 1206 1228 rerum,
1239 1151 1381 1230 quamvis
1409 1171 1446 1210 ex
1474 1149 1574 1228 agello
1603 1145 1653 1205 vel

44 1258 101 1316 rem,
121 1239 165 1318 qui
182 1239 302 1319 ubsque
321 1241 539 1302 imminutione
554 1241 602 1302 sui
620 1245 717 1304 status
740 1259 803 1301 nou
859 1240 984 1300 aliunde
1000 1239 1114 1300 babeat
1127 1239 1263 1318 aliquem
1279 1239 1436 1299 modicum
1452 1235 1650 1315 proventum,

43 1331 120 1408 potest
138 1328 253 1388 solvere
278 1330 356 1389 1888
378 1347 435 1406 888
464 1329 695 1407 dispensatione
725 1329 805 1391 ohti·
859 1348 896 1389 88
912 1328 995 1407 quod
1010 1331 1136 1387 8888881
1150 1326 1234 1404 piam
1249 1328 1380 1386 Matrem
1395 1322 1566 1385 Ecclesiam
1581 1338 1653 1380 eum

43 1415 121 1474 nenda
137 1417 240 1476 Roma.
259 1417 337 1478 Gob.
355 1425 377 1476 t.
394 1421 424 1494 0,
440 1437 470 1478 8.
488 1420 564 1492 651,
586 1421 675 1494 88181
693 1415 805 1476 mulie·
858 1414 912 1475 tali
937 1414 1050 1474 misero
1079 1413 1204 1474 homine
1227 1413 1308 1473 nolle
1325 1411 1453 1490 rigidius
1469 1409 1649 1489 procedere.

44 1520 92 1562 reu
108 1521 165 1562 esse
187 1521 373 1582 pauperem,
391 1523 460 1583 quaa
485 1510 571 1564 earet
594 1504 666 1565 dote
687 1503 726 1564 ad
747 1521 804 1562 nu-
859 1498 954 1560 Addit
965 1501 1058 1561 etiam
1074 1519 1127 1561 eos
1142 1501 1203 1562 dici
1215 1500 1320 1560 vivere
1332 1500 1437 1560 labore
1447 1496 1650 1571 etindustria‚

43 1589 150 1650 bendum
176 1595 264 1652 extra
292 1592 512 1670 cognationem
541 1592 590 1651 vol
621 1591 805 1652 affinitatem
859 1588 997 1666 quinon
1021 1593 1142 1651 tantum
1170 1589 1277 1650 labore
1306 1588 1460 1668 corporis,
1484 1587 1539 1646 sed
1559 1585 1654 1647 etiam

15 1677 16 1752 ξ
43 1676 91 1737 rim
108 1677 181 1756 paris
204 1680 393 1742 conditionis
414 1698 539 1751 secum;
562 1685 703 1741 econtra
718 1679 804 1738 illum
859 1676 954 1736 animi
978 1677 1094 1738 debent
1121 1676 1179 1736 sibi
1208 1677 1324 1737 vietum
1349 1695 1498 1756 quaerere.
1526 1673 1655 1734 Addunt

15 1795 17 1842 5
43 1765 121 1826 818888
135 1768 248 1828 8888881
265 1788 449 1848 pauperem,
466 1769 519 1848 qui
535 1767 575 1829 ob
590 1768 728 1847 inopiam
750 1784 806 1826 ne·
859 1765 903 1824 De
917 1765 1013 1826 ι188118
1027 1770 1058 1826 81
1071 1765 1213 1825 Kerehne
1237 1785 1266 1824 n.
1293 1767 1361 1840 162,
1379 1761 1653 1824 88818888118861

15 1849 17 1888 ἕ
44 1851 93 1931 quit
103 1855 229 1931 reperire
244 1855 302 1914 sibi
320 1875 449 1916 uxorem
467 1871 577 1933 parem
600 1854 755 1916 natalibus
775 1855 806 1912 et
859 1870 899 1912 88
923 1852 1094 1914 immobilia
1122 1853 1260 1914 habeant
1287 1853 1385 1927 bona,
1406 1852 1460 1911 sed
1487 1869 1564 1930 quos
1581 1867 1655 1928 888-

15 1935 16 2010 ]
44 1939 174 2018 dignitate.
197 1941 306 2018 Addit,
332 1942 515 2022 simpliciter
539 1942 695 2021 loquendo
716 1940 805 2000 illum
859 1944 970 2000 ventus
997 1959 1035 2000 ex
1058 1940 1118 2001 illis
1143 1941 1281 2001 habeant
1302 1941 1435 2001 deducto
1457 1958 1519 2000 888
1539 1939 1652 2013 811888,

15 2027 17 2084 i
44 2027 135 2087 8888881
147 2047 328 2108 pauperem,
346 2031 397 2111 qui
414 2048 474 2091 non
490 2029 586 2091 habet
600 2034 688 2090 scuta
701 2031 751 2103 50,
772 2029 806 2087 ut
859 2028 1019 2107 impensis,
1036 2029 1200 2102 oneribus;
1218 2031 1244 2090 si
1265 2030 1349 2090 enim
1369 2033 1434 2089 tam
1462 2045 1574 2106 parum
1597 2025 1655 2085 ha-

15 2123 17 2178 ῗ
43 2113 202 2178 81188888.
227 2119 268 2178 Et
292 2118 461 2178 universim
484 2116 580 2178 tradit
604 2112 805 2177 1181888818
859 2116 965 2192 beant,
987 2116 1109 2176 8118188
1131 2116 1171 2176 ad
1199 2116 1369 2178 vivendum
1391 2119 1544 2194 cogantur
1570 2114 1655 2174 labo·

16 2229 17 2240 8
44 2202 87 2262 bac
97 2205 216 2265 materia
231 2205 341 2266 haberi
355 2222 521 2285 pauperes,
538 2204 590 2282 qui
602 2203 803 2282 agricultura,
860 2222 942 2280 rare,
954 2207 1121 2266 censentur
1131 2222 1203 2264 vere
1215 2223 1369 2283 pauperes
1380 2203 1583 2278 miserabiles,
1596 2218 1654 2261 888

44 2290 151 2368 opificio,
165 2297 231 2354 arte
252 2293 346 2354 etiam
361 2293 493 2370 liberali,
512 2296 547 2353 81
560 2290 806 2371 pharmacopoea
861 2298 1006 2354 tenantur
1027 2292 1145 2353 bonum
1168 2293 1306 2353 vendere
1333 2297 1368 2351 ut
1390 2295 1495 2352 texam
1519 2291 1651 2350 solvant.

15 2373 17 2422 i
44 2392 67 2434 88
78 2377 272 2460 familiamque
290 2400 379 2441 suam
394 2381 491 2442 alunt.
861 2384 984 2444 Certum
1001 2383 1166 2442 astantem
1180 2399 1242 2440 non
1257 2398 1326 2442 esse
1341 2380 1392 2440 hie
1411 2379 1561 2440 canonice
1576 2397 1655 2457 pau-

15 2425 28 2540 l
72 2464 119 2542 §2
132 2467 205 2538 Ouia
230 2469 461 2548 deprehensum
485 2474 532 2532 est
549 2469 701 2549 quosdam
715 2465 805 2526 titulo
860 2487 979 2549 parem,
995 2467 1047 2548 qui
1063 2468 1166 2546 reipsa
1180 2468 1268 2528 dives
1283 2471 1331 2530 est
1345 2473 1376 2530 et
1386 2467 1579 2529 vivitlabore
1590 2483 1654 2526 ma-

15 2549 17 2612 i
43 2557 203 2629 paupertatis
217 2575 291 2616 usos
308 2575 394 2633 8888,
416 2557 468 2638 qui
493 2557 613 2618 solvere
632 2553 807 2635 8818188881
862 2575 975 2632 nuum,
992 2556 1067 2634 quia
1080 2573 1152 2616 eum
1166 2575 1226 2618 non
1243 2575 1281 2616 ex
1297 2555 1481 2617 necessitate
1496 2554 1541 2616 sic
1555 2553 1652 2629 vivat,

15 2709 16 2720 ἢ
45 2638 126 2700 Roma
138 2643 385 2722 compositiones,
399 2649 429 2705 et
444 2646 462 2706 J
466 2663 522 2706 ura
534 2643 731 2718 011181811888,
748 2643 808 2702 Ur·
862 2659 924 2702 888
938 2647 985 2704 881
997 2643 1194 2720 miserabilis,
1210 2645 1273 2705 imo
1288 2662 1346 2704 888
1360 2661 1491 2722 pauper.

15 2721 17 2848 j
45 2719 206 2806 1811881111,
230 2731 301 2792 1888
324 2732 483 2810 clausula,
499 2731 653 2794 dummodo
667 2730 808 2811 1881888-
901 2730 919 2807 ἓ
932 2733 961 2791 3.
979 2733 1131 2793 Putarunt
1144 2732 1239 2814 aliqui
1254 2732 1322 2792 illos
1336 2749 1427 2810 posse
1437 2731 1489 2792 hio
1503 2731 1563 2791 dici
1579 2749 1654 2808 pau·
1681 2746 1721 2790 888

15 2853 17 2882 ι
43 2817 635 2898 8888881881,8818118881088886
658 2819 716 2900 ipat
732 2835 807 2898 pau·
862 2835 964 2896 88888,
990 2817 1042 2896 qui
1065 2818 1168 2878 adhue
1192 2823 1265 2880 sunt
1284 2819 1341 2880 sub
1365 2821 1518 2896 potestate
1542 2834 1655 2895 pareu-

41 2923 103 2982 peres
117 2915 141 2965 et
160 2907 333 2968 miserabiles
354 2909 495 2976 88181881,
520 2929 555 2969 88
577 2906 755 2970 salulutare
781 2911 809 2963 et
863 2913 940 2973 tum,
962 2924 1019 2966 nee
1039 2906 1070 2966 in
1091 2925 1124 2966 re
1142 2906 1260 2968 habent
1275 2907 1359 2968 bona
1375 2907 1490 2985 alique,
1513 2904 1656 2984 quamvis

15 3061 17 3082 ἡ
45 2991 281 3058 armenzanum
295 2995 490 3064 aroanahine
505 2997 633 3058 Corrad.
650 2996 670 3056 l.
688 2999 717 3071 8,
734 3012 758 3054 8.
776 2995 806 3068 5,
863 3011 919 3054 888
948 2998 1089 3073 tempore
1123 2997 1288 3072 expectent
1316 2994 1465 3072 pinguem
1493 2992 1656 3052 haeredita·

15 3085 17 3164 'j
46 3101 67 3140 n.
79 3085 102 3158 t,
116 3088 194 3145 notat
206 3103 265 3162 per
278 3103 433 3163 pauperes
448 3084 578 3164 intelligi
593 3100 742 3162 personas
752 3079 808 3140 mi·
864 3087 945 3156 tem;
968 3083 1023 3143 sed
1039 3086 1147 3143 eontra
1170 3087 1226 3158 881,
1251 3101 1323 3143 nam
1339 3081 1364 3142 si
1380 3083 1439 3142 boc
1453 3083 1546 3157 valet,
1564 3081 1657 3160 pleri-

15 3167 17 3216 1
46 3170 174 3246 8888181188,
190 3189 249 3232 888
263 3171 419 3232 verificari
429 3176 657 3250 paupertatem,
670 3169 727 3230 nisi
739 3186 809 3248 pro·
864 3189 924 3250 que
939 3170 992 3231 0111
1008 3170 1187 3249 Principum
1208 3174 1281 3232 sunt
1294 3189 1449 3250 pauperes
1463 3170 1586 3230 vivente
1602 3188 1658 3248 pa·

45 3255 115 3317 betur
126 3259 212 3320 etiam
226 3258 558 3320 88188886111188.1118.
582 3262 629 3336 li,
647 3258 740 3320 (11811;
754 3258 808 3320 Ille
863 3263 951 3320 88818
971 3278 977 3319 :
1005 3258 1087 3318 unde
1111 3263 1194 3319 88818
1219 3257 1295 3320 dicit
1316 3261 1435 3320 'luscus
1453 3277 1549 3337 supra
1563 3257 1654 3318 concl.

46 3342 134 3405 dieitur
144 3364 273 3425 pauper,
290 3348 342 3427 qui
358 3366 422 3407 888
439 3347 535 3408 habet
549 3347 581 3408 in
595 3347 685 3408 bonis
699 3349 739 3407 50
753 3364 810 3406 au·
865 3349 932 3423 161,
948 3345 1020 3407 18188
1032 3365 1092 3406 non
1106 3365 1162 3408 esse
1176 3345 1295 3406 omne'oo
1316 3345 1488 3407 1888888188
1497 3363 1654 3426 pauperes,
1703 3354 1707 3359 ’

47 3449 109 3506 tem;
124 3434 168 3494 1118
181 3434 379 3512 miserabilis,
397 3436 437 3495 ad
452 3434 542 3516 eujus
563 3431 810 3496 commiseratio·
857 3444 981 3517 propter
1008 3453 1087 3516 spera
1111 3434 1192 3516 quod
1213 3435 1382 3514 pervenient
1412 3433 1453 3494 ad
1474 3433 1657 3515 pinguiorem

48 3535 100 3578 nem
117 3539 167 3582 uos
192 3525 307 3582 natura
334 3521 481 3598 inclinat,
511 3521 595 3583 cirea
622 3539 692 3600 quae
716 3519 811 3579 debet
858 3523 1027 3604 sartonam.

47 3613 207 3670 8888818888
222 3609 500 3689 extrajudieialiter
513 3610 694 3670 informare.
714 3606 812 3669 Addit
904 3613 964 3692 §a
991 3611 1023 3673 Si
1048 3611 1117 3690 quis
1141 3613 1233 3671 antea
1255 3628 1386 3689 pauper,
1412 3615 1483 3688 post
1502 3610 1657 3689 signatam
1686 3627 1727 3671 aso

41 3711 112 3755 8888.
127 3700 159 3757 15
175 3715 182 3757 :
198 3697 368 3776 apponitur
382 3697 467 3776 quod
486 3696 593 3759 vivant
607 3715 645 3756 ex
658 3696 764 3756 labore
780 3697 811 3755 81
866 3704 971 3762 Romae
995 3699 1169 3778 supplicam
1190 3699 1222 3758 in
1243 3699 1344 3760 forma
1358 3698 1573 3760 commissoria
1587 3702 1658 3758 ante

47 3781 170 3845 industria
181 3803 331 3846 manuum
346 3793 477 3862 tantum,
501 3804 570 3865 quae
590 3785 683 3846 dictio
703 3780 810 3862 adjici·
865 3788 1082 3850 executionem
1095 3789 1185 3848 heret
1198 3787 1296 3863 divae,
1316 3791 1399 3849 reete
1414 3787 1490 3848 dicit
1503 3785 1658 3848 Corradus

48 3871 128 3932 tnred
140 3872 359 3949 denotandum,
376 3873 462 3953 quod
480 3877 620 3934 oratores
639 3875 753 3950 praeter
767 3871 810 3930 la·
865 3895 950 3936 num.
967 3878 1017 3953 30,
1043 3875 1137 3936 talem
1161 3892 1221 3934 nou
1246 3893 1336 3953 posse
1354 3873 1539 3936 contrahere
1554 3871 1658 3936 hlutri·

48 3953 132 4019 barem
149 3966 178 4020 et
196 3960 383 4021 industriam
402 3978 555 4022 manuum
578 3978 706 4022 suarum
725 3958 809 4019 nullo
865 3963 1004 4024 menium
1018 3963 1049 4022 vi
1064 3961 1307 4041 dispensationis
1322 3961 1457 4022 obtentae
1472 3960 1605 4038 allegata
1619 3958 1659 4017 11-

49 4045 187 4108 8118888818
206 4047 312 4108 vivere
333 4048 464 4126 possint,
487 4053 518 4108 et
539 4049 583 4109 818
597 4067 654 4126 888
668 4065 739 4108 eam
758 4065 811 4106 ex·
864 4051 929 4112 1818
944 4050 1148 4129 paupertatis,
1175 4049 1248 4128 quia
1268 4048 1457 4128 dispensatio
1472 4045 1660 4124 respiciebat

49 4131 155 4196 eluditur
176 4135 277 4197 omnis
303 4135 382 4195 81188
409 4135 522 4196 modus
545 4134 682 4212 vivendi,
700 4139 731 4195 81
752 4133 811 4194 1818
865 4143 1000 4217 1888888,
1019 4155 1081 4198 888
1095 4139 1216 4197 tantum
1234 4153 1295 4215 quo
1310 4136 1486 4214 petebatur,
1499 4133 1659 4194 sedetiam

50 4221 131 4282 omnia
145 4222 283 4302 pluribus
302 4222 345 4282 ibi
363 4221 517 4297 deelarat;
542 4221 675 4302 ideoque
699 4221 811 4301 aliquis
866 4246 928 4306 quo
943 4225 1117 4288 executioni
1130 4225 1258 4285 daretur
1268 4224 1469 4302 dispensatio,
1486 4221 1659 4283 secundum

49 4305 161 4370 illustria
177 4308 616 4386 Nuntiushpostoiieusanno
633 4309 812 4372 18880818-
867 4314 999 4375 dicenda
1027 4330 1112 4374 num.
1137 4313 1213 4388 903,
1236 4310 1372 4372 debebat
1395 4311 1478 4371 enim
1501 4308 1658 4388 inquirere

49 4395 93 4454 818
105 4397 303 4476 interrogatus
316 4396 498 4472 declaravit,
510 4415 549 4456 ex
563 4405 638 4458 uota
654 4397 711 4458 sibi
722 4396 813 4475 praxi
867 4419 1035 4481 exequens.

49 4482 172 4562 11818888,
196 4486 278 4546 solos
301 4503 354 4546 eos
379 4487 485 4546 Romae
509 4504 664 4564 pauperes
689 4485 810 4561 haberi,
906 4491 968 4568 55.
986 4488 1063 4551 Gob.
1075 4505 1161 4548 num.
1173 4489 1243 4564 659,
1256 4487 1377 4565 8818811
1386 4487 1528 4548 sufficere
1539 4487 1565 4548 si
1580 4504 1660 4548 8888
1688 4507 1728 4552 888

50 4571 208 4647 8811881888
221 4575 264 4634 80
276 4577 362 4635 88818
381 4572 413 4633 18
436 4569 611 4634 redditibus
630 4573 742 4634 annuis
756 4573 813 4634 ha·
867 4594 1055 4655 sponsorum
1069 4575 1109 4636 sit
1122 4593 1253 4653 pauper,
1273 4575 1415 4653 quamvis
1439 4576 1533 4637 etiam
1554 4575 1585 4635 in
1601 4577 1661 4636 118-

49 4655 113 4738 1881,
135 4680 169 4723 88
194 4661 234 4722 de
259 4661 375 4740 reliquo
399 4661 507 4722 labore
535 4679 685 4722 manuum
707 4662 812 4723 vivere
867 4663 982 4741 8881818
994 4665 1128 4739 ponatur
1146 4658 1231 4738 quod
1245 4659 1306 4721 sint
1320 4679 1485 4739 pauperae,
1502 4661 1576 4741 quia
1585 4679 1660 4740 pau·

50 4745 223 4828 181881;888
239 4749 287 4809 his
308 4768 382 4810 vero
402 4749 555 4827 partibus,
571 4749 662 4829 juxte
675 4753 813 4828 potesta·
866 4755 971 4828 pertas
992 4750 1084 4809 unius
1098 4737 1209 4827 gravat
1225 4747 1320 4807 etiam
1335 4747 1483 4822 alterum3
1505 4748 1560 4810 sed
1575 4750 1660 4808 recte

50 4837 97 4895 188
108 4855 155 4898 888
169 4837 329 4899 facultates
353 4835 476 4897 Ν881118
500 4841 531 4897 81
553 4836 715 4915 1181888818
738 4855 813 4897 con·
867 4837 1053 4899 contradicit
1067 4839 1153 4898 Corr.
1170 4853 1201 4895 8.
1218 4839 1247 4896 2.
1261 4836 1340 4897 Hine
1349 4837 1510 4916 utriusque
1525 4854 1660 4916 pauper-

51 4935 141 4998 oaaas,
159 4924 226 4984 11188
250 4921 465 4985 solescenseri
484 4941 648 5002 88888888,
667 4925 812 5003 quiadeo
866 4929 960 4987 tatem
992 4924 1109 5004 requiri
1138 4925 1253 5003 allegat
1283 4929 1391 5002 postea
1421 4925 1552 5004 ipsemet
1580 4924 1657 4985 Gob.

50 5021 175 5086 pauperes
201 5015 233 5071 81
256 5010 445 5071 miserabiles
469 5014 551 5085 sunt,
583 5014 617 5072 ut
640 5013 812 5072 Romanam
867 5030 953 5073 num.
983 5016 1053 5087 066,
1083 5032 1120 5072 ex
1149 5029 1297 5089 responso
1326 5012 1489 5092 cujusdam
1513 5011 1605 5092 periti
1628 5011 1659 5071 in

51 5097 149 5157 6881881
162 5099 248 5159 adira
263 5116 321 5160 non
345 5099 466 5177 possint
479 5098 546 5159 sine
561 5117 676 5177 magno
694 5100 812 5160 incom—
866 5103 947 5178 stylo
963 5101 1075 5164 Curiae.

51 5183 131 5262 modo,
145 5185 202 5246 hoo
215 5190 274 5262 881,
287 5187 406 5247 solvere
422 5186 616 5264 nonpossint
630 5186 720 5250 isthic
734 5190 811 5249 lura
905 5189 967 5266 §d
984 5188 1073 5249 01888
1095 5187 1225 5247 modum
1249 5188 1402 5266 probandi
1427 5190 1657 5266 paupertatem,
1687 5213 1725 5257 gap

51 5285 92 5344 pro
106 5291 271 5351 pauperum
283 5272 565 5352 dispensationibus
580 5277 695 5350 188818,
709 5293 738 5336 v.
751 5279 812 5354 g.8
867 5275 950 5336 edite
965 5279 1012 5334 881
1025 5274 1107 5351 typis
1118 5291 1253 5352 sequens
1262 5275 1438 5350 instructio,
1455 5275 1604 5354 requisita
1619 5272 1660 5332 ad

51 5357 130 5420 88110
148 5364 249 5436 scuta,
266 5365 317 5421 aut
337 5360 433 5422 etiam
453 5361 616 5439 81888888
632 5361 811 5424 diversitate
866 5361 1056 5421 conficienda
1070 5361 1269 5438 probationes
1280 5362 1364 5422 81888
1373 5365 1590 5440 paupertatem
1604 5378 1660 5438 pe-

52 5445 177 5519 prunum
191 5453 222 5510 81
235 5465 400 5508 causarum
417 5448 450 5507 in
474 5447 631 5527 ejusmodi
653 5447 813 5526 dispensa·
866 5449 998 5513 tentiam
1008 5448 1255 5525 dispensationes
1265 5449 1510 5512 matrimoniales
1524 5452 1586 5512 aS.
1604 5451 1660 5512 Se-

52 5529 277 5600 tonitrualium.
292 5553 310 5598 a
323 5555 353 5599 n.
369 5539 458 5615 2201,
471 5537 667 5616 88818818188
678 5536 812 5600 aliorum
867 5535 906 5598 de
921 5534 1109 5618 Apostoliea.
