3968 6346
324 571 346 634 c
667 571 788 636 innox
810 572 981 637 cASUUM.
1122 593 1128 598 ·
1305 573 1328 638 c
1609 581 1647 643 17

21 761 105 826 accipit
119 759 247 824 psannios
262 772 329 824 qaas
346 759 374 808 in
397 759 451 808 alio
466 759 525 809 loco
542 759 716 824 perfectores
733 775 795 811 suos

21 832 134 882 dolandit.
145 833 172 881 ³·
182 833 227 882 0000
241 831 379 882 cambium
393 831 474 892 reale,
486 843 547 880 cam
557 843 680 896 campsar
689 831 734 882 hic
748 831 794 881 dat

21 903 139 966 00000000,
152 905 183 952 00
197 915 243 950 eas
257 901 324 950 alibi
338 902 459 964 recipiat.
477 903 537 951 llaec
547 902 597 951 tria
614 915 713 964 genera
726 915 797 951 cam·

20 973 112 1021 biorom
123 975 185 1020 sunt
198 971 284 1020 licita.
303 972 330 1021 l·
347 971 393 1021 Est
409 971 546 1020 cambium
567 970 670 1032 fletum,
686 985 732 1020 seu
748 972 797 1021 sic·

20 1055 78 1101 sam,
91 1041 158 1104 quod
175 1040 247 1091 nibil
268 1040 344 1090 aliud
368 1043 417 1102 cst,
442 1053 523 1104 quam
548 1041 644 1091 titulus
659 1041 795 1103 lucrandi,

21 1113 79 1174 qood
93 1116 131 1162 est
148 1111 285 1173 illicitum,
309 1125 325 1160 a
349 1123 375 1160 n.
393 1113 461 1162 1020.
478 1112 621 1162 cambium
636 1111 795 1162 Francoiur·

22 1188 83 1233 Mose
95 1182 227 1232 ordinarie
243 1185 284 1232 est
306 1182 422 1242 licitum,
447 1181 556 1232 ibidem.
575 1181 678 1231 Cambii
692 1182 796 1244 justum

22 1254 119 1316 prelium
133 1257 179 1312 cst,
198 1252 272 1316 qnod
287 1251 355 1315 lege,
376 1251 420 1301 vel
437 1251 643 1312 consuetudine,
661 1251 703 1300 vel
722 1263 797 1300 com-

22 1323 83 1370 moni
91 1322 230 1372 bominum
246 1323 392 1386 proborum
403 1323 582 1372 {estimatione
595 1325 794 1382 0000100οι00.

23 1394 77 1442 1030.
91 1391 126 1441 dd
145 1391 283 1454 justitiam
297 1391 396 1440 cambii
415 1393 497 1440 varim
524 1392 693 1441 conditiones
707 1391 796 1454 requi-

24 1465 111 1521 rantur,
133 1475 188 1510 an.
206 1463 276 1511 1032.
301 1459 393 1511 cuivis
417 1460 521 1510 licitum
546 1465 586 1510 cst
609 1461 742 1511 cambiare
758 1474 797 1510 sc·

22 1529 82 1580 elusa
95 1531 276 1596 prohibitione
290 1531 469 1594 Magistratus,
479 1545 505 1580 n.
522 1533 590 1580 1037.

317 1643 479 1692 crotperti.

46 1731 173 1795 Campanae
188 1745 246 1782 non
267 1731 415 1782 benedicta
433 1745 486 1780 non
507 1731 649 1795 pulsantur
664 1744 711 1792 pro
726 1735 795 1780 tem·

24 1799 72 1862 plis,
82 1801 96 1849 l.
105 1803 129 1860 3,
143 1815 166 1863 p.
178 1804 202 1861 2,
215 1813 292 1851 num.
307 1801 377 1861 2055,
393 1801 422 1849 D.
440 1803 492 1850 105.
505 1801 553 1850 Eas
566 1799 745 1850 benedicendi
757 1799 797 1848 la·

23 1869 132 1918 cultatem
152 1869 256 1919 babent
274 1869 391 1920 abbates
404 1870 571 1920 Pontillcalia
588 1873 751 1920 exercentes.
767 1869 797 1919 ln

24 1939 155 1990 Coloniensi
170 1945 198 1990 et
223 1941 374 1990 trevirensi
395 1940 647 2000 drcbidioeeesibus,
671 1939 796 1990 commit-

23 2011 78 2058 titur
104 2010 182 2059 etiam
205 2011 399 2074 Superioribus
425 2011 573 2072 Onlinam,
602 2016 629 2061 et
656 2010 797 2062 societatis

23 2078 93 2140 tiso,
108 2083 154 2128 etc.
174 2093 200 2130 n.
216 2083 273 2130 000.
289 2081 442 2131 benedictae
462 2081 563 2144 pulsari
578 2093 634 2131 non
648 2079 749 2131 debent
761 2079 796 2130 ad

25 2149 126 2212 prolana,
140 2149 191 2199 nisi
201 2151 239 2200 sit
253 2151 404 2214 necessitas,
420 2166 447 2201 n.
458 2153 511 2202 005.
527 2152 726 2215 Campanorum
736 2151 797 2215 pul-

24 2220 78 2268 satio
99 2220 124 2268 in
150 2221 270 2271 Sabbata
297 2226 391 2272 sancto
423 2223 498 2284 sequi
522 2221 602 2272 debet
629 2221 795 2282 Parocbiom,

24 2290 112 2350 00055,
122 2290 150 2338 ll.
162 2292 215 2340 130.
228 2291 394 2354 Campanula
406 2291 433 2341 in
449 2291 529 2341 Missa
543 2304 600 2340 non
609 2289 796 2350 benedicitur3

24 2359 60 2406 illa
72 2373 119 2408 non
134 2360 214 2410 datur
231 2360 350 2424 signum,
365 2362 418 2410 nisi
432 2361 467 2411 00
482 2362 596 2422 Sensim
614 2366 641 2411 et
654 2362 796 2424 utramque

24 2427 188 2492 elevationem,
205 2445 231 2480 n.
249 2433 302 2482 000.
313 2433 478 2496 campanam
492 2431 603 2496 pulsans
614 2431 684 2492 ideo,
695 2434 797 2480 atreus

25 2500 127 2550 00000100
140 2500 265 2564 ducatur,
284 2505 333 2552 000
351 2506 381 2552 01
399 2501 487 2552 ludex
501 2503 530 2551 in
544 2501 597 2551 tine
615 2501 710 2564 pulsus
724 2500 795 2563 legat

25 2571 103 2620 mortis
123 2573 295 2634 sententiam,
314 2575 363 2622 000
383 2572 416 2622 00
436 2573 597 2623 seditionem
618 2569 795 2634 excitandam,

25 2637 49 2688 lt
61 2641 208 2704 irregularis,
224 2643 243 2692 l.
258 2645 284 2705 ¹l,
298 2657 325 2693 n.
335 2645 390 2693 531.
406 2645 602 2706 campanarum
617 2642 709 2706 pulsus
720 2643 797 2704 jurat

26 2709 144 2762 defunctos
158 2713 301 2776 indirecte,
316 2714 333 2763 l.
345 2715 368 2775 3,
380 2728 405 2778 p.
416 2717 440 2776 2,
452 2727 478 2763 n.
490 2715 558 2764 1300.

202 2827 428 2878 nasccntium
442 2829 585 2880 acutat.

49 2921 202 2975 3000001000
221 2927 350 2976 Romana
368 2927 468 2990 regulae
491 2927 613 2990 obligant
631 2923 741 2988 ubique,
755 2925 796 2974 uti

26 2993 99 3055 praxis
111 2993 193 3057 docet,
212 2997 310 3046 saltem
331 2997 383 3048 illa
405 3009 519 3060 quarum
534 2995 650 3047 materia
665 2999 704 3045 est
723 3009 796 3044 corn·

26 3063 99 3182 0050050
118 3068 143 3115 et
162 3077 217 3116 non
234 3067 357 3117 restricte
378 3067 412 3117 ad
430 3067 577 3118 Romanam
594 3067 711 3125 Curiam,
733 3064 752 3114 l.
775 3069 796 3126 0,

27 3143 48 3178 0.
93 3167 99 3181 .

322 3223 480 3276 cannata.

50 3306 150 3358 candela
164 3323 276 3361 aceensa
286 3309 386 3376 duplex
400 3327 434 3362 ex
449 3327 509 3364 cera
521 3314 672 3378 requiritur
686 3327 734 3378 pro
749 3315 796 3365 Sa·

27 3375 116 3438 m'dcio,
129 3380 162 3430 od
175 3381 324 3432 minimum
338 3383 388 3432 sub
402 3383 519 3443 0000000,
544 3385 572 3433 00
583 3386 740 3434 necessitate
755 3389 796 3435 ta·

27 3458 76 3496 men
87 3448 178 3500 00100ἰο
191 3465 258 3512 000,
270 3453 351 3502 etiam
366 3467 400 3502 cx
416 3453 490 3514 sebo,
506 3458 554 3504 000
563 3455 666 3519 lampas
680 3469 713 3505 ex
727 3456 796 3516 oleo,

28 3513 72 3576 10,
84 3531 106 3581 p
120 3522 142 3580 2,
152 3534 177 3570 n.
187 3523 243 3580 300,
255 3535 272 3572 e
284 3535 312 3573 n.
322 3525 376 3574 302
395 3525 459 3574 Sine
473 3524 530 3574 allo
544 3525 647 3576 lumine
662 3527 797 3578 celebrare

28 3585 119 3650 ingrad
133 3593 291 3644 necessitate
306 3594 474 3656 probabilius
492 3595 634 3657 nonlicet,
652 3611 679 3646 n.
699 3598 752 3646 302.
768 3597 796 3647 Si

27 3661 76 3706 ante
92 3663 317 3712 consecrationem
340 3663 432 3714 lamen
453 3665 666 3730 extingueretur,
683 3669 710 3718 et
725 3681 797 3718 reac-

28 3727 90 3776 cendi
102 3743 152 3780 000
162 3735 261 3795 posset,
277 3733 446 3796 probabilius
456 3735 535 3785 Missa
550 3739 590 3786 est
603 3737 796 3798 continuanda,

29 3807 50 3844 0
62 3799 106 3848 303.
128 3801 155 3852 30
176 3802 295 3852 candelae
314 3816 347 3852 cx
365 3805 428 3854 sebo
447 3807 554 3855 mnium
569 3805 663 3856 baberi
678 3810 797 3870 possent,

29 3867 178 3928 probabiliter
188 3873 251 3924 licet
265 3873 410 3936 celebrare,
426 3875 507 3926 etiam
522 3889 556 3926 ex
570 3876 626 3926 sola
642 3877 797 3938 devotione,

28 3947 50 3984 r.
57 3938 101 3988 335.
115 3941 190 3992 Omni
203 3941 309 3992 lamine
324 3945 444 3995 extincto
467 3945 518 3994 sub
540 3945 640 3996 veniali
661 3959 716 3996 non
734 3947 799 3996 licet

29 4005 97 4069 legere
117 4011 288 4075 Emngelium
303 4015 328 4065 S.
348 4014 472 4075 loannis,
495 4029 522 4065 n.
541 4017 595 4066 307.
617 4017 798 4068 candelarum

30 4073 159 4129 benedictio
172 4081 284 4132 absente
303 4083 431 4148 Episcopo
447 4084 505 4134 deri
516 4086 657 4148 potestdie
674 4087 798 4136 0000000-

30 4145 96 4198 tionis
112 4150 143 4199 ab
162 4161 193 4201 eo
212 4152 259 4216 qui
276 4153 384 4203 Missam
403 4158 444 4205 est
462 4157 627 4216 cantaturus,
652 4171 678 4206 n.
694 4159 764 4219 2055,
781 4171 798 4208 0

28 4215 53 4264 0.
67 4220 112 4268 171.
123 4221 215 4272 Farum
230 4223 388 4274 distributio
402 4225 460 4274 lieri
474 4226 554 4276 debet
563 4228 659 4277 stando
673 4241 734 4278 cum
749 4231 799 4278 mi-

30 4289 61 4335 tra
73 4289 97 4338 in
114 4294 196 4355 eapite
213 4293 248 4344 ab
269 4295 363 4364 coqui
378 4297 550 4360 privilegium
568 4297 650 4348 babet
666 4312 724 4349 eam
738 4313 798 4364 ges-

30 4359 98 4424 aaut,
107 4361 133 4412 D.
146 4367 198 4414 273.
210 4365 250 4415 111)
261 4365 322 4415 aliis
331 4365 440 4417 detecto
451 4367 549 4431 capite,
564 4367 593 4417 D.
610 4371 664 4418 170.

342 4481 458 4532 chON.

849 761 914 811 ibid.
926 759 1055 820 Quamvis
1064 773 1120 810 non
1134 759 1189 810 sint
1203 759 1321 824 clerice,
1336 767 1401 813 sunt
1415 765 1506 812 tamen
1523 764 1646 814 Perscme

853 829 1054 890 Ecclesiastico,
1073 831 1139 880 ibid.
1163 831 1349 893 Probabiliter,
1376 845 1470 883 earam
1489 835 1644 885 Probanda

851 901 941 963 plures
961 901 1019 950 sine
1038 901 1238 964 dispensatione
1249 901 1381 964 possideri
1400 908 1522 966 possunt,
1542 917 1569 954 n.
1588 905 1648 954 230.

851 971 938 1028 Quam
948 969 1140 1034 obligationem
1156 971 1274 1020 habeant
1292 972 1455 1036 procurandi
1474 971 1647 1024 0100000000-

851 1042 956 1102 vinum,
976 1055 1009 1090 ex
1020 1040 1219 1091 consuetudine
1235 1041 1341 1091 desumi
1359 1041 1448 1092 debet.
1468 1043 1649 1094 Probabiliter

851 1123 906 1160 noo
917 1111 1073 1173 obligentur
1083 1110 1118 1160 ad
1129 1111 1263 1174 privatam
1274 1110 1418 1162 lectionem
1435 1113 1577 1176 Mororum,
1593 1115 1647 1163 nisi

850 1181 1019 1232 consuetudo
1035 1183 1071 1232 sit
1090 1183 1234 1242 contrario,
1250 1194 1324 1231 num.
1340 1183 1394 1232 232.
1410 1183 1562 1232 000οο0000
1577 1184 1647 1234 clam

851 1253 974 1301 maritata
994 1250 1170 1315 probabiliter
1191 1263 1246 1300 non
1265 1253 1354 1316 potest
1376 1265 1485 1314 pergere
1508 1251 1646 1304 1000200-

850 1320 948 1382 bcnda,
966 1322 987 1370 si
1007 1325 1137 1371 statutum
1154 1321 1189 1370 sit
1203 1325 1232 1371 ot
1251 1321 1402 1372 castitatem
1427 1327 1534 1373 servent
1556 1323 1647 1374 Cano·

850 1403 944 1452 nessae,
955 1405 971 1440 e
981 1405 1008 1441 n.
1026 1393 1079 1442 233.
1095 1391 1274 1442 Canonsssam
1288 1393 1451 1455 percutiens,
1467 1394 1644 1457 probabiliter

851 1461 964 1512 incurrit
987 1463 1294 1512 excommunicationem
1320 1462 1401 1513 latam
1425 1465 1454 1513 iu
1475 1477 1645 1528 percussores

851 1532 1026 1593 clericorum,
1038 1533 1054 1582 l.
1066 1535 1089 1593 7,
1105 1547 1132 1582 0.
1148 1536 1201 1584 305.
1218 1533 1376 1584 000οο0000
1398 1538 1426 1584 00
1444 1547 1537 1584 earum
1556 1535 1645 1586 libbe·

851 1602 915 1650 lisso
930 1606 1048 1666 spectato
1065 1605 1125 1666 jure
1145 1607 1259 1663 natura,
1275 1608 1349 1653 etex
1363 1610 1525 1670 presumpta
1540 1606 1646 1656 Funda-

851 1675 939 1721 torum
954 1674 1094 1722 voluntate
1104 1687 1159 1722 non
1177 1672 1277 1722 debent
1291 1672 1344 1723 lrui
1359 1673 1608 1738 distributionibus,
1624 1675 1647 1725 ai

850 1741 941 1792 absint
954 1757 970 1793 a
984 1743 1072 1794 cboro
1082 1743 1141 1792 sine
1155 1755 1245 1804 causa,
1255 1743 1273 1792 l.
1285 1744 1308 1804 0,
1318 1755 1394 1792 num.
1406 1746 1459 1794 330.

1130 1846 1363 1898 canonicatus.

882 1933 1062 1984 Canonicatus
1076 1935 1172 1985 estius
1187 1935 1337 1998 spirituale,
1353 1935 1426 2000 quod
1440 1936 1540 2000 aliquis
1550 1938 1583 1988 ad
1595 1938 1646 1987 ca-

852 2003 968 2066 pitulum
982 2007 1105 2066 spectans
1115 2003 1240 2056 babetad
1256 2003 1365 2056 stallum
1380 2007 1409 2055 in
1420 2007 1517 2067 cboro,
1533 2011 1583 2058 etc.
1595 2008 1612 2057 t
1623 2011 1647 2068 0,

851 2085 878 2122 n.
894 2075 947 2122 215.
963 2075 1144 2125 canonicatus
1162 2076 1299 2126 ordinarie
1314 2080 1377 2127 sunt
1397 2078 1530 2128 beneflcio
1546 2080 1647 2130 incom-

852 2143 984 2206 patibilia,
995 2157 1022 2194 n.
1038 2147 1092 2196 332.

1152 2231 1342 2286 canonicus.

883 2317 1011 2371 Canonici
1026 2318 1183 2384 obligantur
1191 2333 1287 2371 canere
1302 2321 1332 2370 in
1350 2321 1449 2384 choro,
1459 2315 1582 2388 alioquin
1593 2338 1649 2376 non

851 2393 965 2454 possunt
983 2391 1084 2441 lucrari
1107 2389 1321 2454 distributiones,
1349 2393 1402 2442 nisi
1422 2395 1589 2446 consuetudo
1613 2397 1650 2448 sit

852 2461 995 2523 contrarie,
1012 2461 1030 2511 l.
1049 2463 1078 2524 6,
1096 2476 1121 2526 p.
1137 2465 1166 2522 2,
1183 2475 1210 2510 n.
1225 2463 1285 2512 2000
1302 2461 1362 2512 001.
1379 2465 1410 2524 0,
1427 2477 1454 2512 0.
1471 2465 1525 2514 370.
1544 2466 1650 2516 Debent

852 2546 900 2596 per
910 2533 1012 2596 seipsos
1028 2546 1110 2582 onem
1121 2534 1148 2582 et
1157 2531 1244 2582 cilicia
1254 2545 1361 2583 annexa
1371 2537 1508 2597 praestare,
1520 2535 1573 2586 nisi
1583 2549 1648 2600 conf

851 2604 967 2653 suetudo
978 2601 1157 2667 praevaleot,b
1170 2605 1192 2664 0,
1204 2617 1230 2654 0.
1241 2604 1298 2665 078,
1310 2605 1364 2654 013.
1376 2605 1404 2654 Si
1415 2604 1476 2667 quis
1486 2604 1540 2654 duo
1551 2605 1650 2656 habeat

853 2671 996 2734 Beneficio,
1019 2677 1133 2736 utraque
1153 2686 1235 2723 onera
1252 2675 1279 2722 et
1300 2671 1388 2723 010000
1401 2686 1506 2724 annexa
1522 2679 1648 2740 prestare

851 2743 941 2808 dehet,
955 2758 982 2794 0.
1000 2743 1054 2794 313.
1065 2743 1196 2793 cononici
1207 2742 1307 2794 debent
1321 2757 1416 2794 canera
1430 2743 1485 2794 alta
1502 2759 1577 2808 voce,
1588 2747 1606 2797 l.
1622 2749 1648 2806 0,

852 2828 877 2878 p.
889 2815 913 2876 2,
924 2828 950 2863 0.
962 2815 1033 2874 2055,
1043 2815 1072 2864 D.
1084 2815 1122 2863 53.
1134 2813 1168 2864 llt
1177 2812 1315 2864 lucrentur
1323 2814 1542 2876 distributiones,
1553 2821 1650 2868 tenen·

851 2888 896 2934 tor
910 2898 1004 2934 canere
1014 2884 1122 2934 Missam
1132 2883 1165 2934 de
1176 2883 1231 2944 die,
1241 2885 1270 2933 D.
1280 2885 1319 2945 57,
1329 2898 1405 2934 num.
1415 2886 1470 2934 370.
1486 2887 1516 2937 10
1531 2887 1648 2952 quadro·

851 2955 951 3018 gesimo
961 2955 1089 3004 tenentur
1098 2966 1194 3003 canere
1209 2953 1316 3003 Missam
1331 2967 1393 3004 cum
1409 2955 1527 3006 Diacono
1538 2959 1565 3006 et
1579 2957 1648 3008 Sub-

852 3027 976 3086 diocono,
998 3037 1024 3074 n.
1044 3026 1114 3086 2055,
1131 3025 1161 3073 0.
1186 3026 1225 3074 01.
1244 3025 1374 3074 &norici
1395 3026 1481 3090 parati
1495 3027 1650 3078 assistentes

852 3097 983 3160 Episcopo
993 3093 1298 3160 proeceduntVicerium
1313 3095 1480 3158 Generalcm,
1498 3098 1528 3148 Ι).
1543 3100 1581 3148 33.
1593 3099 1648 3150 Soli

852 3167 1026 3218 Cathedrales
1038 3166 1168 3216 incedunt
1177 3165 1261 3228 parati
1274 3165 1303 3215 in
1313 3166 1542 3230 Processionibus,
1552 3170 1582 3218 b.
1594 3171 1648 3220 110.

852 3237 880 3287 Si
890 3237 1106 3286 canantMissam
1115 3249 1177 3285 com
1188 3235 1328 3300 Episcopo,
1338 3235 1433 3286 sedent
1447 3237 1476 3287 in
1486 3237 1568 3290 latere
1576 3240 1649 3303 Epis·

852 3308 913 3358 tolca
927 3307 955 3356 in
964 3319 1074 3356 ommno
1085 3319 1175 3370 panno
1185 3309 1321 3370 cooperto,
1337 3307 1367 3355 b.
1379 3309 1431 3358 100.
1443 3309 1650 3360 communicant

852 3379 880 3428 in
895 3391 971 3428 coena
982 3377 1091 3428 Domini
1101 3376 1135 3426 de
1149 3390 1233 3427 manu
1245 3376 1420 3439 Celebrantis,
1432 3378 1462 3428 D.
1477 3379 1529 3428 053.
1541 3379 1648 3430 Hebdo-

851 3447 973 3498 madario
989 3446 1105 3510 debetur
1122 3446 1210 3496 honor
1230 3446 1259 3494 in
1280 3445 1373 3503 ‚choro
1392 3460 1473 3510 super
1494 3461 1596 3500 omnes.
1619 3451 1649 3500 ln

851 3519 930 3568 Moris
958 3517 1101 3567 000οο0000
1124 3515 1300 3566 decantandis
1327 3529 1381 3566 non
1401 3516 1482 3568 debet
1505 3519 1545 3570 uti
1570 3519 1649 3581 stola,

851 3590 881 3639 D.
899 3589 951 3649 000,
973 3590 1026 3648 150,
1041 3588 1095 3638 200.
1115 3587 1144 3636 10
1159 3587 1396 3637 sacramentorum
1409 3586 1648 3642 administratione

852 3671 907 3708 non
921 3657 1022 3707 debent
1030 3655 1160 3706 adhibere
1171 3655 1311 3705 rochetum
1322 3659 1349 3705 et
1362 3669 1483 3720 cappam.
1500 3659 1529 3708 ln
1541 3671 1649 3722 proces·

852 3728 975 3780 sionibus
989 3727 1090 3777 debent
1103 3726 1174 3776 intra
1185 3725 1331 3778 Ecclesiam
1346 3727 1470 3778 incedere
1481 3727 1589 3780 detecta
1603 3743 1649 3779 co-

852 3799 917 3864 pite,
932 3799 1008 3848 extra
1027 3810 1087 3848 eam
1106 3809 1168 3849 cum
1186 3796 1287 3847 binoto
1307 3795 1335 3846 in
1354 3797 1451 3860 capite,
1475 3798 1505 3848 1).
1522 3801 1576 3858 105,
1592 3801 1647 3850 203.

851 3867 980 3918 Canonici
1004 3866 1128 3918 Ecclesia
1142 3865 1295 3928 Callegietae
1316 3865 1417 3916 cedunt
1431 3866 1649 3929 cathedralibus,

851 3940 882 3990 Ι).
894 3939 946 3988 150.
962 3935 1092 3988 canonici
1102 3935 1245 3999 Regularcs
1255 3941 1368 3998 possum
1378 3936 1406 3985 in
1417 3937 1535 3999 publicis
1543 3951 1649 4001 proces·

852 4010 974 4060 sionibus
989 4008 1029 4057 uti
1041 4007 1151 4058 rocheto
1162 4008 1190 4055 et
1198 4006 1401 4069 superpelliceo,
1412 4007 1442 4058 D.
1455 4009 1506 4058 130.
1518 4009 1647 4060 Canonici

853 4081 882 4130 in
896 4079 1046 4130 Dominicis
1062 4089 1132 4139 aqua
1148 4075 1290 4126 benedicta
1305 4077 1465 4140 aspergendi
1475 4081 1538 4128 sunt
1552 4079 1646 4141 singil-

852 4149 979 4211 latim,l).
997 4150 1036 4197 50.
1052 4147 1110 4197 Mon
1121 4145 1270 4196 residentes
1279 4145 1426 4208 aliquando
1442 4152 1555 4210 possum
1565 4149 1648 4212 perci·

853 4235 915 4286 pere
938 4219 1042 4270 tructus
1061 4215 1198 4276 Benciicii,
1222 4216 1246 4266 si
1269 4215 1436 4266 consuetodo
1456 4216 1562 4278 habeat,
1583 4218 1600 4267 l.
1622 4221 1646 4279 0,

851 4306 867 4342 0
882 4306 909 4340 0.
919 4292 973 4340 370.
985 4290 1044 4338 Non
1056 4289 1097 4338 est
1111 4285 1165 4336 illis
1180 4285 1284 4336 licitum
1295 4285 1430 4336 ordinarie
1440 4286 1558 4338 abcseea
1568 4288 1647 4352 capi·

852 4361 920 4422 tulo,
932 4373 958 4409 0.
974 4359 1027 4409 303.
1040 4357 1068 4408 30
1079 4357 1114 4406 05
1129 4355 1209 4406 ilaris
1226 4355 1351 4406 absentes
1365 4355 1501 4419 accipiant
1517 4356 1651 4409 distribu-

852 4432 951 4491 tiones,
961 4431 1091 4479 tenentur
1101 4440 1145 4477 eas
1156 4426 1267 4476 reddere
1278 4439 1333 4476 non
1344 4425 1468 4477 obstante
1479 4428 1647 4489 remissione,

852 4502 901 4563 l.3,
912 4517 938 4565 p.
949 4503 974 4561 2,
984 4513 1011 4548 0.
1021 4500 1074 4550 051.
1084 4496 1263 4548 Probabiliter
1272 4495 1419 4559 aliqnando
1429 4509 1484 4547 non
1495 4498 1650 4562 obligantur

53 4561 130 4613 00οο0
144 4566 304 4630 generaliter
322 4569 458 4632 significat
472 4569 601 4632 regulam,
622 4571 744 4634 specifice
759 4576 800 4623 est
852 4573 885 4624 ad
896 4569 1022 4635 legendas
1040 4569 1134 4629 Horas,
1153 4567 1175 4618 si
1193 4567 1295 4616 0000000
1314 4579 1370 4616 000
1384 4567 1544 4630 percipiant,
1563 4567 1607 4616 vel
1625 4570 1648 4619 si

29 4625 64 4678 lex
76 4633 139 4683 edita
155 4649 170 4684 a
186 4637 307 4687 concilio
321 4641 456 4701 Generali,
472 4640 489 4689 1.
507 4645 530 4701 1,
545 4654 572 4690 0.
592 4641 649 4692 370.
670 4642 764 4693 0000000
782 4657 799 4692 0
852 4644 908 4693 sint
925 4639 1007 4691 nimis
1024 4643 1128 4700 tenues,
1144 4643 1194 4688 etc.
1211 4637 1228 4688 Ι.
1247 4639 1300 4699 0,0
1323 4651 1399 4688 nom.
1420 4641 1489 4688 1100.
1508 4639 1649 4690 Ordinarle

29 4696 130 4764 Decreta,
141 4705 254 4770 Epistola
268 4708 406 4771 decretali,
417 4710 552 4773 dogmate,
566 4711 703 4773 mandato,
715 4713 798 4762 inter·
853 4712 1007 4775 obligantur
1019 4709 1054 4759 ad
1070 4709 1153 4758 lloras
1167 4707 1218 4758 sub
1227 4707 1393 4770 obligations
1404 4707 1565 4758 restituendi
1576 4707 1648 4758 irue-

29 4767 246 4838 dieto,ionctione‚
265 4777 329 4828 ibid.
351 4780 526 4844 Privilegium
539 4781 656 4830 canonis
670 4786 710 4832 est
724 4782 799 4833 boor
852 4785 905 4844 tus,
915 4796 931 4831 a
942 4795 968 4832 n.
981 4782 1049 4831 1201.
1065 4777 1193 4828 Canonici
1207 4777 1350 4840 Regularea
1363 4777 1397 4826 ad
1413 4777 1558 4828 Monachus
1573 4782 1650 4828 0000-

30 4841 96 4889 dolui
111 4843 223 4895 clericali
237 4861 387 4910 concessus,
407 4849 424 4899 l.
441 4853 464 4911 l,
484 4863 510 4899 n.
530 4851 598 4900 1380.
615 4851 707 4901 Canon
717 4851 799 4902 etiam
853 4855 905 4905 sire
919 4855 1042 4917 possunt,
1053 4863 1108 4899 non
1123 4851 1224 4908 contre,
1239 4858 1315 4897 num.
1334 4848 1386 4897 175.
1402 4849 1437 4898 Ut
1446 4847 1508 4911 quis
1517 4847 1552 4898 sit
1565 4847 1650 4897 Cano-

30 4913 127 4988 mnitur
138 4929 183 4978 pro
198 4923 273 4981 porte
283 4919 370 4970 Misere
386 4920 540 4984 principali,
555 4933 616 4984 qno
631 4923 727 4986 incipit
745 4925 799 4972 sta·
852 4924 945 4981 nicus,
963 4920 1010 4969 ubi
1028 4917 1131 4967 Divisio
1150 4915 1346 4966 Canonicetum
1363 4918 1495 4978 precepta
1510 4929 1559 4979 per
1575 4915 1648 4964 000.

31 4981 69 5028 itm
77 4987 239 5045 0008000000
248 4990 373 5054 usquead
385 4991 459 5040 Pater
468 4994 560 5053 noster,
572 4991 589 5041 1.
601 4993 625 5054 3,
635 5006 660 5056 p
672 4995 695 5054 1,
707 5005 733 5043 0.
744 4994 797 5044 502.
853 5005 908 5042 non
918 4994 959 5041 cst
978 4988 1140 5049 introducta,
1151 4985 1250 5037 scilicit
1260 4985 1347 5048 prima
1359 4985 1489 5049 Tonsura,
1504 4999 1578 5036 num.
1594 4985 1648 5035 700.

302 5105 499 5158 chONEsSA.
1137 5095 1361 5148 canonizatio.

884 5186 1058 5238 canonizatio
1068 5181 1394 5236 didcrtobeatidoatione
1409 5182 1507 5247 partim
1523 5183 1650 5234 acciden-

55 5181 248 5240 Caaonessarum
259 5195 343 5244 status
354 5196 394 5244 est
407 5195 546 5258 antiquus,
561 5195 664 5246 scilicet
676 5195 712 5244 ab
722 5195 799 5246 duno
1440 5253 1445 5264 .

31 5249 189 5314 iii-Quarum
206 5262 346 5314 abbatissa
363 5264 444 5315 debet
463 5279 519 5315 esse
536 5265 756 5327 0000000301.
775 5269 798 5328 0,
853 5258 953 5319 taliter,
965 5257 1065 5321 partim
1075 5256 1158 5306 etiam
1172 5253 1257 5305 veluti
1273 5253 1499 5313 substantialiter,
1515 5252 1532 5304 0.
1547 5254 1570 5314 3,
1586 5266 1612 5316 p.
1623 5255 1648 5314 2,

32 5329 153 5449 0ἑῖὲίᾒο
167 5331 800 5471 gamem&silint’fffl0ffi3lffloeffioflffg‘
853 5343 881 5379 ¹¹'
893 5330 947 5379 ³⁷⁷⁴
1053 5373 1231 5440 cannones
1246 5371 1449 5438 runconere.

33 5455 82 5526 lice,
94 5467 153 5520 ibid.
170 5474 259 5525 statui
277 5487 371 5526 earum
394 5477 502 5528 videtur
523 5478 605 5529 tacite
623 5478 798 5542 approbatus,
884 5477 1031 5530 cantiones
1041 5475 1199 5536 inhonesto,
1215 5474 1236 5526 si
1248 5475 1381 5524 canantur
1396 5472 1489 5524 animo
1504 5471 1648 5524 inhonesto

107 5564 205 5622 ianm.
1556 5569 1571 5624 3
