3974 6348
318 551 375 610 l-t8
955 549 1028 614 tta.
1052 551 1103 611 Vl.
1128 551 1228 614 PARS
1251 548 1302 616 lli.

315 737 393 798 remi
408 735 605 814 proveniunt,
618 739 649 796 et
664 735 694 796 in
711 754 773 814 que
788 736 890 816 primo
906 737 1107 813 conveniunt,
1165 743 1236 798 tuor
1249 738 1416 816 gradibus,
1434 738 1507 818 quia
1525 739 1557 799 in
1576 737 1685 818 primis
1709 735 1735 800 si
1760 739 1938 803 ascendendo

314 825 338 884 si
365 824 395 884 in
420 843 529 885 eorum
553 824 706 903 originem
731 825 944 905 inquiramus,
962 825 1006 885 sic
1020 833 1109 904 pater
1163 826 1294 904 incipias
1315 845 1480 888 numerare
1500 845 1651 905 personas
1669 831 1758 888 0100
1778 831 1886 906 000010
1902 847 1940 890 00-

315 915 361 972 001
375 912 470 990 011000
486 917 629 990 respectu
651 913 755 975 fratris
776 913 849 990 mei,
871 912 986 974 sororis
1010 932 1106 990 01000,
1164 913 1937 994 0000110000)1000),100001000010000,00000;

315 999 521 1076 0110000000
537 1004 583 1059 est
598 999 695 1078 stipes
710 1005 854 1079 respectu
870 1000 942 1076 mei,
959 1004 990 1062 01
1004 1001 1108 1080 patrui
1163 1007 1310 1080 nepotem
1323 1009 1423 1080 tuum,
1440 1002 1539 1062 filium
1553 1007 1654 1078 tuum,
1667 1007 1709 1077 te,
1721 1007 1847 1081 patrem
1856 1007 1938 1078 tunm,

314 1088 386 1163 mei,
404 1087 594 1168 quianullus
609 1093 656 1148 est
670 1089 851 1166 proximior,
874 1106 969 1167 quam
982 1108 1071 1166 arus,
1089 1109 1108 1151 a
1162 1107 1256 1150 nvom
1270 1093 1370 1166 tuum,
1387 1088 1492 1168 itaque
1513 1105 1610 1148 unam
1624 1087 1726 1164 tollas,
1744 1093 1777 1149 01
1795 1097 1939 1150 remanent

314 1193 376 1256 quo
391 1181 522 1255 uterque
533 1182 674 1237 nostrum
686 1177 857 1253 descendit,
870 1177 1012 1256 quamvis
1023 1179 1107 1241 enim
1162 1183 1306 1258 quatuor,
1323 1177 1429 1257 sicque
1449 1179 1541 1238 erunt
1561 1179 1697 1256 quatuor
1717 1176 1836 1256 gratim
1854 1196 1939 1256 :pne

314 1282 372 1343 ego
387 1263 546 1342 proximus
561 1264 750 1325 descendam
765 1283 785 1324 a
800 1269 888 1344 paine
903 1283 984 1342 meo,
1001 1271 1106 1328 tamen
1161 1271 1247 1327 terea
1262 1270 1396 1346 quatuor
1410 1269 1483 1325 sunt
1496 1265 1716 1343 generationes
1726 1265 1837 1326 activae
1848 1267 1885 1328 ab
1892 1285 1938 1327 arc

313 1355 443 1430 patruus
457 1370 546 1413 meus
560 1371 622 1412 non
639 1353 800 1414 descendit
818 1358 940 1432 epatre
955 1373 1037 1431 meo,
1054 1375 1106 1416 nc·
1161 1358 1214 1417 tuo
1230 1373 1327 1435 usque
1342 1353 1383 1415 ad
1398 1363 1545 1431 nepotem
1564 1356 1664 1429 tuum,
1681 1353 1801 1420 scilicet
1815 1353 1876 1430 illa,
1890 1374 1939 1434 qua

313 1459 373 1518 que
387 1440 428 1500 ab
442 1440 505 1500 ulle
520 1440 580 1500 alio
596 1441 768 1518 proximus,
786 1460 881 1521 quam
896 1442 936 1502 ab
947 1460 1005 1502 000
1021 1460 1102 1503 meo.
1161 1462 1238 1504 avus
1258 1449 1330 1504 tuus
1349 1441 1513 1522 generavit
1526 1449 1648 1521 patrem
1663 1447 1769 1516 100ος
1786 1442 1894 1503 deinde
1906 1446 1938 1504 al·

313 1529 460 1590 Similiter
481 1547 617 1606 proavus
641 1535 687 1589 est
707 1529 803 1607 stipes
826 1534 970 1607 respectu
991 1531 1053 1590 mci
1075 1536 1106 1592 et

311 1616 361 1675 ari
376 1615 449 1692 mci,
466 1616 540 1695 quia
555 1621 601 1676 001
614 1617 744 1694 primus,
758 1635 848 1696 aquo
864 1617 959 1680 etiam
974 1621 1105 1697 uterque

313 1708 451 1762 nostrum
468 1702 638 1765 descendit.

244 1799 285 1845 aot
350 1791 410 1868 §a
428 1791 524 1852 Linea
539 1796 585 1854 est
599 1793 648 1852 rel
667 1797 763 1868 reeta,
780 1793 829 1853 rel
845 1796 1032 1854 transversa.
1051 1792 1105 1853 Li-

310 1899 363 1940 nco
384 1884 532 1958 recteest,
549 1881 581 1940 in
597 1899 659 1962 qua
674 1883 729 1942 soli
746 1882 949 1959 collocantur,
968 1899 1104 1960 quorum

312 1987 392 2030 unus
415 1973 461 2029 est
490 1971 679 2048 principium
707 1970 852 2046 alteriue,
881 1971 945 2031 sive
971 1989 1105 2049 quorum

312 2076 391 2117 0000
414 2061 463 2118 001
476 2057 515 2118 01)
530 2059 628 2120 altero
643 2063 821 2138 generatos
838 2058 903 2119 sire
919 2058 980 2119 sint
995 2076 1105 2119 ascen-

310 2145 430 2222 dentes,
447 2147 511 2206 sive
522 2147 758 2208 descendentes
772 2147 893 2208 Dicitur
905 2152 1011 2207 autem
1021 2147 1104 2208 linea

310 2233 565 2310 ascendentium,
591 2235 617 2296 si
641 2235 681 2296 ab
709 2235 909 2296 inferioribus
938 2235 1104 2314 incipiatur

309 2339 418 2382 versus
439 2323 636 2400 superiores,
661 2343 692 2386 r.
719 2343 749 2402 g.
774 2343 793 2385 0
816 2324 879 2384 filio
899 2323 937 2384 ad
958 2329 1101 2402 patrem,

309 2427 420 2485 avum,
447 2428 610 2488 proavum,
637 2411 783 2472 abarum.
801 2413 825 2472 Ε
840 2415 949 2472 contra
964 2411 988 2470 si
1007 2429 1103 2472 arna-

304 2495 427 2576 joribus
441 2497 626 2576 respiciatur
640 2499 680 2559 ad
696 2500 868 2575 interiores,
886 2499 1008 2560 dicetur
1021 2499 1104 2560 linea

307 2583 578 2663 descendentium,
596 2605 626 2648 v.
643 2607 674 2668 g.
692 2591 809 2667 epatre
825 2588 866 2648 ad
880 2588 989 2665 lilium,
1008 2606 1104 2666 nepo-

306 2677 390 2750 tem,
415 2681 640 2754 pronepotem,
668 2677 866 2755 abnepotem.
891 2674 987 2736 Linea
1010 2683 1104 2734 trone-

305 2781 403 2830 oerao,
429 2781 498 2842 quae
520 2763 615 2823 etium
635 2764 821 2826 collateralis
846 2764 1032 2843 appellatur,
1057 2768 1104 2822 est

306 2850 369 2926 illa,
386 2849 417 2910 in
433 2869 496 2930 qua
510 2853 587 2913 tales
603 2852 805 2928 collocantur,
819 2853 872 2931 qui
886 2851 958 2912 lieet
972 2851 1103 2912 descen-

306 2939 382 3000 dant
400 2938 568 3000 abeodem
591 2940 748 3000 communi
764 2940 880 3019 stipite,
897 2960 927 3002 r.
944 2958 975 3019 g.
994 2939 1034 3000 ab
1049 2957 1103 2998 co-

306 3026 377 3086 dem
397 3032 497 3105 patre,
514 3047 594 3088 unus
616 3032 798 3090 tamennon
821 3029 984 3090 descendit
1004 3027 1045 3089 ab
1059 3027 1101 3087 al·

305 3118 383 3189 tero,
400 3114 480 3176 sicut
501 3114 563 3177 due
586 3115 716 3193 fratres,
733 3117 783 3176 vel
798 3116 895 3177 frater
909 3122 941 3178 01
954 3135 1043 3176 soror
1058 3115 1098 3176 ab

305 3202 417 3262 eodem
431 3207 537 3280 petre,
554 3209 701 3282 patruus,
720 3208 822 3283 elego
838 3205 1005 3266 abeodem
1026 3223 1098 3280 avo,

305 3289 349 3350 110
362 3293 479 3366 tamen,
493 3295 527 3351 ut
540 3290 622 3352 inter
632 3310 688 3352 nos
703 3311 784 3352 unus
799 3310 861 3352 non
877 3292 1047 3353 descendat
1061 3293 1100 3353 ab

305 3378 421 3455 altere,
444 3377 518 3458 quia
541 3384 652 3440 neuter
672 3379 835 3458 generavit
857 3380 1013 3441 alterum:
1033 3379 1099 3441 luce

1161 1536 1237 1600 tera,
1255 1549 1318 1611 qua
1338 1536 1428 1610 pater
1447 1535 1518 1592 1000
1532 1535 1562 1591 10
1582 1532 1764 1610 generavit;
1784 1531 1875 1592 tertia
1886 1537 1937 1599 001.

1161 1624 1267 1698 00010
1281 1619 1437 1700 generasti
1452 1619 1551 1679 filium
1561 1619 1937 1700 tou1n;quartadeniqoe,

1161 1726 1223 1787 qua
1237 1707 1318 1767 silius
1332 1711 1405 1768 tuus
1418 1705 1582 1785 generavit
1596 1705 1694 1766 filium
1715 1723 1827 1783 suum,
1843 1706 1891 1787 qui
1903 1715 1938 1768 001

1161 1814 1258 1873 00000
1279 1799 1363 1870 1000,
1386 1797 1615 1871 consequenter
1635 1796 1707 1856 tuus
1733 1811 1832 1872 nepes
1854 1799 1896 1853 001
1914 1793 1937 1852 10

1160 1885 1271 1962 quarto
1295 1881 1395 1961 gradu
1417 1879 1670 1958 consanguineos
1693 1898 1766 1940 cum
1795 1885 1848 1942 tuo
1873 1897 1937 1955 aro,

1159 1989 1232 2030 nam
1247 1973 1390 2049 respectu
1405 1970 1456 2031 avi
1470 1968 1514 2029 101
1530 1973 1576 2028 001
1591 1969 1742 2049 abnepos.

1199 2058 1315 2139 1100010
1328 2056 1463 2119 emunda.
1481 2059 1514 2118 ln
1529 2057 1612 2116 linea
1626 2062 1811 2118 transversa
1824 2055 1936 2136 requeti,

1159 2150 1204 2208 tot
1217 2146 1367 2226 gradibus
1391 2146 1508 2207 distant
1528 2161 1671 2228 personae
1686 2144 1770 2206 inter
1782 2163 1818 2205 sc
1832 2163 1937 2223 compa·

1159 2240 1245 2303 ratae,
1263 2240 1339 2314 quot
1352 2234 1501 2314 gradibus
1516 2233 1630 2312 singuli
1641 2233 1788 2295 distante
1799 2231 1937 2294 commoni

1159 2325 1273 2403 stipite,
1290 2343 1320 2384 v.
1337 2340 1368 2401 g.
1385 2341 1455 2402 ego,
1471 2321 1569 2382 frater
1583 2327 1614 2384 et
1635 2339 1726 2383 soror
1738 2339 1824 2398 mea,
1840 2321 1937 2400 singoli

1158 2433 1178 2474 a
1196 2411 1353 2474 communi
1376 2410 1496 2488 stipite,
1523 2410 1577 2488 qui
1600 2413 1647 2472 001
1669 2413 1776 2488 pater,
1803 2406 1936 2472 (11010000

1159 2518 1222 2561 000
1237 2499 1356 2578 gradu,
1374 2497 1507 2577 ideoque
1531 2497 1614 2558 inter
1627 2515 1685 2559 000
1698 2515 1810 2558 sumus
1827 2515 1938 2559 consan-

1159 2588 1264 2668 guinei
1286 2587 1319 2647 in
1342 2585 1443 2665 primo
1463 2585 1574 2665 grado.
1592 2587 1670 2647 Item
1686 2603 1744 2665 ego
1761 2589 1793 2646 ct
1807 2583 1937 2664 patruelia

1159 2693 1259 2751 meus,
1272 2674 1305 2734 id
1319 2677 1376 2750 est,
1392 2672 1474 2734 lilius
1488 2671 1592 2750 patrui
1606 2671 1679 2748 mei,
1697 2690 1717 2732 a
1731 2670 1885 2733 commoni
1894 2670 1937 2731 sti-

1158 2765 1239 2843 pite,
1265 2762 1317 2843 qui
1342 2767 1388 2824 est
1410 2779 1487 2822 avus
1511 2764 1631 2836 noster,
1657 2760 1812 2822 distamus
1830 2757 1935 2820 duobus

1157 2852 1321 2931 gradibus,
1342 2850 1475 2929 ideoque
1499 2847 1580 2910 iuter
1602 2866 1658 2909 nos
1684 2847 1783 2908 etiam
1803 2847 1937 2908 distamos

1157 2940 1279 3001 duobus
1300 2938 1466 3018 gradibus,
1492 2939 1523 2996 01
1545 2955 1654 2998 sumus
1677 2933 1936 3016 consanguineiin

1156 3027 1293 3088 secundo
1308 3025 1409 3105 gradu
1424 3023 1536 3104 aequali

1196 3113 1312 3194 Repeto
1326 3112 1422 3173 tertio.
1440 3113 1473 3172 ln
1487 3112 1572 3172 linea
1585 3113 1768 3172 transversa
1789 3109 1933 3191 10000011,

1155 3207 1202 3264 101
1215 3200 1365 3282 gradibus
1379 3199 1497 3261 distant
1519 3216 1662 3278 persona
1684 3197 1767 3259 inter
1781 3217 1814 3259 se
1829 3215 1935 3277 compa·

1156 3297 1247 3366 rata,
1265 3292 1341 3367 0001
1355 3287 1506 3366 gradibus
1521 3286 1616 3348 distat
1630 3305 1650 3346 0
1663 3287 1823 3348 communi
1847 3287 1935 3366 stipite

1155 3396 1290 3458 persona
1303 3377 1370 3454 illa,
1388 3393 1457 3456 quae
1480 3383 1528 3436 est
1542 3374 1702 3452 remotior,
1720 3393 1750 3436 v.
1773 3394 1805 3454 g.
1821 3381 1935 3454 patruus

303 3465 784 3530 110001000000000011010110010
801 3469 964 3549 aqualem,
982 3475 1013 3529 et
1028 3469 1100 3529 inae·
1155 3485 1243 3527 meos
1258 3467 1352 3528 distat
1366 3466 1406 3526 ab
1416 3484 1475 3527 avo
1486 3483 1557 3526 mee
1567 3481 1630 3524 uno
1645 3462 1758 3542 gradu,
1777 3482 1835 3543 ego
1845 3469 1934 3525 autern

304 3553 429 3633 qualem
447 3573 453 3612 :
470 3554 591 3634 equalis
606 3559 672 3615 tum
687 3561 743 3632 est,
761 3555 785 3616 si
802 3574 973 3633 perseneea
988 3575 1020 3617 se
1031 3575 1100 3616 mu·
1154 3556 1235 3618 disto
1250 3555 1290 3616 ab
1305 3553 1416 3614 eodem
1432 3570 1490 3614 ero
1505 3570 1576 3614 mec
1591 3551 1715 3612 duobus
1729 3550 1935 3632 gradibus;bic

303 3647 357 3704 100
381 3659 443 3702 000
464 3642 689 3704 descendentes
711 3643 934 3724 aequaliter,id
954 3648 1099 3721 001,ουιο
1155 3661 1212 3724 ego
1241 3643 1335 3704 etiam
1359 3641 1482 3703 duobus
1510 3640 1661 3719 gradibus
1689 3640 1771 3703 disto
1795 3659 1815 3702 a
1837 3645 1933 3719 patruo

303 3728 414 3790 codem
439 3748 568 3791 numero
592 3733 747 3810 graduum
775 3732 911 3793 distenta
939 3741 1098 3800 communi
1154 3749 1235 3807 meo,
1257 3730 1322 3791 sire
1345 3730 1425 3792 disto
1441 3730 1541 3809 primo
1559 3728 1660 3808 gradu
1684 3729 1716 3788 in
1736 3724 1931 3804 secundarii

303 3816 419 3895 stipite,
436 3836 466 3878 v.
482 3837 514 3896 g.
532 3837 602 3898 030,
618 3820 715 3880 freter
729 3826 761 3880 et
774 3837 863 3880 soror
882 3838 954 3880 mea
968 3821 1098 3900 aequali-
1154 3818 1249 3879 habet
1272 3818 1370 3897 stylus
1384 3817 1416 3878 in
1437 3817 1524 3878 00010
1542 3819 1703 3892 Romana,
1720 3815 1852 3896 ideoque
1871 3829 1934 3879 cum

302 3909 351 3967 ter
378 3907 529 3968 distamus
557 3926 576 3968 0
603 3911 703 3986 patre.
734 3910 814 3969 Tum
842 3913 889 3969 001
920 3908 1096 3989 inaequalis,
1154 3906 1205 3974 illo
1220 3924 1288 3966 sum
1304 3905 1556 3984 consanguineus
1570 3901 1603 3966 in
1617 3903 1757 3967 secundo
1767 3900 1933 3984 graduina

304 3995 429 4073 quando
444 4013 586 4072 personae
597 4014 615 4056 a
625 4014 658 4056 sc
670 4013 731 4056 non
746 3995 971 4056 descendentes
983 3997 1100 4058 distant
1154 3993 1258 4074 quali,
1278 3995 1343 4055 sive
1358 3994 1390 4055 in
1404 3995 1505 4073 gradu
1520 3993 1622 4072 primo
1642 3991 1794 4054 secundo.
1814 3993 1870 4051 Pro
1882 3989 1934 4050 cla-

303 4079 508 4160 inaequaliter,
522 4081 552 4142 id
569 4088 625 4160 est,
643 4101 715 4144 curn
730 4082 875 4162 inaequali
888 4102 1098 4163 0001000310-
1153 4081 1244 4143 ritate
1267 4099 1350 4160 0000
1365 4083 1505 4161 01030100
1519 4082 1628 4158 lineas,
1646 4099 1737 4161 quas,
1753 4079 1806 4160 qui
1818 4080 1895 4159 leget
1907 4075 1932 4135 in

302 4169 400 4230 duum
422 4171 592 4232 abeodem
615 4172 729 4252 stipite,
746 4192 776 4234 v.
794 4192 825 4250 g.
843 4191 901 4252 030
924 4177 1098 4252 etpatruus
1153 4168 1281 4237 chner,
1308 4174 1399 4232 caute
1421 4176 1562 4249 usurpet,
1584 4174 1615 4230 et
1638 4168 1790 4247 corriget,
1812 4166 1879 4246 quie
1898 4163 1932 4224 ibi

302 4275 390 4318 meus
411 4264 555 4338 respectu
575 4261 626 4321 avi
648 4263 730 4338 mei,
754 4279 827 4321 nam
851 4265 981 4340 patruus
1001 4261 1040 4322 ab
1060 4280 1097 4322 eo
1150 4258 1241 4320 multi
1268 4263 1341 4320 sunt
1363 4276 1485 4320 errores
1509 4258 1540 4318 in
1560 4257 1700 4320 numeris
1718 4275 1738 4318 a
1755 4251 1932 4336 typographo

302 4344 397 4407 distat
410 4365 472 4407 uno
487 4349 599 4425 gradu,
617 4349 742 4410 comsit
756 4347 823 4429 ejus
838 4348 930 4424 silius,
944 4366 1003 4428 cgo
1018 4349 1098 4410 duo·
1152 4347 1234 4408 male
1250 4347 1373 4410 notatis.

302 4431 371 4500 bus,
389 4451 461 4493 cum
475 4434 532 4494 sim
549 4453 657 4513 nepos.

234 4533 275 4578 000
341 4519 402 4597 §l
420 4519 639 4599 Propinquitas
659 4525 690 4584 01
704 4522 852 4584 (1101001ἰο
871 4523 1027 4604 graduum
1049 4544 1100 4585 re-

303 4605 429 4667 ducitur
443 4607 482 4667 ad
498 4608 554 4668 hes
570 4613 633 4669 tres
648 4611 772 4689 regulas
785 4631 793 4682 ς

342 4695 455 4776 1100010
463 4696 576 4776 primo.
598 4700 737 4760 Totsunt
749 4701 868 4778 gradus
878 4702 1000 4764 inlinea
1014 4710 1100 4766 reeta

302 4785 366 4844 tam
382 4784 569 4845 ascendente
585 4805 680 4866 quam
695 4786 917 4867 descendente,
935 4795 1011 4869 0001
1026 4797 1100 4852 0001

301 4889 455 4950 personae,
479 4891 541 4932 000
560 4872 697 4953 dempta.
716 4875 775 4937 Alii
800 4876 845 4938 sic
860 4882 982 4956 ponunt
1005 4899 1099 4958 regu-
1168 4905 1255 4956 Titne
1268 4909 1307 4955 00

300 4959 381 5019 lam:
406 4959 499 5038 positi
521 4959 551 5019 in
576 4959 659 5021 linea
674 4967 760 5024 recte
782 4967 828 5025 tot
850 4965 1001 5044 gradibus
1022 4986 1041 5028 a
1064 4985 1097 5028 se

301 5047 435 5108 invicem
446 5047 573 5126 distant,
586 5054 662 5128 0001
672 5049 869 5114 intercedunt
878 5051 1098 5132 generationes

301 5133 422 5212 active,
439 5154 468 5196 v.
485 5154 516 5215 g.
535 5153 632 5216 nepos
643 5139 717 5198 1000
733 5138 876 5202 distalab
891 5159 949 5202 aro
960 5144 1014 5202 tuo
1025 5159 1099 5220 qua·

1280 4534 1375 4584 tinne
1390 4534 1494 4586 RECTA
1508 4533 1827 4586 CONTANGUlNlTA'l'lS.

1363 4671 1425 4708 curn
1439 4658 1528 4708 nbaro
1544 4671 1603 4720 000,
1620 4659 1648 4707 10
1662 4661 1685 4708 t.

1362 4733 1550 4784 0001000000,
1615 4721 1644 4770 in
1661 4723 1684 4770 3.

1362 4797 1423 4832 cum
1440 4795 1502 4842 are,

1361 4858 1423 4893 cunt
1441 4845 1528 4905 Patre,

1614 4783 1642 4831 in
1661 4785 1684 4832 2.

1614 4845 1643 4894 10
1662 4849 1684 4895 1.

1710 4661 1723 4915 ἰ
1743 4747 1916 4801 decendentis.

1363 4982 1424 5018 curn
1439 4967 1506 5030 lilio,
1614 4968 1641 5018 iu
1661 4971 1683 5018 l.

1361 5043 1423 5079 cum
1437 5035 1544 5094 nepote,
1613 5031 1642 5103 10
1658 5034 1681 5080 2.

1361 5094 1595 5218 00101111
1615 5095 1682 5204 rt:

1741 5059 1926 5112 Descenderit&
