<?xml version="1.0" encoding="UTF-8"?>
<!DOCTYPE html PUBLIC "-//W3C//DTD XHTML 1.0 Transitional//EN"
    "http://www.w3.org/TR/xhtml1/DTD/xhtml1-transitional.dtd">
<html xmlns="http://www.w3.org/1999/xhtml" xml:lang="en" lang="en">
 <head>
  <title>
</title>
<meta http-equiv="Content-Type" content="text/html;charset=utf-8" />
  <meta name='ocr-system' content='tesseract 3.04.00' />
  <meta name='ocr-capabilities' content='ocr_page ocr_carea ocr_par ocr_line ocrx_word'/>
</head>
<body>
  <div class='ocr_page' id='page_1' title='image "./theologiamorali00diongoog_0365.png"; bbox 0 0 3974 6348; ppageno 0'>
   <div class='ocr_carea' id='block_1_1' title="bbox 683 583 1649 650">
    <p class='ocr_par' dir='ltr' id='par_1_1' title="bbox 683 583 1649 650">
     <span class='ocr_line' id='line_1_1' title="bbox 683 583 1649 650; baseline 0 -2"><span class='ocrx_word' id='word_1_1' title='bbox 683 583 735 648; x_wconf 76' lang='lat' dir='ltr'>na</span> <span class='ocrx_word' id='word_1_2' title='bbox 755 583 960 650; x_wconf 77' lang='lat' dir='ltr'><strong>GENSURIS.</strong></span> <span class='ocrx_word' id='word_1_3' title='bbox 1591 588 1649 650; x_wconf 74' lang='lat'>355</span> 
     </span>
    </p>
   </div>
   <div class='ocr_carea' id='block_1_2' title="bbox 14 760 1721 5173">
    <p class='ocr_par' dir='ltr' id='par_1_2' title="bbox 14 760 1721 5173">
     <span class='ocr_line' id='line_1_2' title="bbox 39 760 1653 854; baseline 0.005 -28"><span class='ocrx_word' id='word_1_4' title='bbox 39 760 186 845; x_wconf 78' lang='lat' dir='ltr'>Religionis,</span> <span class='ocrx_word' id='word_1_5' title='bbox 202 767 256 830; x_wconf 91' lang='lat' dir='ltr'>sed</span> <span class='ocrx_word' id='word_1_6' title='bbox 274 768 339 830; x_wconf 92' lang='lat' dir='ltr'>tolli</span> <span class='ocrx_word' id='word_1_7' title='bbox 355 769 451 831; x_wconf 87' lang='lat' dir='ltr'>debet</span> <span class='ocrx_word' id='word_1_8' title='bbox 463 789 520 849; x_wconf 93' lang='lat' dir='ltr'>per</span> <span class='ocrx_word' id='word_1_9' title='bbox 535 768 800 850; x_wconf 78' lang='lat' dir='ltr'>dispensationem</span> <span class='ocrx_word' id='word_1_10' title='bbox 856 771 962 848; x_wconf 85' lang='lat' dir='ltr'>sionis,</span> <span class='ocrx_word' id='word_1_11' title='bbox 979 774 1029 836; x_wconf 88' lang='lat' dir='ltr'>vel</span> <span class='ocrx_word' id='word_1_12' title='bbox 1044 775 1091 836; x_wconf 89' lang='lat' dir='ltr'>est</span> <span class='ocrx_word' id='word_1_13' title='bbox 1104 771 1318 854; x_wconf 76' lang='lat' dir='ltr'>irregularitas</span> <span class='ocrx_word' id='word_1_14' title='bbox 1333 792 1371 836; x_wconf 83' lang='lat' dir='ltr'>ex</span> <span class='ocrx_word' id='word_1_15' title='bbox 1385 773 1511 850; x_wconf 89' lang='lat' dir='ltr'>delicto,</span> <span class='ocrx_word' id='word_1_16' title='bbox 1525 791 1598 834; x_wconf 91' lang='lat' dir='ltr'>cum</span> <span class='ocrx_word' id='word_1_17' title='bbox 1609 773 1653 834; x_wconf 86' lang='lat' dir='ltr'>te·</span> 
     </span>
     <span class='ocr_line' id='line_1_3' title="bbox 39 855 1654 942; baseline 0.005 -28"><span class='ocrx_word' id='word_1_18' title='bbox 39 855 100 917; x_wconf 89' lang='lat' dir='ltr'>illius</span> <span class='ocrx_word' id='word_1_19' title='bbox 112 856 157 936; x_wconf 86' lang='lat' dir='ltr'>qui</span> <span class='ocrx_word' id='word_1_20' title='bbox 170 875 224 936; x_wconf 92' lang='lat' dir='ltr'>per</span> <span class='ocrx_word' id='word_1_21' title='bbox 238 857 344 937; x_wconf 90' lang='lat' dir='ltr'>legem</span> <span class='ocrx_word' id='word_1_22' title='bbox 364 857 498 936; x_wconf 81' lang='lat' dir='ltr'>induxit,</span> <span class='ocrx_word' id='word_1_23' title='bbox 514 864 569 921; x_wconf 89' lang='lat' dir='ltr'>aut</span> <span class='ocrx_word' id='word_1_24' title='bbox 592 860 730 937; x_wconf 85' lang='lat' dir='ltr'>alterins,</span> <span class='ocrx_word' id='word_1_25' title='bbox 748 859 801 940; x_wconf 92' lang='lat' dir='ltr'>qui</span> <span class='ocrx_word' id='word_1_26' title='bbox 856 864 945 922; x_wconf 89' lang='lat' dir='ltr'>ratur</span> <span class='ocrx_word' id='word_1_27' title='bbox 958 860 990 921; x_wconf 92' lang='lat' dir='ltr'>in</span> <span class='ocrx_word' id='word_1_28' title='bbox 1000 870 1255 942; x_wconf 76' lang='lat' dir='ltr'>praesumptuosas,</span> <span class='ocrx_word' id='word_1_29' title='bbox 1278 863 1310 922; x_wconf 93' lang='lat' dir='ltr'>in</span> <span class='ocrx_word' id='word_1_30' title='bbox 1331 871 1508 924; x_wconf 77' lang='lat' dir='ltr'>attentantes</span> <span class='ocrx_word' id='word_1_31' title='bbox 1522 861 1582 922; x_wconf 91' lang='lat' dir='ltr'>hoo</span> <span class='ocrx_word' id='word_1_32' title='bbox 1605 862 1654 923; x_wconf 87' lang='lat' dir='ltr'>la-</span> 
     </span>
     <span class='ocr_line' id='line_1_4' title="bbox 38 943 1653 1030; baseline 0.004 -28"><span class='ocrx_word' id='word_1_33' title='bbox 38 943 68 1002; x_wconf 88' lang='lat' dir='ltr'>ab</span> <span class='ocrx_word' id='word_1_34' title='bbox 86 960 116 1004; x_wconf 89' lang='lat' dir='ltr'>ec</span> <span class='ocrx_word' id='word_1_35' title='bbox 135 943 331 1025; x_wconf 80' lang='lat' dir='ltr'>privilegium</span> <span class='ocrx_word' id='word_1_36' title='bbox 345 945 473 1024; x_wconf 89' lang='lat' dir='ltr'>habeat,</span> <span class='ocrx_word' id='word_1_37' title='bbox 492 947 583 1009; x_wconf 86' lang='lat' dir='ltr'>Suar.</span> <span class='ocrx_word' id='word_1_38' title='bbox 603 946 634 1010; x_wconf 87' lang='lat' dir='ltr'>d.</span> <span class='ocrx_word' id='word_1_39' title='bbox 651 951 702 1026; x_wconf 81' lang='lat' dir='ltr'>ts,</span> <span class='ocrx_word' id='word_1_40' title='bbox 716 967 739 1009; x_wconf 92' lang='lat' dir='ltr'>s.</span> <span class='ocrx_word' id='word_1_41' title='bbox 766 954 799 1020; x_wconf 76' lang='lat'>23</span> <span class='ocrx_word' id='word_1_42' title='bbox 856 965 943 1022; x_wconf 88' lang='lat' dir='ltr'>cere;</span> <span class='ocrx_word' id='word_1_43' title='bbox 956 949 1118 1027; x_wconf 81' lang='lat' dir='ltr'>suspensio</span> <span class='ocrx_word' id='word_1_44' title='bbox 1132 953 1238 1011; x_wconf 89' lang='lat' dir='ltr'>autem</span> <span class='ocrx_word' id='word_1_45' title='bbox 1252 950 1300 1010; x_wconf 88' lang='lat' dir='ltr'>vel</span> <span class='ocrx_word' id='word_1_46' title='bbox 1316 948 1532 1030; x_wconf 79' lang='lat' dir='ltr'>irregularitas</span> <span class='ocrx_word' id='word_1_47' title='bbox 1546 967 1585 1009; x_wconf 87' lang='lat' dir='ltr'>ex</span> <span class='ocrx_word' id='word_1_48' title='bbox 1599 949 1653 1009; x_wconf 91' lang='lat' dir='ltr'>de-</span> 
     </span>
     <span class='ocr_line' id='line_1_5' title="bbox 38 1033 1653 1118; baseline 0.005 -27"><span class='ocrx_word' id='word_1_49' title='bbox 38 1033 123 1108; x_wconf 79' lang='lat' dir='ltr'>Laynn.</span> <span class='ocrx_word' id='word_1_50' title='bbox 139 1051 167 1093; x_wconf 88' lang='lat' dir='ltr'>a.</span> <span class='ocrx_word' id='word_1_51' title='bbox 184 1035 237 1106; x_wconf 87' lang='lat' dir='ltr'>tn;</span> <span class='ocrx_word' id='word_1_52' title='bbox 257 1033 325 1096; x_wconf 84' lang='lat' dir='ltr'>Dic.</span> <span class='ocrx_word' id='word_1_53' title='bbox 344 1053 376 1097; x_wconf 89' lang='lat' dir='ltr'>n.</span> <span class='ocrx_word' id='word_1_54' title='bbox 390 1036 461 1096; x_wconf 80' lang='grc'><strong>387.</strong></span> <span class='ocrx_word' id='word_1_55' title='bbox 855 1036 928 1098; x_wconf 91' lang='lat' dir='ltr'>licto</span> <span class='ocrx_word' id='word_1_56' title='bbox 943 1054 1005 1096; x_wconf 94' lang='lat' dir='ltr'>non</span> <span class='ocrx_word' id='word_1_57' title='bbox 1020 1036 1199 1114; x_wconf 77' lang='lat' dir='ltr'>incurritur,</span> <span class='ocrx_word' id='word_1_58' title='bbox 1217 1037 1274 1099; x_wconf 91' lang='lat' dir='ltr'>nisi</span> <span class='ocrx_word' id='word_1_59' title='bbox 1290 1037 1330 1099; x_wconf 88' lang='lat' dir='ltr'>ab</span> <span class='ocrx_word' id='word_1_60' title='bbox 1345 1055 1394 1114; x_wconf 92' lang='lat' dir='ltr'>eo,</span> <span class='ocrx_word' id='word_1_61' title='bbox 1407 1038 1460 1118; x_wconf 90' lang='lat' dir='ltr'>qui</span> <span class='ocrx_word' id='word_1_62' title='bbox 1471 1037 1653 1118; x_wconf 88' lang='lat' dir='ltr'>peccaverit</span> 
     </span>
     <span class='ocr_line' id='line_1_6' title="bbox 14 1120 1649 1204; baseline 0.001 -22"><span class='ocrx_word' id='word_1_63' title='bbox 14 1141 22 1188; x_wconf 91' lang='lat' dir='ltr'>t</span> <span class='ocrx_word' id='word_1_64' title='bbox 55 1120 121 1198; x_wconf 83' lang='lat'>·§6.</span> <span class='ocrx_word' id='word_1_65' title='bbox 138 1121 354 1200; x_wconf 89' lang='lat' dir='ltr'>lrregularitas</span> <span class='ocrx_word' id='word_1_66' title='bbox 376 1122 504 1186; x_wconf 90' lang='lat' dir='ltr'>inducta</span> <span class='ocrx_word' id='word_1_67' title='bbox 518 1142 580 1186; x_wconf 92' lang='lat' dir='ltr'>non</span> <span class='ocrx_word' id='word_1_68' title='bbox 601 1142 659 1203; x_wconf 88' lang='lat' dir='ltr'>per</span> <span class='ocrx_word' id='word_1_69' title='bbox 672 1123 725 1204; x_wconf 88' lang='lat' dir='ltr'>jus</span> <span class='ocrx_word' id='word_1_70' title='bbox 748 1127 803 1184; x_wconf 90' lang='lat' dir='ltr'>ant</span> <span class='ocrx_word' id='word_1_71' title='bbox 856 1123 1039 1201; x_wconf 89' lang='lat' dir='ltr'>mortaliter,</span> <span class='ocrx_word' id='word_1_72' title='bbox 1060 1125 1104 1188; x_wconf 92' lang='lat' dir='ltr'>uti</span> <span class='ocrx_word' id='word_1_73' title='bbox 1126 1125 1221 1186; x_wconf 89' lang='lat' dir='ltr'>babet</span> <span class='ocrx_word' id='word_1_74' title='bbox 1240 1125 1414 1187; x_wconf 88' lang='lat' dir='ltr'>communis</span> <span class='ocrx_word' id='word_1_75' title='bbox 1438 1142 1512 1186; x_wconf 90' lang='lat' dir='ltr'>eum</span> <span class='ocrx_word' id='word_1_76' title='bbox 1527 1123 1595 1186; x_wconf 89' lang='lat' dir='ltr'>Dic.</span> <span class='ocrx_word' id='word_1_77' title='bbox 1613 1121 1649 1184; x_wconf 89' lang='lat' dir='ltr'>de</span> 
     </span>
     <span class='ocr_line' id='line_1_7' title="bbox 38 1207 1647 1294; baseline 0.004 -27"><span class='ocrx_word' id='word_1_78' title='bbox 38 1207 191 1270; x_wconf 64' lang='lat' dir='ltr'>senentiam</span> <span class='ocrx_word' id='word_1_79' title='bbox 203 1209 339 1288; x_wconf 90' lang='lat' dir='ltr'>Judieis,</span> <span class='ocrx_word' id='word_1_80' title='bbox 355 1212 411 1273; x_wconf 89' lang='lat' dir='ltr'>sed</span> <span class='ocrx_word' id='word_1_81' title='bbox 426 1215 547 1275; x_wconf 86' lang='lat' dir='ltr'>tantum</span> <span class='ocrx_word' id='word_1_82' title='bbox 561 1231 618 1292; x_wconf 88' lang='lat' dir='ltr'>per</span> <span class='ocrx_word' id='word_1_83' title='bbox 641 1212 802 1274; x_wconf 89' lang='lat' dir='ltr'>infamiam</span> <span class='ocrx_word' id='word_1_84' title='bbox 855 1211 1033 1290; x_wconf 73' lang='lat' dir='ltr'>suspensione</span> <span class='ocrx_word' id='word_1_85' title='bbox 1046 1211 1114 1274; x_wconf 85' lang='lat' dir='ltr'>dub.</span> <span class='ocrx_word' id='word_1_86' title='bbox 1138 1216 1168 1290; x_wconf 88' lang='lat'>3,</span> <span class='ocrx_word' id='word_1_87' title='bbox 1189 1220 1215 1274; x_wconf 86' lang='lat' dir='ltr'>et</span> <span class='ocrx_word' id='word_1_88' title='bbox 1236 1212 1271 1274; x_wconf 85' lang='lat' dir='ltr'>de</span> <span class='ocrx_word' id='word_1_89' title='bbox 1293 1211 1517 1294; x_wconf 76' lang='lat' dir='ltr'>insputaritate</span> <span class='ocrx_word' id='word_1_90' title='bbox 1530 1211 1600 1274; x_wconf 82' lang='lat' dir='ltr'>dut.</span> <span class='ocrx_word' id='word_1_91' title='bbox 1616 1215 1647 1274; x_wconf 76' lang='lat'>5.</span> 
     </span>
     <span class='ocr_line' id='line_1_8' title="bbox 38 1294 1653 1380; baseline 0.006 -28"><span class='ocrx_word' id='word_1_92' title='bbox 38 1294 109 1372; x_wconf 79' lang='lat' dir='ltr'>bati,</span> <span class='ocrx_word' id='word_1_93' title='bbox 130 1315 157 1359; x_wconf 85' lang='lat' dir='ltr'>v.</span> <span class='ocrx_word' id='word_1_94' title='bbox 179 1317 206 1378; x_wconf 91' lang='lat' dir='ltr'>g.</span> <span class='ocrx_word' id='word_1_95' title='bbox 231 1300 310 1379; x_wconf 81' lang='lat' dir='ltr'>quia</span> <span class='ocrx_word' id='word_1_96' title='bbox 332 1299 430 1362; x_wconf 88' lang='lat' dir='ltr'>scitur</span> <span class='ocrx_word' id='word_1_97' title='bbox 452 1301 586 1362; x_wconf 89' lang='lat' dir='ltr'>antebac</span> <span class='ocrx_word' id='word_1_98' title='bbox 609 1300 801 1363; x_wconf 77' lang='lat' dir='ltr'>commisisse</span> <span class='ocrx_word' id='word_1_99' title='bbox 855 1297 954 1359; x_wconf 81' lang='lat' dir='ltr'>Titius</span> <span class='ocrx_word' id='word_1_100' title='bbox 967 1303 1074 1362; x_wconf 89' lang='lat' dir='ltr'>autem</span> <span class='ocrx_word' id='word_1_101' title='bbox 1088 1302 1139 1362; x_wconf 91' lang='lat' dir='ltr'>hio</span> <span class='ocrx_word' id='word_1_102' title='bbox 1154 1303 1369 1380; x_wconf 88' lang='lat' dir='ltr'>nonpeocavit</span> <span class='ocrx_word' id='word_1_103' title='bbox 1382 1303 1581 1374; x_wconf 73' lang='lat' dir='ltr'>mortaliter,</span> <span class='ocrx_word' id='word_1_104' title='bbox 1602 1319 1653 1362; x_wconf 88' lang='lat' dir='ltr'>cr-</span> 
     </span>
     <span class='ocr_line' id='line_1_9' title="bbox 39 1382 1652 1470; baseline 0.005 -28"><span class='ocrx_word' id='word_1_105' title='bbox 39 1382 138 1461; x_wconf 78' lang='lat' dir='ltr'>inium,</span> <span class='ocrx_word' id='word_1_106' title='bbox 153 1405 210 1447; x_wconf 94' lang='lat' dir='ltr'>non</span> <span class='ocrx_word' id='word_1_107' title='bbox 225 1394 276 1448; x_wconf 85' lang='lat' dir='ltr'>est</span> <span class='ocrx_word' id='word_1_108' title='bbox 289 1389 416 1468; x_wconf 89' lang='lat' dir='ltr'>proprie</span> <span class='ocrx_word' id='word_1_109' title='bbox 435 1389 662 1470; x_wconf 83' lang='lat' dir='ltr'>irregularitas,</span> <span class='ocrx_word' id='word_1_110' title='bbox 679 1409 737 1452; x_wconf 88' lang='lat' dir='ltr'>nec</span> <span class='ocrx_word' id='word_1_111' title='bbox 755 1390 803 1450; x_wconf 90' lang='lat' dir='ltr'>in·</span> <span class='ocrx_word' id='word_1_112' title='bbox 856 1402 908 1464; x_wconf 81' lang='lat' dir='ltr'>go.</span> <span class='ocrx_word' id='word_1_113' title='bbox 924 1390 953 1448; x_wconf 73' lang='lat'>2.</span> <span class='ocrx_word' id='word_1_114' title='bbox 970 1390 1043 1450; x_wconf 83' lang='lat' dir='ltr'>Haec</span> <span class='ocrx_word' id='word_1_115' title='bbox 1058 1390 1148 1469; x_wconf 89' lang='lat' dir='ltr'>quusi</span> <span class='ocrx_word' id='word_1_116' title='bbox 1162 1390 1377 1469; x_wconf 86' lang='lat' dir='ltr'>irregularitas</span> <span class='ocrx_word' id='word_1_117' title='bbox 1392 1391 1423 1450; x_wconf 93' lang='lat' dir='ltr'>in</span> <span class='ocrx_word' id='word_1_118' title='bbox 1447 1407 1573 1468; x_wconf 81' lang='lat' dir='ltr'>poenam</span> <span class='ocrx_word' id='word_1_119' title='bbox 1586 1389 1652 1450; x_wconf 89' lang='lat' dir='ltr'>lata</span> 
     </span>
     <span class='ocr_line' id='line_1_10' title="bbox 39 1470 1650 1562; baseline 0.005 -32"><span class='ocrx_word' id='word_1_120' title='bbox 39 1470 103 1548; x_wconf 89' lang='lat' dir='ltr'>diget</span> <span class='ocrx_word' id='word_1_121' title='bbox 122 1473 363 1554; x_wconf 85' lang='lat' dir='ltr'>dispensatione,</span> <span class='ocrx_word' id='word_1_122' title='bbox 389 1477 445 1538; x_wconf 91' lang='lat' dir='ltr'>sed</span> <span class='ocrx_word' id='word_1_123' title='bbox 463 1478 581 1540; x_wconf 84' lang='lat' dir='ltr'>tollitur</span> <span class='ocrx_word' id='word_1_124' title='bbox 608 1496 665 1555; x_wconf 92' lang='lat' dir='ltr'>per</span> <span class='ocrx_word' id='word_1_125' title='bbox 685 1478 803 1540; x_wconf 86' lang='lat' dir='ltr'>iactum</span> <span class='ocrx_word' id='word_1_126' title='bbox 857 1473 1004 1536; x_wconf 74' lang='lat' dir='ltr'>adeonae</span> <span class='ocrx_word' id='word_1_127' title='bbox 1016 1476 1120 1546; x_wconf 81' lang='lat' dir='ltr'>XXII,</span> <span class='ocrx_word' id='word_1_128' title='bbox 1139 1478 1312 1539; x_wconf 89' lang='lat' dir='ltr'>secundum</span> <span class='ocrx_word' id='word_1_129' title='bbox 1327 1479 1442 1540; x_wconf 86' lang='lat' dir='ltr'>Sanch.</span> <span class='ocrx_word' id='word_1_130' title='bbox 1460 1477 1495 1539; x_wconf 85' lang='lat' dir='ltr'>de</span> <span class='ocrx_word' id='word_1_131' title='bbox 1517 1476 1650 1562; x_wconf 60' lang='grc' dir='ltr'>Μεινίῳ.</span> 
     </span>
     <span class='ocr_line' id='line_1_11' title="bbox 40 1560 1653 1645; baseline 0.005 -27"><span class='ocrx_word' id='word_1_132' title='bbox 40 1560 213 1640; x_wconf 77' lang='lat' dir='ltr'>annuariam,</span> <span class='ocrx_word' id='word_1_133' title='bbox 236 1564 270 1624; x_wconf 90' lang='lat' dir='ltr'>id</span> <span class='ocrx_word' id='word_1_134' title='bbox 291 1569 349 1642; x_wconf 86' lang='lat' dir='ltr'>est,</span> <span class='ocrx_word' id='word_1_135' title='bbox 369 1583 426 1644; x_wconf 89' lang='lat' dir='ltr'>per</span> <span class='ocrx_word' id='word_1_136' title='bbox 439 1564 599 1645; x_wconf 89' lang='lat' dir='ltr'>publicam</span> <span class='ocrx_word' id='word_1_137' title='bbox 613 1571 645 1626; x_wconf 89' lang='lat' dir='ltr'>ct</span> <span class='ocrx_word' id='word_1_138' title='bbox 658 1571 803 1628; x_wconf 88' lang='lat' dir='ltr'>constan·</span> <span class='ocrx_word' id='word_1_139' title='bbox 858 1561 878 1624; x_wconf 89' lang='lat' dir='ltr'>l.</span> <span class='ocrx_word' id='word_1_140' title='bbox 903 1567 934 1640; x_wconf 79' lang='lat'>7,</span> <span class='ocrx_word' id='word_1_141' title='bbox 959 1562 990 1626; x_wconf 90' lang='lat' dir='ltr'>al.</span> <span class='ocrx_word' id='word_1_142' title='bbox 1005 1567 1055 1642; x_wconf 74' lang='grc'>49,</span> <span class='ocrx_word' id='word_1_143' title='bbox 1072 1585 1102 1628; x_wconf 91' lang='lat' dir='ltr'>n.</span> <span class='ocrx_word' id='word_1_144' title='bbox 1120 1569 1150 1644; x_wconf 88' lang='lat'>3,</span> <span class='ocrx_word' id='word_1_145' title='bbox 1173 1585 1236 1628; x_wconf 90' lang='lat' dir='ltr'>non</span> <span class='ocrx_word' id='word_1_146' title='bbox 1259 1565 1441 1643; x_wconf 90' lang='lat' dir='ltr'>incurritur,</span> <span class='ocrx_word' id='word_1_147' title='bbox 1467 1566 1492 1627; x_wconf 87' lang='lat' dir='ltr'>si</span> <span class='ocrx_word' id='word_1_148' title='bbox 1517 1564 1653 1627; x_wconf 84' lang='lat' dir='ltr'>abluerit</span> 
     </span>
     <span class='ocr_line' id='line_1_12' title="bbox 41 1647 1654 1736; baseline 0.004 -28"><span class='ocrx_word' id='word_1_149' title='bbox 41 1647 800 1734; x_wconf 77' lang='lat' dir='ltr'>tenndtaeemendationem,saltempertriennium,</span> <span class='ocrx_word' id='word_1_150' title='bbox 858 1651 958 1729; x_wconf 91' lang='lat' dir='ltr'>dolus,</span> <span class='ocrx_word' id='word_1_151' title='bbox 975 1653 1118 1734; x_wconf 87' lang='lat' dir='ltr'>adeoque</span> <span class='ocrx_word' id='word_1_152' title='bbox 1133 1659 1261 1716; x_wconf 88' lang='lat' dir='ltr'>excusat</span> <span class='ocrx_word' id='word_1_153' title='bbox 1282 1673 1489 1736; x_wconf 80' lang='lat' dir='ltr'>quacumque</span> <span class='ocrx_word' id='word_1_154' title='bbox 1505 1654 1654 1734; x_wconf 89' lang='lat' dir='ltr'>ignoran-</span> 
     </span>
     <span class='ocr_line' id='line_1_13' title="bbox 41 1734 1650 1821; baseline 0.006 -27"><span class='ocrx_word' id='word_1_155' title='bbox 41 1734 114 1796; x_wconf 83' lang='lat' dir='ltr'>ntiex</span> <span class='ocrx_word' id='word_1_156' title='bbox 130 1740 199 1800; x_wconf 89' lang='lat' dir='ltr'>lure</span> <span class='ocrx_word' id='word_1_157' title='bbox 222 1741 401 1820; x_wconf 78' lang='lat' dir='ltr'>canonico,</span> <span class='ocrx_word' id='word_1_158' title='bbox 419 1747 449 1805; x_wconf 90' lang='lat' dir='ltr'>et</span> <span class='ocrx_word' id='word_1_159' title='bbox 471 1743 631 1805; x_wconf 90' lang='lat' dir='ltr'>communi</span> <span class='ocrx_word' id='word_1_160' title='bbox 651 1745 802 1805; x_wconf 84' lang='lat' dir='ltr'>Anoteres</span> <span class='ocrx_word' id='word_1_161' title='bbox 858 1739 902 1800; x_wconf 90' lang='lat' dir='ltr'>tia</span> <span class='ocrx_word' id='word_1_162' title='bbox 915 1741 999 1802; x_wconf 87' lang='lat' dir='ltr'>luris</span> <span class='ocrx_word' id='word_1_163' title='bbox 1012 1743 1062 1803; x_wconf 83' lang='lat' dir='ltr'>vel</span> <span class='ocrx_word' id='word_1_164' title='bbox 1077 1744 1161 1821; x_wconf 85' lang='lat' dir='ltr'>facti,</span> <span class='ocrx_word' id='word_1_165' title='bbox 1179 1743 1350 1805; x_wconf 90' lang='lat' dir='ltr'>dummodo</span> <span class='ocrx_word' id='word_1_166' title='bbox 1361 1761 1423 1804; x_wconf 93' lang='lat' dir='ltr'>non</span> <span class='ocrx_word' id='word_1_167' title='bbox 1439 1743 1479 1804; x_wconf 92' lang='lat' dir='ltr'>sit</span> <span class='ocrx_word' id='word_1_168' title='bbox 1493 1745 1650 1818; x_wconf 81' lang='lat' dir='ltr'>affectata,</span> 
     </span>
     <span class='ocr_line' id='line_1_14' title="bbox 41 1822 1653 1912; baseline 0.006 -31"><span class='ocrx_word' id='word_1_169' title='bbox 41 1822 137 1902; x_wconf 78' lang='lat' dir='ltr'>domet,</span> <span class='ocrx_word' id='word_1_170' title='bbox 155 1828 261 1906; x_wconf 85' lang='lat' dir='ltr'>baym.</span> <span class='ocrx_word' id='word_1_171' title='bbox 280 1849 312 1891; x_wconf 89' lang='lat' dir='ltr'>a.</span> <span class='ocrx_word' id='word_1_172' title='bbox 329 1833 379 1904; x_wconf 88' lang='lat' dir='ltr'>ltl;</span> <span class='ocrx_word' id='word_1_173' title='bbox 395 1832 492 1893; x_wconf 83' lang='lat' dir='ltr'>Gastr.</span> <span class='ocrx_word' id='word_1_174' title='bbox 515 1830 545 1893; x_wconf 87' lang='lat' dir='ltr'>d.</span> <span class='ocrx_word' id='word_1_175' title='bbox 562 1833 592 1908; x_wconf 88' lang='lat' dir='ltr'>o,</span> <span class='ocrx_word' id='word_1_176' title='bbox 606 1851 637 1912; x_wconf 88' lang='lat' dir='ltr'>p.</span> <span class='ocrx_word' id='word_1_177' title='bbox 662 1832 712 1906; x_wconf 72' lang='lat'>20,</span> <span class='ocrx_word' id='word_1_178' title='bbox 729 1849 758 1891; x_wconf 95' lang='lat' dir='ltr'>n.</span> <span class='ocrx_word' id='word_1_179' title='bbox 783 1832 803 1890; x_wconf 82' lang='lat'>8</span> <span class='ocrx_word' id='word_1_180' title='bbox 859 1845 916 1888; x_wconf 84' lang='lat' dir='ltr'>nec</span> <span class='ocrx_word' id='word_1_181' title='bbox 938 1828 984 1890; x_wconf 88' lang='lat' dir='ltr'>ita</span> <span class='ocrx_word' id='word_1_182' title='bbox 1002 1848 1118 1909; x_wconf 88' lang='lat' dir='ltr'>crassa,</span> <span class='ocrx_word' id='word_1_183' title='bbox 1137 1838 1172 1892; x_wconf 91' lang='lat' dir='ltr'>ut</span> <span class='ocrx_word' id='word_1_184' title='bbox 1186 1831 1226 1893; x_wconf 91' lang='lat' dir='ltr'>sit</span> <span class='ocrx_word' id='word_1_185' title='bbox 1244 1831 1355 1911; x_wconf 88' lang='lat' dir='ltr'>ingens</span> <span class='ocrx_word' id='word_1_186' title='bbox 1374 1832 1550 1912; x_wconf 85' lang='lat' dir='ltr'>temeritas,</span> <span class='ocrx_word' id='word_1_187' title='bbox 1568 1830 1653 1911; x_wconf 90' lang='lat' dir='ltr'>quod</span> 
     </span>
     <span class='ocr_line' id='line_1_15' title="bbox 41 1913 1654 2000; baseline 0.006 -30"><span class='ocrx_word' id='word_1_188' title='bbox 41 1917 63 1971; x_wconf 90' lang='lat' dir='ltr'>et</span> <span class='ocrx_word' id='word_1_189' title='bbox 74 1915 111 1986; x_wconf 83' lang='lat' dir='ltr'>ll;</span> <span class='ocrx_word' id='word_1_190' title='bbox 125 1913 183 1976; x_wconf 87' lang='lat' dir='ltr'>llic.</span> <span class='ocrx_word' id='word_1_191' title='bbox 202 1933 220 1976; x_wconf 92' lang='lat' dir='ltr'>a</span> <span class='ocrx_word' id='word_1_192' title='bbox 240 1937 270 1978; x_wconf 90' lang='lat' dir='ltr'>n.</span> <span class='ocrx_word' id='word_1_193' title='bbox 293 1920 364 1981; x_wconf 84' lang='grc'><strong>389.</strong></span> <span class='ocrx_word' id='word_1_194' title='bbox 858 1916 1015 1996; x_wconf 83' lang='lat' dir='ltr'>colligitur</span> <span class='ocrx_word' id='word_1_195' title='bbox 1029 1937 1066 1978; x_wconf 88' lang='lat' dir='ltr'>ex</span> <span class='ocrx_word' id='word_1_196' title='bbox 1079 1919 1194 1996; x_wconf 91' lang='lat' dir='ltr'>verbis,</span> <span class='ocrx_word' id='word_1_197' title='bbox 1211 1939 1269 1980; x_wconf 90' lang='lat' dir='ltr'>non</span> <span class='ocrx_word' id='word_1_198' title='bbox 1281 1927 1453 2000; x_wconf 70' lang='lat' dir='ltr'>praesumat,</span> <span class='ocrx_word' id='word_1_199' title='bbox 1470 1919 1556 1996; x_wconf 85' lang='lat' dir='ltr'>item,</span> <span class='ocrx_word' id='word_1_200' title='bbox 1573 1917 1654 2000; x_wconf 82' lang='lat' dir='ltr'>quod</span> 
     </span>
     <span class='ocr_line' id='line_1_16' title="bbox 14 2000 1653 2089; baseline 0.003 -27"><span class='ocrx_word' id='word_1_201' title='bbox 14 2017 25 2078; x_wconf 62' lang='lat' dir='ltr'>&#39;g</span> <span class='ocrx_word' id='word_1_202' title='bbox 69 2000 116 2078; x_wconf 71' lang='lat' dir='ltr'>§t</span> <span class='ocrx_word' id='word_1_203' title='bbox 130 2004 205 2064; x_wconf 83' lang='lat' dir='ltr'>Talis</span> <span class='ocrx_word' id='word_1_204' title='bbox 218 2005 434 2086; x_wconf 86' lang='lat' dir='ltr'>irregularitas</span> <span class='ocrx_word' id='word_1_205' title='bbox 454 2027 524 2089; x_wconf 86' lang='lat' dir='ltr'>quae</span> <span class='ocrx_word' id='word_1_206' title='bbox 539 2008 605 2070; x_wconf 89' lang='lat' dir='ltr'>sola</span> <span class='ocrx_word' id='word_1_207' title='bbox 619 2006 804 2087; x_wconf 88' lang='lat' dir='ltr'>poenitentia</span> <span class='ocrx_word' id='word_1_208' title='bbox 857 2007 884 2066; x_wconf 85' lang='lat' dir='ltr'>si</span> <span class='ocrx_word' id='word_1_209' title='bbox 895 2023 973 2066; x_wconf 88' lang='lat' dir='ltr'>secus</span> <span class='ocrx_word' id='word_1_210' title='bbox 986 2023 1165 2088; x_wconf 65' lang='lat' dir='ltr'>eneconem</span> <span class='ocrx_word' id='word_1_211' title='bbox 1179 2016 1357 2070; x_wconf 87' lang='lat' dir='ltr'>attentatum</span> <span class='ocrx_word' id='word_1_212' title='bbox 1371 2007 1483 2088; x_wconf 71' lang='lat' dir='ltr'>tuerit,</span> <span class='ocrx_word' id='word_1_213' title='bbox 1500 2017 1575 2076; x_wconf 84' lang='lat' dir='ltr'>etc.;</span> <span class='ocrx_word' id='word_1_214' title='bbox 1597 2006 1653 2068; x_wconf 87' lang='lat' dir='ltr'>sed</span> 
     </span>
     <span class='ocr_line' id='line_1_17' title="bbox 42 2088 1654 2176; baseline 0.004 -28"><span class='ocrx_word' id='word_1_215' title='bbox 42 2088 154 2152; x_wconf 85' lang='lat' dir='ltr'>triennali</span> <span class='ocrx_word' id='word_1_216' title='bbox 168 2092 276 2155; x_wconf 90' lang='lat' dir='ltr'>saltem</span> <span class='ocrx_word' id='word_1_217' title='bbox 298 2113 361 2157; x_wconf 91' lang='lat' dir='ltr'>non</span> <span class='ocrx_word' id='word_1_218' title='bbox 383 2097 512 2176; x_wconf 90' lang='lat' dir='ltr'>tollitur,</span> <span class='ocrx_word' id='word_1_219' title='bbox 536 2097 653 2159; x_wconf 87' lang='lat' dir='ltr'>directe</span> <span class='ocrx_word' id='word_1_220' title='bbox 667 2096 733 2158; x_wconf 89' lang='lat' dir='ltr'>tolli</span> <span class='ocrx_word' id='word_1_221' title='bbox 749 2114 804 2175; x_wconf 92' lang='lat' dir='ltr'>pn·</span> <span class='ocrx_word' id='word_1_222' title='bbox 858 2094 958 2159; x_wconf 84' lang='lat' dir='ltr'>Titius</span> <span class='ocrx_word' id='word_1_223' title='bbox 985 2094 1036 2156; x_wconf 91' lang='lat' dir='ltr'>hic</span> <span class='ocrx_word' id='word_1_224' title='bbox 1063 2114 1125 2157; x_wconf 92' lang='lat' dir='ltr'>non</span> <span class='ocrx_word' id='word_1_225' title='bbox 1150 2096 1307 2158; x_wconf 91' lang='lat' dir='ltr'>commisit</span> <span class='ocrx_word' id='word_1_226' title='bbox 1330 2096 1456 2173; x_wconf 89' lang='lat' dir='ltr'>dolum,</span> <span class='ocrx_word' id='word_1_227' title='bbox 1486 2095 1542 2157; x_wconf 90' lang='lat' dir='ltr'>sed</span> <span class='ocrx_word' id='word_1_228' title='bbox 1570 2095 1654 2154; x_wconf 89' lang='lat' dir='ltr'>bona</span> 
     </span>
     <span class='ocr_line' id='line_1_18' title="bbox 43 2179 1653 2264; baseline 0.003 -28"><span class='ocrx_word' id='word_1_229' title='bbox 43 2179 180 2240; x_wconf 85' lang='lat' dir='ltr'>leslasoio</span> <span class='ocrx_word' id='word_1_230' title='bbox 195 2183 296 2260; x_wconf 86' lang='lat' dir='ltr'>Papa;</span> <span class='ocrx_word' id='word_1_231' title='bbox 314 2185 404 2246; x_wconf 90' lang='lat' dir='ltr'>Suar.</span> <span class='ocrx_word' id='word_1_232' title='bbox 417 2205 440 2248; x_wconf 91' lang='lat' dir='ltr'>s.</span> <span class='ocrx_word' id='word_1_233' title='bbox 458 2189 488 2262; x_wconf 72' lang='lat'>2,</span> <span class='ocrx_word' id='word_1_234' title='bbox 501 2205 533 2246; x_wconf 91' lang='lat' dir='ltr'>n.</span> <span class='ocrx_word' id='word_1_235' title='bbox 549 2189 583 2258; x_wconf 79' lang='lat'>93</span> <span class='ocrx_word' id='word_1_236' title='bbox 600 2191 707 2246; x_wconf 73' lang='lat' dir='ltr'>minen</span> <span class='ocrx_word' id='word_1_237' title='bbox 723 2183 803 2244; x_wconf 93' lang='lat' dir='ltr'>indi·</span> <span class='ocrx_word' id='word_1_238' title='bbox 858 2183 920 2243; x_wconf 80' lang='lat' dir='ltr'>side</span> <span class='ocrx_word' id='word_1_239' title='bbox 934 2183 1109 2262; x_wconf 89' lang='lat' dir='ltr'>prooessit;</span> <span class='ocrx_word' id='word_1_240' title='bbox 1134 2203 1221 2264; x_wconf 91' lang='lat' dir='ltr'>ergo.</span> <span class='ocrx_word' id='word_1_241' title='bbox 1238 2187 1268 2245; x_wconf 89' lang='lat'>3.</span> <span class='ocrx_word' id='word_1_242' title='bbox 1286 2186 1319 2248; x_wconf 90' lang='lat' dir='ltr'>Si</span> <span class='ocrx_word' id='word_1_243' title='bbox 1333 2185 1402 2263; x_wconf 87' lang='lat' dir='ltr'>quis</span> <span class='ocrx_word' id='word_1_244' title='bbox 1425 2183 1509 2246; x_wconf 89' lang='lat' dir='ltr'>dicat</span> <span class='ocrx_word' id='word_1_245' title='bbox 1527 2201 1596 2243; x_wconf 91' lang='lat' dir='ltr'>csse</span> <span class='ocrx_word' id='word_1_246' title='bbox 1610 2182 1653 2241; x_wconf 91' lang='lat' dir='ltr'>ir-</span> 
     </span>
     <span class='ocr_line' id='line_1_19' title="bbox 43 2267 1654 2351; baseline 0.004 -29"><span class='ocrx_word' id='word_1_247' title='bbox 43 2270 105 2326; x_wconf 85' lang='lat' dir='ltr'>recle</span> <span class='ocrx_word' id='word_1_248' title='bbox 116 2267 172 2328; x_wconf 90' lang='lat' dir='ltr'>tolli</span> <span class='ocrx_word' id='word_1_249' title='bbox 187 2273 290 2348; x_wconf 89' lang='lat' dir='ltr'>potest</span> <span class='ocrx_word' id='word_1_250' title='bbox 305 2289 362 2349; x_wconf 89' lang='lat' dir='ltr'>per</span> <span class='ocrx_word' id='word_1_251' title='bbox 377 2273 566 2335; x_wconf 90' lang='lat' dir='ltr'>ablationem</span> <span class='ocrx_word' id='word_1_252' title='bbox 581 2272 731 2346; x_wconf 79' lang='lat' dir='ltr'>infamia,</span> <span class='ocrx_word' id='word_1_253' title='bbox 747 2290 803 2332; x_wconf 91' lang='lat' dir='ltr'>sen</span> <span class='ocrx_word' id='word_1_254' title='bbox 859 2271 1036 2351; x_wconf 87' lang='lat' dir='ltr'>regularem</span> <span class='ocrx_word' id='word_1_255' title='bbox 1051 2291 1087 2333; x_wconf 83' lang='lat' dir='ltr'>ex</span> <span class='ocrx_word' id='word_1_256' title='bbox 1103 2271 1225 2334; x_wconf 87' lang='lat' dir='ltr'>delectu</span> <span class='ocrx_word' id='word_1_257' title='bbox 1239 2272 1404 2348; x_wconf 86' lang='lat' dir='ltr'>libertatis,</span> <span class='ocrx_word' id='word_1_258' title='bbox 1421 2271 1482 2332; x_wconf 93' lang='lat' dir='ltr'>hoc</span> <span class='ocrx_word' id='word_1_259' title='bbox 1497 2271 1582 2348; x_wconf 88' lang='lat' dir='ltr'>dato,</span> <span class='ocrx_word' id='word_1_260' title='bbox 1599 2270 1654 2330; x_wconf 89' lang='lat' dir='ltr'>illa</span> 
     </span>
     <span class='ocr_line' id='line_1_20' title="bbox 44 2355 1653 2440; baseline 0.002 -26"><span class='ocrx_word' id='word_1_261' title='bbox 44 2355 235 2417; x_wconf 89' lang='lat' dir='ltr'>restitutionem</span> <span class='ocrx_word' id='word_1_262' title='bbox 258 2357 353 2420; x_wconf 72' lang='lat' dir='ltr'>lamae</span> <span class='ocrx_word' id='word_1_263' title='bbox 378 2379 397 2420; x_wconf 90' lang='lat' dir='ltr'>a</span> <span class='ocrx_word' id='word_1_264' title='bbox 418 2365 571 2439; x_wconf 86' lang='lat' dir='ltr'>potestate</span> <span class='ocrx_word' id='word_1_265' title='bbox 590 2359 684 2436; x_wconf 75' lang='lat' dir='ltr'>civili,</span> <span class='ocrx_word' id='word_1_266' title='bbox 711 2361 802 2422; x_wconf 89' lang='lat' dir='ltr'>Suar.</span> <span class='ocrx_word' id='word_1_267' title='bbox 855 2359 923 2440; x_wconf 87' lang='lat' dir='ltr'>jam</span> <span class='ocrx_word' id='word_1_268' title='bbox 938 2361 1653 2440; x_wconf 86' lang='lat' dir='ltr'>cessatcbtentalibertatopcrlicentiamuxo-</span> 
     </span>
     <span class='ocr_line' id='line_1_21' title="bbox 43 2443 1653 2530; baseline 0.007 -34"><span class='ocrx_word' id='word_1_269' title='bbox 43 2458 64 2498; x_wconf 85' lang='lat' dir='ltr'>r.</span> <span class='ocrx_word' id='word_1_270' title='bbox 76 2443 115 2506; x_wconf 83' lang='lat' dir='ltr'>tt.</span> <span class='ocrx_word' id='word_1_271' title='bbox 128 2445 171 2503; x_wconf 82' lang='lat' dir='ltr'>nn</span> <span class='ocrx_word' id='word_1_272' title='bbox 182 2444 314 2506; x_wconf 83' lang='lat' dir='ltr'>Nuntius</span> <span class='ocrx_word' id='word_1_273' title='bbox 323 2446 435 2527; x_wconf 89' lang='lat' dir='ltr'>judicii</span> <span class='ocrx_word' id='word_1_274' title='bbox 447 2447 616 2510; x_wconf 88' lang='lat' dir='ltr'>criminalis</span> <span class='ocrx_word' id='word_1_275' title='bbox 630 2447 670 2509; x_wconf 92' lang='lat' dir='ltr'>sit</span> <span class='ocrx_word' id='word_1_276' title='bbox 681 2447 805 2508; x_wconf 83' lang='lat' dir='ltr'>infamis</span> <span class='ocrx_word' id='word_1_277' title='bbox 859 2448 913 2524; x_wconf 91' lang='lat' dir='ltr'>ris,</span> <span class='ocrx_word' id='word_1_278' title='bbox 930 2450 976 2509; x_wconf 91' lang='lat' dir='ltr'>uti</span> <span class='ocrx_word' id='word_1_279' title='bbox 990 2450 1146 2530; x_wconf 87' lang='lat' dir='ltr'>colligitur</span> <span class='ocrx_word' id='word_1_280' title='bbox 1159 2468 1197 2510; x_wconf 85' lang='lat' dir='ltr'>ex</span> <span class='ocrx_word' id='word_1_281' title='bbox 1212 2450 1313 2512; x_wconf 89' lang='lat' dir='ltr'>dictis.</span> <span class='ocrx_word' id='word_1_282' title='bbox 1330 2450 1421 2523; x_wconf 83' lang='lat' dir='ltr'>Quod</span> <span class='ocrx_word' id='word_1_283' title='bbox 1439 2449 1464 2510; x_wconf 93' lang='lat' dir='ltr'>si</span> <span class='ocrx_word' id='word_1_284' title='bbox 1480 2467 1559 2510; x_wconf 85' lang='lat' dir='ltr'>uxor</span> <span class='ocrx_word' id='word_1_285' title='bbox 1573 2448 1653 2509; x_wconf 87' lang='lat' dir='ltr'>dans</span> 
     </span>
     <span class='ocr_line' id='line_1_22' title="bbox 44 2527 1652 2618; baseline 0.006 -31"><span class='ocrx_word' id='word_1_286' title='bbox 44 2527 417 2609; x_wconf 65' lang='lat' dir='ltr'>marcomannicam.</span> <span class='ocrx_word' id='word_1_287' title='bbox 437 2539 507 2614; x_wconf 65' lang='lat'>522,</span> <span class='ocrx_word' id='word_1_288' title='bbox 525 2537 564 2597; x_wconf 95' lang='lat' dir='ltr'>de</span> <span class='ocrx_word' id='word_1_289' title='bbox 583 2536 707 2597; x_wconf 88' lang='lat' dir='ltr'>delectu</span> <span class='ocrx_word' id='word_1_290' title='bbox 727 2535 805 2596; x_wconf 88' lang='lat' dir='ltr'>leni·</span> <span class='ocrx_word' id='word_1_291' title='bbox 860 2535 988 2614; x_wconf 88' lang='lat' dir='ltr'>quidem</span> <span class='ocrx_word' id='word_1_292' title='bbox 1009 2536 1179 2614; x_wconf 88' lang='lat' dir='ltr'>licentiam,</span> <span class='ocrx_word' id='word_1_293' title='bbox 1195 2537 1274 2599; x_wconf 93' lang='lat' dir='ltr'>nolit</span> <span class='ocrx_word' id='word_1_294' title='bbox 1296 2537 1464 2618; x_wconf 85' lang='lat' dir='ltr'>nequidem</span> <span class='ocrx_word' id='word_1_295' title='bbox 1485 2535 1517 2597; x_wconf 89' lang='lat' dir='ltr'>in</span> <span class='ocrx_word' id='word_1_296' title='bbox 1536 2537 1652 2598; x_wconf 79' lang='lat' dir='ltr'>saeclo</span> 
     </span>
     <span class='ocr_line' id='line_1_23' title="bbox 44 2615 1651 2703; baseline 0.007 -28"><span class='ocrx_word' id='word_1_297' title='bbox 44 2615 97 2676; x_wconf 87' lang='lat' dir='ltr'>tatis</span> <span class='ocrx_word' id='word_1_298' title='bbox 111 2617 128 2678; x_wconf 85' lang='lat'>¹.</span> <span class='ocrx_word' id='word_1_299' title='bbox 860 2622 1002 2685; x_wconf 87' lang='lat' dir='ltr'>amittere</span> <span class='ocrx_word' id='word_1_300' title='bbox 1016 2631 1124 2686; x_wconf 83' lang='lat' dir='ltr'>votum</span> <span class='ocrx_word' id='word_1_301' title='bbox 1139 2625 1300 2703; x_wconf 88' lang='lat' dir='ltr'>castitatis,</span> <span class='ocrx_word' id='word_1_302' title='bbox 1313 2625 1417 2686; x_wconf 90' lang='lat' dir='ltr'>adbuc</span> <span class='ocrx_word' id='word_1_303' title='bbox 1427 2625 1520 2687; x_wconf 91' lang='lat' dir='ltr'>docet</span> <span class='ocrx_word' id='word_1_304' title='bbox 1534 2624 1651 2687; x_wconf 92' lang='lat' dir='ltr'>Sanch.</span> 
     </span>
     <span class='ocr_line' id='line_1_24' title="bbox 14 2705 1652 2794; baseline 0.001 -24"><span class='ocrx_word' id='word_1_305' title='bbox 14 2723 28 2770; x_wconf 77' lang='grc' dir='ltr'>Ι</span> <span class='ocrx_word' id='word_1_306' title='bbox 73 2705 159 2779; x_wconf 73' lang='lat' dir='ltr'>Otoest.</span> <span class='ocrx_word' id='word_1_307' title='bbox 174 2711 541 2787; x_wconf 83' lang='lat' dir='ltr'>69.-Onidoddendum</span> <span class='ocrx_word' id='word_1_308' title='bbox 562 2713 601 2774; x_wconf 88' lang='lat' dir='ltr'>sit</span> <span class='ocrx_word' id='word_1_309' title='bbox 616 2713 805 2794; x_wconf 84' lang='lat' dir='ltr'>circadefce-</span> <span class='ocrx_word' id='word_1_310' title='bbox 860 2731 888 2772; x_wconf 91' lang='lat' dir='ltr'>n.</span> <span class='ocrx_word' id='word_1_311' title='bbox 907 2713 937 2788; x_wconf 88' lang='lat' dir='ltr'>o,</span> <span class='ocrx_word' id='word_1_312' title='bbox 958 2730 1020 2772; x_wconf 90' lang='lat' dir='ltr'>non</span> <span class='ocrx_word' id='word_1_313' title='bbox 1041 2712 1200 2776; x_wconf 89' lang='lat' dir='ltr'>incurrero</span> <span class='ocrx_word' id='word_1_314' title='bbox 1222 2714 1304 2775; x_wconf 90' lang='lat' dir='ltr'>bane</span> <span class='ocrx_word' id='word_1_315' title='bbox 1320 2713 1600 2792; x_wconf 87' lang='lat' dir='ltr'>irregularitatem,</span> <span class='ocrx_word' id='word_1_316' title='bbox 1626 2711 1652 2772; x_wconf 92' lang='lat' dir='ltr'>si</span> 
     </span>
     <span class='ocr_line' id='line_1_25' title="bbox 44 2794 1650 2883; baseline 0.003 -28"><span class='ocrx_word' id='word_1_317' title='bbox 44 2799 87 2852; x_wconf 81' lang='lat' dir='ltr'>bn</span> <span class='ocrx_word' id='word_1_318' title='bbox 99 2794 253 2862; x_wconf 83' lang='lat' dir='ltr'>libertatis?</span> <span class='ocrx_word' id='word_1_319' title='bbox 272 2803 310 2862; x_wconf 88' lang='lat' dir='ltr'>R.</span> <span class='ocrx_word' id='word_1_320' title='bbox 331 2805 390 2881; x_wconf 62' lang='lat' dir='ltr'>gl.</span> <span class='ocrx_word' id='word_1_321' title='bbox 409 2807 456 2864; x_wconf 83' lang='lat' dir='ltr'>An</span> <span class='ocrx_word' id='word_1_322' title='bbox 474 2802 606 2863; x_wconf 90' lang='lat' dir='ltr'>clericus</span> <span class='ocrx_word' id='word_1_323' title='bbox 620 2801 806 2883; x_wconf 84' lang='lat' dir='ltr'>conjugatus</span> <span class='ocrx_word' id='word_1_324' title='bbox 860 2799 900 2860; x_wconf 90' lang='lat' dir='ltr'>ad</span> <span class='ocrx_word' id='word_1_325' title='bbox 924 2800 1055 2862; x_wconf 88' lang='lat' dir='ltr'>Ordines</span> <span class='ocrx_word' id='word_1_326' title='bbox 1079 2819 1184 2863; x_wconf 90' lang='lat' dir='ltr'>sacros</span> <span class='ocrx_word' id='word_1_327' title='bbox 1207 2801 1366 2869; x_wconf 86' lang='lat' dir='ltr'>ascendat,</span> <span class='ocrx_word' id='word_1_328' title='bbox 1384 2801 1458 2882; x_wconf 90' lang='lat' dir='ltr'>quia</span> <span class='ocrx_word' id='word_1_329' title='bbox 1479 2799 1650 2880; x_wconf 79' lang='lat' dir='ltr'>Ectrnuap.</span> 
     </span>
     <span class='ocr_line' id='line_1_26' title="bbox 45 2878 1653 2970; baseline 0.003 -27"><span class='ocrx_word' id='word_1_330' title='bbox 45 2878 67 2938; x_wconf 87' lang='lat' dir='ltr'>in</span> <span class='ocrx_word' id='word_1_331' title='bbox 76 2884 194 2948; x_wconf 78' lang='lat' dir='ltr'>Ecclesia</span> <span class='ocrx_word' id='word_1_332' title='bbox 211 2889 311 2951; x_wconf 89' lang='lat' dir='ltr'>latina</span> <span class='ocrx_word' id='word_1_333' title='bbox 329 2907 367 2949; x_wconf 86' lang='lat' dir='ltr'>ex</span> <span class='ocrx_word' id='word_1_334' title='bbox 381 2889 584 2970; x_wconf 89' lang='lat' dir='ltr'>dispositione</span> <span class='ocrx_word' id='word_1_335' title='bbox 606 2891 751 2968; x_wconf 81' lang='lat' dir='ltr'>Episcopi</span> <span class='ocrx_word' id='word_1_336' title='bbox 766 2891 806 2954; x_wconf 90' lang='lat' dir='ltr'>sit</span> <span class='ocrx_word' id='word_1_337' title='bbox 860 2891 931 2968; x_wconf 88' lang='lat' dir='ltr'>apte</span> <span class='ocrx_word' id='word_1_338' title='bbox 946 2888 1085 2969; x_wconf 87' lang='lat' dir='ltr'>loquitur</span> <span class='ocrx_word' id='word_1_339' title='bbox 1099 2889 1138 2950; x_wconf 92' lang='lat' dir='ltr'>de</span> <span class='ocrx_word' id='word_1_340' title='bbox 1157 2889 1225 2966; x_wconf 92' lang='lat' dir='ltr'>illo,</span> <span class='ocrx_word' id='word_1_341' title='bbox 1242 2889 1295 2970; x_wconf 86' lang='lat' dir='ltr'>qui</span> <span class='ocrx_word' id='word_1_342' title='bbox 1315 2889 1382 2949; x_wconf 90' lang='lat' dir='ltr'>sina</span> <span class='ocrx_word' id='word_1_343' title='bbox 1400 2888 1526 2950; x_wconf 90' lang='lat' dir='ltr'>licentia</span> <span class='ocrx_word' id='word_1_344' title='bbox 1545 2887 1653 2950; x_wconf 84' lang='lat' dir='ltr'>uxoris</span> 
     </span>
     <span class='ocr_line' id='line_1_27' title="bbox 47 2975 1653 3056; baseline 0.003 -25"><span class='ocrx_word' id='word_1_345' title='bbox 47 2985 122 3048; x_wconf 78' lang='lat' dir='ltr'>capax</span> <span class='ocrx_word' id='word_1_346' title='bbox 141 2976 281 3038; x_wconf 82' lang='lat' dir='ltr'>Beneficii</span> <span class='ocrx_word' id='word_1_347' title='bbox 307 2977 467 3056; x_wconf 89' lang='lat' dir='ltr'>simplicis,</span> <span class='ocrx_word' id='word_1_348' title='bbox 494 2977 558 3038; x_wconf 86' lang='lat' dir='ltr'>dixi</span> <span class='ocrx_word' id='word_1_349' title='bbox 579 2977 599 3038; x_wconf 91' lang='lat' dir='ltr'>l.</span> <span class='ocrx_word' id='word_1_350' title='bbox 625 2981 655 3050; x_wconf 82' lang='lat' dir='ltr'>l,</span> <span class='ocrx_word' id='word_1_351' title='bbox 679 2996 709 3037; x_wconf 94' lang='lat' dir='ltr'>n.</span> <span class='ocrx_word' id='word_1_352' title='bbox 733 2981 802 3039; x_wconf 79' lang='lat'><strong>76¹1.</strong></span> <span class='ocrx_word' id='word_1_353' title='bbox 859 2984 1072 3056; x_wconf 80' lang='lat' dir='ltr'>promovetur.</span> <span class='ocrx_word' id='word_1_354' title='bbox 1088 2980 1117 3038; x_wconf 74' lang='grc'>4.</span> <span class='ocrx_word' id='word_1_355' title='bbox 1135 2979 1168 3039; x_wconf 93' lang='lat' dir='ltr'>ln</span> <span class='ocrx_word' id='word_1_356' title='bbox 1184 2977 1280 3038; x_wconf 89' lang='lat' dir='ltr'>dubio</span> <span class='ocrx_word' id='word_1_357' title='bbox 1295 2976 1379 3039; x_wconf 90' lang='lat' dir='ltr'>Jnris</span> <span class='ocrx_word' id='word_1_358' title='bbox 1393 2978 1443 3038; x_wconf 93' lang='lat' dir='ltr'>vel</span> <span class='ocrx_word' id='word_1_359' title='bbox 1457 2976 1543 3052; x_wconf 87' lang='lat' dir='ltr'>faeti,</span> <span class='ocrx_word' id='word_1_360' title='bbox 1556 2993 1597 3036; x_wconf 90' lang='lat' dir='ltr'>an</span> <span class='ocrx_word' id='word_1_361' title='bbox 1612 2975 1653 3036; x_wconf 91' lang='lat' dir='ltr'>sit</span> 
     </span>
     <span class='ocr_line' id='line_1_28' title="bbox 47 3058 1653 3146; baseline -0.003 -18"><span class='ocrx_word' id='word_1_362' title='bbox 47 3058 144 3127; x_wconf 83' lang='lat' dir='ltr'>lluidet</span> <span class='ocrx_word' id='word_1_363' title='bbox 157 3065 323 3145; x_wconf 86' lang='lat' dir='ltr'>quotuplex</span> <span class='ocrx_word' id='word_1_364' title='bbox 348 3067 388 3128; x_wconf 90' lang='lat' dir='ltr'>sit</span> <span class='ocrx_word' id='word_1_365' title='bbox 402 3066 556 3146; x_wconf 89' lang='lat' dir='ltr'>Bigamia,</span> <span class='ocrx_word' id='word_1_366' title='bbox 574 3085 614 3126; x_wconf 87' lang='lat' dir='ltr'>an</span> <span class='ocrx_word' id='word_1_367' title='bbox 630 3083 738 3127; x_wconf 87' lang='lat' dir='ltr'>omncs</span> <span class='ocrx_word' id='word_1_368' title='bbox 760 3066 806 3127; x_wconf 95' lang='lat' dir='ltr'>bi·</span> <span class='ocrx_word' id='word_1_369' title='bbox 861 3070 1021 3128; x_wconf 86' lang='lat' dir='ltr'>contracta</span> <span class='ocrx_word' id='word_1_370' title='bbox 1048 3065 1281 3146; x_wconf 87' lang='lat' dir='ltr'>irregularitas,</span> <span class='ocrx_word' id='word_1_371' title='bbox 1311 3065 1405 3128; x_wconf 89' lang='lat' dir='ltr'>debet</span> <span class='ocrx_word' id='word_1_372' title='bbox 1424 3063 1561 3146; x_wconf 83' lang='lat' dir='ltr'>judicari</span> <span class='ocrx_word' id='word_1_373' title='bbox 1591 3082 1653 3126; x_wconf 91' lang='lat' dir='ltr'>nan</span> 
     </span>
     <span class='ocr_line' id='line_1_29' title="bbox 14 3147 1651 3234; baseline 0.004 -28"><span class='ocrx_word' id='word_1_374' title='bbox 14 3175 16 3182; x_wconf 56' lang='lat'>&gt;</span> <span class='ocrx_word' id='word_1_375' title='bbox 46 3147 107 3222; x_wconf 84' lang='lat' dir='ltr'>gani</span> <span class='ocrx_word' id='word_1_376' title='bbox 124 3151 179 3210; x_wconf 87' lang='lat' dir='ltr'>sint</span> <span class='ocrx_word' id='word_1_377' title='bbox 192 3152 392 3232; x_wconf 87' lang='lat' dir='ltr'>irregulares,</span> <span class='ocrx_word' id='word_1_378' title='bbox 409 3173 448 3214; x_wconf 88' lang='lat' dir='ltr'>an</span> <span class='ocrx_word' id='word_1_379' title='bbox 465 3155 550 3232; x_wconf 85' lang='lat' dir='ltr'>Papa</span> <span class='ocrx_word' id='word_1_380' title='bbox 565 3171 637 3214; x_wconf 91' lang='lat' dir='ltr'>cum</span> <span class='ocrx_word' id='word_1_381' title='bbox 651 3153 689 3216; x_wconf 90' lang='lat' dir='ltr'>iis</span> <span class='ocrx_word' id='word_1_382' title='bbox 707 3157 806 3234; x_wconf 90' lang='lat' dir='ltr'>possit</span> <span class='ocrx_word' id='word_1_383' title='bbox 861 3171 928 3216; x_wconf 88' lang='lat' dir='ltr'>esse</span> <span class='ocrx_word' id='word_1_384' title='bbox 943 3158 1113 3231; x_wconf 90' lang='lat' dir='ltr'>eontracta,</span> <span class='ocrx_word' id='word_1_385' title='bbox 1132 3154 1174 3216; x_wconf 91' lang='lat' dir='ltr'>uti</span> <span class='ocrx_word' id='word_1_386' title='bbox 1190 3171 1262 3215; x_wconf 90' lang='lat' dir='ltr'>cum</span> <span class='ocrx_word' id='word_1_387' title='bbox 1276 3153 1433 3214; x_wconf 89' lang='lat' dir='ltr'>communi</span> <span class='ocrx_word' id='word_1_388' title='bbox 1454 3150 1517 3214; x_wconf 85' lang='lat' dir='ltr'>dixi</span> <span class='ocrx_word' id='word_1_389' title='bbox 1533 3171 1564 3213; x_wconf 93' lang='lat' dir='ltr'>n.</span> <span class='ocrx_word' id='word_1_390' title='bbox 1581 3153 1651 3214; x_wconf 81' lang='lat' dir='ltr'>lbi).</span> 
     </span>
     <span class='ocr_line' id='line_1_30' title="bbox 47 3231 1654 3322; baseline 0.006 -32"><span class='ocrx_word' id='word_1_391' title='bbox 47 3231 192 3312; x_wconf 87' lang='lat' dir='ltr'>dispensare</span> <span class='ocrx_word' id='word_1_392' title='bbox 215 3241 256 3302; x_wconf 90' lang='lat' dir='ltr'>ad</span> <span class='ocrx_word' id='word_1_393' title='bbox 278 3241 421 3319; x_wconf 89' lang='lat' dir='ltr'>Ordines,</span> <span class='ocrx_word' id='word_1_394' title='bbox 448 3240 607 3303; x_wconf 85' lang='lat' dir='ltr'>Beneficia</span> <span class='ocrx_word' id='word_1_395' title='bbox 621 3246 653 3303; x_wconf 92' lang='lat' dir='ltr'>et</span> <span class='ocrx_word' id='word_1_396' title='bbox 673 3242 807 3322; x_wconf 89' lang='lat' dir='ltr'>dignita·</span> <span class='ocrx_word' id='word_1_397' title='bbox 862 3243 924 3305; x_wconf 88' lang='lat' dir='ltr'>Sed</span> <span class='ocrx_word' id='word_1_398' title='bbox 939 3243 989 3302; x_wconf 90' lang='lat' dir='ltr'>bic</span> <span class='ocrx_word' id='word_1_399' title='bbox 1004 3243 1044 3303; x_wconf 92' lang='lat' dir='ltr'>ad</span> <span class='ocrx_word' id='word_1_400' title='bbox 1064 3259 1222 3304; x_wconf 91' lang='lat' dir='ltr'>summum</span> <span class='ocrx_word' id='word_1_401' title='bbox 1243 3246 1290 3304; x_wconf 86' lang='lat' dir='ltr'>est</span> <span class='ocrx_word' id='word_1_402' title='bbox 1311 3242 1442 3304; x_wconf 89' lang='lat' dir='ltr'>dubium</span> <span class='ocrx_word' id='word_1_403' title='bbox 1465 3259 1505 3302; x_wconf 94' lang='lat' dir='ltr'>an</span> <span class='ocrx_word' id='word_1_404' title='bbox 1525 3240 1566 3302; x_wconf 90' lang='lat' dir='ltr'>sit</span> <span class='ocrx_word' id='word_1_405' title='bbox 1579 3257 1654 3302; x_wconf 90' lang='lat' dir='ltr'>con-</span> 
     </span>
     <span class='ocr_line' id='line_1_31' title="bbox 47 3323 1227 3410; baseline 0.009 -30"><span class='ocrx_word' id='word_1_406' title='bbox 47 3323 88 3396; x_wconf 75' lang='lat' dir='ltr'>ue,</span> <span class='ocrx_word' id='word_1_407' title='bbox 100 3341 133 3384; x_wconf 91' lang='lat' dir='ltr'>nn</span> <span class='ocrx_word' id='word_1_408' title='bbox 153 3327 182 3388; x_wconf 92' lang='lat' dir='ltr'>id</span> <span class='ocrx_word' id='word_1_409' title='bbox 201 3330 296 3391; x_wconf 89' lang='lat' dir='ltr'>etiam</span> <span class='ocrx_word' id='word_1_410' title='bbox 311 3331 409 3409; x_wconf 88' lang='lat' dir='ltr'>possit</span> <span class='ocrx_word' id='word_1_411' title='bbox 430 3331 615 3410; x_wconf 79' lang='lat' dir='ltr'>Episcopus,</span> <span class='ocrx_word' id='word_1_412' title='bbox 637 3335 704 3393; x_wconf 82' lang='lat' dir='ltr'>veri</span> <span class='ocrx_word' id='word_1_413' title='bbox 723 3333 805 3396; x_wconf 88' lang='lat' dir='ltr'>servi</span> <span class='ocrx_word' id='word_1_414' title='bbox 860 3334 972 3408; x_wconf 87' lang='lat' dir='ltr'>tracta,</span> <span class='ocrx_word' id='word_1_415' title='bbox 990 3348 1123 3404; x_wconf 87' lang='lat' dir='ltr'>nce-ne;</span> <span class='ocrx_word' id='word_1_416' title='bbox 1140 3349 1227 3410; x_wconf 90' lang='lat' dir='ltr'>ergo.</span> 
     </span>
     <span class='ocr_line' id='line_1_32' title="bbox 48 3407 1721 3499; baseline 0.009 -33"><span class='ocrx_word' id='word_1_417' title='bbox 48 3407 85 3485; x_wconf 89' lang='lat' dir='ltr'>qui</span> <span class='ocrx_word' id='word_1_418' title='bbox 99 3410 160 3491; x_wconf 89' lang='lat' dir='ltr'>sint,</span> <span class='ocrx_word' id='word_1_419' title='bbox 182 3433 219 3476; x_wconf 91' lang='lat' dir='ltr'>an</span> <span class='ocrx_word' id='word_1_420' title='bbox 242 3435 374 3496; x_wconf 86' lang='lat' dir='ltr'>capaces</span> <span class='ocrx_word' id='word_1_421' title='bbox 399 3417 550 3479; x_wconf 83' lang='lat' dir='ltr'>Ordinem</span> <span class='ocrx_word' id='word_1_422' title='bbox 572 3418 695 3498; x_wconf 88' lang='lat' dir='ltr'>aliaque</span> <span class='ocrx_word' id='word_1_423' title='bbox 716 3421 807 3499; x_wconf 86' lang='lat' dir='ltr'>plura</span> <span class='ocrx_word' id='word_1_424' title='bbox 902 3419 965 3498; x_wconf 73' lang='lat'>§³-</span> <span class='ocrx_word' id='word_1_425' title='bbox 982 3421 1050 3480; x_wconf 91' lang='lat' dir='ltr'>Huc</span> <span class='ocrx_word' id='word_1_426' title='bbox 1064 3421 1201 3498; x_wconf 89' lang='lat' dir='ltr'>pertinet</span> <span class='ocrx_word' id='word_1_427' title='bbox 1217 3418 1313 3481; x_wconf 87' lang='lat' dir='ltr'>etiam</span> <span class='ocrx_word' id='word_1_428' title='bbox 1328 3435 1462 3499; x_wconf 88' lang='lat' dir='ltr'>sequens</span> <span class='ocrx_word' id='word_1_429' title='bbox 1476 3437 1585 3480; x_wconf 88' lang='lat' dir='ltr'>casus:</span> <span class='ocrx_word' id='word_1_430' title='bbox 1603 3419 1656 3481; x_wconf 84' lang='lat' dir='ltr'>&#39;li-</span> <span class='ocrx_word' id='word_1_431' title='bbox 1682 3452 1721 3496; x_wconf 66' lang='lat'>52,</span> 
     </span>
     <span class='ocr_line' id='line_1_33' title="bbox 48 3495 1655 3578; baseline 0.009 -24"><span class='ocrx_word' id='word_1_432' title='bbox 48 3495 93 3556; x_wconf 81' lang='lat' dir='ltr'>diri</span> <span class='ocrx_word' id='word_1_433' title='bbox 104 3499 121 3560; x_wconf 91' lang='lat' dir='ltr'>l.</span> <span class='ocrx_word' id='word_1_434' title='bbox 135 3504 161 3578; x_wconf 87' lang='lat' dir='ltr'>l,</span> <span class='ocrx_word' id='word_1_435' title='bbox 176 3521 194 3563; x_wconf 89' lang='lat' dir='ltr'>a</span> <span class='ocrx_word' id='word_1_436' title='bbox 207 3523 237 3565; x_wconf 92' lang='lat' dir='ltr'>n.</span> <span class='ocrx_word' id='word_1_437' title='bbox 253 3507 325 3566; x_wconf 78' lang='lat'><strong>768.</strong></span> <span class='ocrx_word' id='word_1_438' title='bbox 861 3508 922 3570; x_wconf 90' lang='lat' dir='ltr'>tius</span> <span class='ocrx_word' id='word_1_439' title='bbox 937 3509 1092 3569; x_wconf 86' lang='lat' dir='ltr'>Diaconos</span> <span class='ocrx_word' id='word_1_440' title='bbox 1106 3507 1233 3570; x_wconf 88' lang='lat' dir='ltr'>dimisso</span> <span class='ocrx_word' id='word_1_441' title='bbox 1247 3525 1304 3569; x_wconf 89' lang='lat' dir='ltr'>suo</span> <span class='ocrx_word' id='word_1_442' title='bbox 1319 3503 1512 3569; x_wconf 85' lang='lat' dir='ltr'>Canonicatn</span> <span class='ocrx_word' id='word_1_443' title='bbox 1523 3506 1555 3567; x_wconf 91' lang='lat' dir='ltr'>in</span> <span class='ocrx_word' id='word_1_444' title='bbox 1570 3507 1655 3568; x_wconf 81' lang='lat' dir='ltr'>lavo·</span> 
     </span>
     <span class='ocr_line' id='line_1_34' title="bbox 15 3583 1655 3674; baseline 0.005 -27"><span class='ocrx_word' id='word_1_445' title='bbox 15 3621 31 3670; x_wconf 66' lang='lat' dir='ltr'>g</span> <span class='ocrx_word' id='word_1_446' title='bbox 75 3583 126 3661; x_wconf 71' lang='lat'>§2</span> <span class='ocrx_word' id='word_1_447' title='bbox 148 3589 220 3650; x_wconf 84' lang='lat' dir='ltr'>Cum</span> <span class='ocrx_word' id='word_1_448' title='bbox 241 3590 375 3653; x_wconf 83' lang='lat' dir='ltr'>anernd.</span> <span class='ocrx_word' id='word_1_449' title='bbox 397 3610 491 3670; x_wconf 90' lang='lat' dir='ltr'>supra</span> <span class='ocrx_word' id='word_1_450' title='bbox 513 3591 597 3653; x_wconf 90' lang='lat' dir='ltr'>dieat</span> <span class='ocrx_word' id='word_1_451' title='bbox 619 3591 806 3674; x_wconf 86' lang='lat' dir='ltr'>conjugatos</span> <span class='ocrx_word' id='word_1_452' title='bbox 862 3594 1076 3656; x_wconf 90' lang='lat' dir='ltr'>remCaiisub</span> <span class='ocrx_word' id='word_1_453' title='bbox 1091 3595 1239 3674; x_wconf 88' lang='lat' dir='ltr'>pensione</span> <span class='ocrx_word' id='word_1_454' title='bbox 1255 3598 1655 3674; x_wconf 87' lang='lat' dir='ltr'>annua,vagaturperpa·</span> 
     </span>
     <span class='ocr_line' id='line_1_35' title="bbox 17 3673 1655 3762; baseline 0.007 -31"><span class='ocrx_word' id='word_1_455' title='bbox 17 3673 18 3678; x_wconf 75' lang='grc'>’</span> <span class='ocrx_word' id='word_1_456' title='bbox 49 3687 97 3731; x_wconf 85' lang='lat' dir='ltr'>esse</span> <span class='ocrx_word' id='word_1_457' title='bbox 112 3674 298 3756; x_wconf 88' lang='lat' dir='ltr'>irregulares,</span> <span class='ocrx_word' id='word_1_458' title='bbox 320 3680 378 3740; x_wconf 91' lang='lat' dir='ltr'>nisi</span> <span class='ocrx_word' id='word_1_459' title='bbox 401 3698 513 3741; x_wconf 86' lang='lat' dir='ltr'>uxores</span> <span class='ocrx_word' id='word_1_460' title='bbox 539 3680 735 3742; x_wconf 88' lang='lat' dir='ltr'>consentiant</span> <span class='ocrx_word' id='word_1_461' title='bbox 754 3700 807 3743; x_wconf 90' lang='lat' dir='ltr'>eos</span> <span class='ocrx_word' id='word_1_462' title='bbox 861 3684 948 3760; x_wconf 88' lang='lat' dir='ltr'>trias,</span> <span class='ocrx_word' id='word_1_463' title='bbox 970 3682 1098 3744; x_wconf 72' lang='lat' dir='ltr'>medem</span> <span class='ocrx_word' id='word_1_464' title='bbox 1120 3683 1176 3744; x_wconf 87' lang='lat' dir='ltr'>dat</span> <span class='ocrx_word' id='word_1_465' title='bbox 1198 3701 1313 3744; x_wconf 89' lang='lat' dir='ltr'>nomen</span> <span class='ocrx_word' id='word_1_466' title='bbox 1332 3681 1450 3744; x_wconf 82' lang='lat' dir='ltr'>militiae</span> <span class='ocrx_word' id='word_1_467' title='bbox 1471 3681 1503 3742; x_wconf 91' lang='lat' dir='ltr'>in</span> <span class='ocrx_word' id='word_1_468' title='bbox 1522 3699 1586 3762; x_wconf 88' lang='lat' dir='ltr'>qua</span> <span class='ocrx_word' id='word_1_469' title='bbox 1605 3686 1655 3742; x_wconf 89' lang='lat' dir='ltr'>tn-</span> 
     </span>
     <span class='ocr_line' id='line_1_36' title="bbox 50 3759 1653 3851; baseline 0.006 -33"><span class='ocrx_word' id='word_1_470' title='bbox 50 3759 176 3843; x_wconf 86' lang='lat' dir='ltr'>ordinari,</span> <span class='ocrx_word' id='word_1_471' title='bbox 200 3769 230 3830; x_wconf 86' lang='lat' dir='ltr'>et</span> <span class='ocrx_word' id='word_1_472' title='bbox 252 3768 429 3829; x_wconf 85' lang='lat' dir='ltr'>castitatem</span> <span class='ocrx_word' id='word_1_473' title='bbox 451 3772 605 3845; x_wconf 86' lang='lat' dir='ltr'>voveant,</span> <span class='ocrx_word' id='word_1_474' title='bbox 632 3768 808 3831; x_wconf 89' lang='lat' dir='ltr'>dubitatum</span> <span class='ocrx_word' id='word_1_475' title='bbox 862 3789 933 3832; x_wconf 85' lang='lat' dir='ltr'>men</span> <span class='ocrx_word' id='word_1_476' title='bbox 949 3789 1110 3851; x_wconf 89' lang='lat' dir='ltr'>nunquam</span> <span class='ocrx_word' id='word_1_477' title='bbox 1124 3771 1264 3834; x_wconf 87' lang='lat' dir='ltr'>interfuit</span> <span class='ocrx_word' id='word_1_478' title='bbox 1276 3789 1401 3851; x_wconf 79' lang='lat' dir='ltr'>pugna,</span> <span class='ocrx_word' id='word_1_479' title='bbox 1414 3775 1468 3833; x_wconf 86' lang='lat' dir='ltr'>aut</span> <span class='ocrx_word' id='word_1_480' title='bbox 1483 3769 1653 3846; x_wconf 81' lang='lat' dir='ltr'>conflictui,</span> 
     </span>
     <span class='ocr_line' id='line_1_37' title="bbox 50 3851 1654 3940; baseline 0.006 -33"><span class='ocrx_word' id='word_1_481' title='bbox 50 3851 91 3922; x_wconf 86' lang='lat' dir='ltr'>est,</span> <span class='ocrx_word' id='word_1_482' title='bbox 104 3852 168 3930; x_wconf 86' lang='lat' dir='ltr'>qnid</span> <span class='ocrx_word' id='word_1_483' title='bbox 182 3855 220 3916; x_wconf 90' lang='lat' dir='ltr'>nd</span> <span class='ocrx_word' id='word_1_484' title='bbox 235 3855 319 3918; x_wconf 90' lang='lat' dir='ltr'>hunc</span> <span class='ocrx_word' id='word_1_485' title='bbox 333 3875 442 3918; x_wconf 90' lang='lat' dir='ltr'>casnm</span> <span class='ocrx_word' id='word_1_486' title='bbox 454 3857 495 3918; x_wconf 90' lang='lat' dir='ltr'>sit</span> <span class='ocrx_word' id='word_1_487' title='bbox 512 3856 691 3918; x_wconf 90' lang='lat' dir='ltr'>dicendum.</span> <span class='ocrx_word' id='word_1_488' title='bbox 709 3857 808 3920; x_wconf 84' lang='lat' dir='ltr'>&#39;litius</span> <span class='ocrx_word' id='word_1_489' title='bbox 862 3859 894 3920; x_wconf 92' lang='lat' dir='ltr'>in</span> <span class='ocrx_word' id='word_1_490' title='bbox 916 3877 978 3940; x_wconf 83' lang='lat' dir='ltr'>quc</span> <span class='ocrx_word' id='word_1_491' title='bbox 1002 3859 1122 3920; x_wconf 86' lang='lat' dir='ltr'>accisus</span> <span class='ocrx_word' id='word_1_492' title='bbox 1136 3863 1191 3920; x_wconf 91' lang='lat' dir='ltr'>aut</span> <span class='ocrx_word' id='word_1_493' title='bbox 1205 3859 1365 3921; x_wconf 89' lang='lat' dir='ltr'>mutilatus</span> <span class='ocrx_word' id='word_1_494' title='bbox 1384 3859 1425 3920; x_wconf 93' lang='lat' dir='ltr'>sit</span> <span class='ocrx_word' id='word_1_495' title='bbox 1447 3855 1576 3937; x_wconf 89' lang='lat' dir='ltr'>aliquis,</span> <span class='ocrx_word' id='word_1_496' title='bbox 1597 3873 1654 3916; x_wconf 88' lang='lat' dir='ltr'>nec</span> 
     </span>
     <span class='ocr_line' id='line_1_38' title="bbox 51 3934 1652 4026; baseline 0.007 -34"><span class='ocrx_word' id='word_1_497' title='bbox 51 3934 204 4017; x_wconf 83' lang='lat' dir='ltr'>conjugatus</span> <span class='ocrx_word' id='word_1_498' title='bbox 225 3949 296 4023; x_wconf 88' lang='lat' dir='ltr'>post</span> <span class='ocrx_word' id='word_1_499' title='bbox 310 3948 560 4007; x_wconf 87' lang='lat' dir='ltr'>consummatum</span> <span class='ocrx_word' id='word_1_500' title='bbox 575 3944 807 4007; x_wconf 86' lang='lat' dir='ltr'>Matrimonium</span> <span class='ocrx_word' id='word_1_501' title='bbox 862 3946 928 4026; x_wconf 90' lang='lat' dir='ltr'>ipse</span> <span class='ocrx_word' id='word_1_502' title='bbox 952 3947 1065 4009; x_wconf 89' lang='lat' dir='ltr'>eccidit</span> <span class='ocrx_word' id='word_1_503' title='bbox 1088 3951 1143 4008; x_wconf 91' lang='lat' dir='ltr'>aut</span> <span class='ocrx_word' id='word_1_504' title='bbox 1163 3946 1318 4007; x_wconf 81' lang='lat' dir='ltr'>mutilavit</span> <span class='ocrx_word' id='word_1_505' title='bbox 1342 3946 1490 4024; x_wconf 89' lang='lat' dir='ltr'>aliquem,</span> <span class='ocrx_word' id='word_1_506' title='bbox 1514 3947 1652 4005; x_wconf 90' lang='lat' dir='ltr'>attamen</span> 
     </span>
     <span class='ocr_line' id='line_1_39' title="bbox 51 4021 1656 4113; baseline 0.003 -28"><span class='ocrx_word' id='word_1_507' title='bbox 51 4021 186 4090; x_wconf 79' lang='lat' dir='ltr'>abersee</span> <span class='ocrx_word' id='word_1_508' title='bbox 203 4049 311 4110; x_wconf 84' lang='lat' dir='ltr'>uxore,</span> <span class='ocrx_word' id='word_1_509' title='bbox 326 4033 486 4094; x_wconf 83' lang='lat' dir='ltr'>bonafide</span> <span class='ocrx_word' id='word_1_510' title='bbox 509 4036 599 4112; x_wconf 88' lang='lat' dir='ltr'>putat</span> <span class='ocrx_word' id='word_1_511' title='bbox 619 4033 701 4095; x_wconf 90' lang='lat' dir='ltr'>bano</span> <span class='ocrx_word' id='word_1_512' title='bbox 724 4053 809 4096; x_wconf 89' lang='lat' dir='ltr'>mor·</span> <span class='ocrx_word' id='word_1_513' title='bbox 862 4037 944 4096; x_wconf 90' lang='lat' dir='ltr'>male</span> <span class='ocrx_word' id='word_1_514' title='bbox 966 4035 1043 4097; x_wconf 84' lang='lat' dir='ltr'>vixit</span> <span class='ocrx_word' id='word_1_515' title='bbox 1066 4053 1137 4096; x_wconf 92' lang='lat' dir='ltr'>cum</span> <span class='ocrx_word' id='word_1_516' title='bbox 1161 4034 1266 4113; x_wconf 89' lang='lat' dir='ltr'>aliqua</span> <span class='ocrx_word' id='word_1_517' title='bbox 1288 4032 1475 4108; x_wconf 91' lang='lat' dir='ltr'>concubina,</span> <span class='ocrx_word' id='word_1_518' title='bbox 1502 4031 1558 4091; x_wconf 90' lang='lat' dir='ltr'>sed</span> <span class='ocrx_word' id='word_1_519' title='bbox 1577 4049 1656 4091; x_wconf 88' lang='lat' dir='ltr'>nun·</span> 
     </span>
     <span class='ocr_line' id='line_1_40' title="bbox 52 4113 1655 4202; baseline 0.006 -33"><span class='ocrx_word' id='word_1_520' title='bbox 52 4113 124 4192; x_wconf 82' lang='lat' dir='ltr'>tuam,</span> <span class='ocrx_word' id='word_1_521' title='bbox 137 4115 235 4199; x_wconf 86' lang='lat' dir='ltr'>sicque</span> <span class='ocrx_word' id='word_1_522' title='bbox 248 4120 389 4183; x_wconf 89' lang='lat' dir='ltr'>initiatur</span> <span class='ocrx_word' id='word_1_523' title='bbox 402 4121 499 4182; x_wconf 91' lang='lat' dir='ltr'>sacris</span> <span class='ocrx_word' id='word_1_524' title='bbox 515 4121 685 4183; x_wconf 88' lang='lat' dir='ltr'>Ordinibus</span> <span class='ocrx_word' id='word_1_525' title='bbox 697 4142 705 4196; x_wconf 91' lang='grc'><strong>;</strong></span> <span class='ocrx_word' id='word_1_526' title='bbox 722 4127 809 4202; x_wconf 89' lang='lat' dir='ltr'>post·</span> <span class='ocrx_word' id='word_1_527' title='bbox 863 4141 958 4202; x_wconf 91' lang='lat' dir='ltr'>quam</span> <span class='ocrx_word' id='word_1_528' title='bbox 968 4125 1118 4183; x_wconf 87' lang='lat' dir='ltr'>attentato</span> <span class='ocrx_word' id='word_1_529' title='bbox 1130 4139 1200 4182; x_wconf 93' lang='lat' dir='ltr'>cum</span> <span class='ocrx_word' id='word_1_530' title='bbox 1209 4121 1262 4182; x_wconf 92' lang='lat' dir='ltr'>illa</span> <span class='ocrx_word' id='word_1_531' title='bbox 1271 4118 1481 4182; x_wconf 84' lang='lat' dir='ltr'>Matrimonia.</span> <span class='ocrx_word' id='word_1_532' title='bbox 1490 4119 1655 4194; x_wconf 76' lang='lat' dir='ltr'>Quaeritur:</span> 
     </span>
     <span class='ocr_line' id='line_1_41' title="bbox 51 4200 1654 4290; baseline 0.006 -32"><span class='ocrx_word' id='word_1_533' title='bbox 51 4200 151 4264; x_wconf 89' lang='lat' dir='ltr'>modum</span> <span class='ocrx_word' id='word_1_534' title='bbox 175 4207 265 4269; x_wconf 86' lang='lat' dir='ltr'>rescit</span> <span class='ocrx_word' id='word_1_535' title='bbox 288 4226 417 4270; x_wconf 86' lang='lat' dir='ltr'>uxorem</span> <span class='ocrx_word' id='word_1_536' title='bbox 447 4208 573 4286; x_wconf 80' lang='lat' dir='ltr'>viuere,</span> <span class='ocrx_word' id='word_1_537' title='bbox 604 4227 673 4290; x_wconf 86' lang='lat' dir='ltr'>quae</span> <span class='ocrx_word' id='word_1_538' title='bbox 702 4215 807 4272; x_wconf 88' lang='lat' dir='ltr'>tamen</span> <span class='ocrx_word' id='word_1_539' title='bbox 864 4213 892 4270; x_wconf 90' lang='lat' dir='ltr'>l.</span> <span class='ocrx_word' id='word_1_540' title='bbox 910 4213 958 4270; x_wconf 79' lang='lat' dir='ltr'>An</span> <span class='ocrx_word' id='word_1_541' title='bbox 975 4209 1074 4286; x_wconf 80' lang='lat' dir='ltr'>Titius</span> <span class='ocrx_word' id='word_1_542' title='bbox 1095 4226 1153 4286; x_wconf 90' lang='lat' dir='ltr'>per</span> <span class='ocrx_word' id='word_1_543' title='bbox 1175 4207 1235 4268; x_wconf 91' lang='lat' dir='ltr'>hoc</span> <span class='ocrx_word' id='word_1_544' title='bbox 1259 4206 1343 4287; x_wconf 88' lang='lat' dir='ltr'>qnod</span> <span class='ocrx_word' id='word_1_545' title='bbox 1365 4205 1459 4267; x_wconf 86' lang='lat' dir='ltr'>luerit</span> <span class='ocrx_word' id='word_1_546' title='bbox 1478 4206 1510 4266; x_wconf 93' lang='lat' dir='ltr'>in</span> <span class='ocrx_word' id='word_1_547' title='bbox 1525 4207 1654 4284; x_wconf 82' lang='lat' dir='ltr'>militia,</span> 
     </span>
     <span class='ocr_line' id='line_1_42' title="bbox 52 4292 1657 4375; baseline 0.005 -27"><span class='ocrx_word' id='word_1_548' title='bbox 52 4293 809 4375; x_wconf 87' lang='lat' dir='ltr'>postmodumcnnsentit,utmaritusmaneatetiam</span> <span class='ocrx_word' id='word_1_549' title='bbox 863 4297 963 4358; x_wconf 84' lang='lat' dir='ltr'>lactus</span> <span class='ocrx_word' id='word_1_550' title='bbox 986 4296 1026 4358; x_wconf 92' lang='lat' dir='ltr'>sit</span> <span class='ocrx_word' id='word_1_551' title='bbox 1043 4293 1248 4374; x_wconf 84' lang='lat' dir='ltr'>irregularis?</span> <span class='ocrx_word' id='word_1_552' title='bbox 1261 4299 1290 4355; x_wconf 75' lang='lat'>2.</span> <span class='ocrx_word' id='word_1_553' title='bbox 1318 4292 1349 4356; x_wconf 92' lang='lat' dir='ltr'>Si</span> <span class='ocrx_word' id='word_1_554' title='bbox 1365 4293 1465 4355; x_wconf 83' lang='lat' dir='ltr'>iactus</span> <span class='ocrx_word' id='word_1_555' title='bbox 1485 4299 1568 4356; x_wconf 87' lang='lat' dir='ltr'>esset</span> <span class='ocrx_word' id='word_1_556' title='bbox 1581 4295 1657 4356; x_wconf 89' lang='lat' dir='ltr'>irre-</span> 
     </span>
     <span class='ocr_line' id='line_1_43' title="bbox 53 4373 1656 4467; baseline 0.007 -35"><span class='ocrx_word' id='word_1_557' title='bbox 53 4373 75 4433; x_wconf 92' lang='lat' dir='ltr'>in</span> <span class='ocrx_word' id='word_1_558' title='bbox 86 4382 212 4444; x_wconf 80' lang='lat' dir='ltr'>exercitio</span> <span class='ocrx_word' id='word_1_559' title='bbox 227 4401 354 4446; x_wconf 89' lang='lat' dir='ltr'>suorum</span> <span class='ocrx_word' id='word_1_560' title='bbox 369 4385 521 4448; x_wconf 87' lang='lat' dir='ltr'>Ordinnm</span> <span class='ocrx_word' id='word_1_561' title='bbox 532 4391 694 4466; x_wconf 89' lang='lat' dir='ltr'>separatus</span> <span class='ocrx_word' id='word_1_562' title='bbox 709 4387 748 4448; x_wconf 93' lang='lat' dir='ltr'>ab</span> <span class='ocrx_word' id='word_1_563' title='bbox 764 4387 808 4467; x_wconf 92' lang='lat' dir='ltr'>ip·</span> <span class='ocrx_word' id='word_1_564' title='bbox 862 4385 998 4463; x_wconf 90' lang='lat' dir='ltr'>gularis,</span> <span class='ocrx_word' id='word_1_565' title='bbox 1023 4384 1153 4446; x_wconf 85' lang='lat' dir='ltr'>enideo</span> <span class='ocrx_word' id='word_1_566' title='bbox 1174 4384 1241 4463; x_wconf 90' lang='lat' dir='ltr'>ipso</span> <span class='ocrx_word' id='word_1_567' title='bbox 1263 4385 1344 4446; x_wconf 86' lang='lat' dir='ltr'>facto</span> <span class='ocrx_word' id='word_1_568' title='bbox 1369 4381 1525 4445; x_wconf 89' lang='lat' dir='ltr'>amisisset</span> <span class='ocrx_word' id='word_1_569' title='bbox 1544 4382 1597 4463; x_wconf 90' lang='lat' dir='ltr'>jus</span> <span class='ocrx_word' id='word_1_570' title='bbox 1616 4383 1656 4444; x_wconf 92' lang='lat' dir='ltr'>ad</span> 
     </span>
     <span class='ocr_line' id='line_1_44' title="bbox 52 4465 1658 4554; baseline -0.001 -23"><span class='ocrx_word' id='word_1_571' title='bbox 52 4479 85 4524; x_wconf 72' lang='lat' dir='ltr'>tt·</span> <span class='ocrx_word' id='word_1_572' title='bbox 96 4465 239 4542; x_wconf 79' lang='lat' dir='ltr'>Occator,</span> <span class='ocrx_word' id='word_1_573' title='bbox 255 4490 295 4533; x_wconf 91' lang='lat' dir='ltr'>an</span> <span class='ocrx_word' id='word_1_574' title='bbox 310 4473 407 4535; x_wconf 79' lang='lat' dir='ltr'>&#39;litias</span> <span class='ocrx_word' id='word_1_575' title='bbox 421 4474 461 4536; x_wconf 90' lang='lat' dir='ltr'>sit</span> <span class='ocrx_word' id='word_1_576' title='bbox 475 4473 678 4554; x_wconf 87' lang='lat' dir='ltr'>irregularis?</span> <span class='ocrx_word' id='word_1_577' title='bbox 692 4479 728 4537; x_wconf 85' lang='lat' dir='ltr'>ll.</span> <span class='ocrx_word' id='word_1_578' title='bbox 746 4495 809 4537; x_wconf 93' lang='lat' dir='ltr'>non</span> <span class='ocrx_word' id='word_1_579' title='bbox 863 4473 1106 4554; x_wconf 74' lang='lat' dir='ltr'>pensionem‘lil.</span> <span class='ocrx_word' id='word_1_580' title='bbox 1122 4475 1171 4534; x_wconf 76' lang='lat' dir='ltr'>An</span> <span class='ocrx_word' id='word_1_581' title='bbox 1186 4471 1354 4551; x_wconf 89' lang='lat' dir='ltr'>pervitam</span> <span class='ocrx_word' id='word_1_582' title='bbox 1368 4471 1485 4532; x_wconf 91' lang='lat' dir='ltr'>malam</span> <span class='ocrx_word' id='word_1_583' title='bbox 1499 4489 1571 4532; x_wconf 90' lang='lat' dir='ltr'>oum</span> <span class='ocrx_word' id='word_1_584' title='bbox 1582 4486 1658 4530; x_wconf 92' lang='lat' dir='ltr'>con·</span> 
     </span>
     <span class='ocr_line' id='line_1_45' title="bbox 54 4555 1657 4643; baseline 0.002 -31"><span class='ocrx_word' id='word_1_585' title='bbox 54 4567 104 4614; x_wconf 80' lang='lat' dir='ltr'>csse</span> <span class='ocrx_word' id='word_1_586' title='bbox 117 4575 123 4615; x_wconf 90' lang='lat'>:</span> <span class='ocrx_word' id='word_1_587' title='bbox 137 4561 162 4618; x_wconf 89' lang='lat' dir='ltr'>l.</span> <span class='ocrx_word' id='word_1_588' title='bbox 177 4561 252 4633; x_wconf 85' lang='lat' dir='ltr'>Ouia</span> <span class='ocrx_word' id='word_1_589' title='bbox 265 4562 332 4623; x_wconf 75' lang='lat' dir='ltr'>hac</span> <span class='ocrx_word' id='word_1_590' title='bbox 352 4561 567 4643; x_wconf 88' lang='lat' dir='ltr'>irregularitas</span> <span class='ocrx_word' id='word_1_591' title='bbox 582 4563 612 4622; x_wconf 91' lang='lat' dir='ltr'>in</span> <span class='ocrx_word' id='word_1_592' title='bbox 628 4563 712 4625; x_wconf 89' lang='lat' dir='ltr'>nullo</span> <span class='ocrx_word' id='word_1_593' title='bbox 732 4566 808 4627; x_wconf 84' lang='lat' dir='ltr'>lure</span> <span class='ocrx_word' id='word_1_594' title='bbox 864 4560 979 4622; x_wconf 89' lang='lat' dir='ltr'>cubina</span> <span class='ocrx_word' id='word_1_595' title='bbox 992 4560 1032 4621; x_wconf 93' lang='lat' dir='ltr'>sit</span> <span class='ocrx_word' id='word_1_596' title='bbox 1045 4557 1226 4638; x_wconf 90' lang='lat' dir='ltr'>irregularis</span> <span class='ocrx_word' id='word_1_597' title='bbox 1240 4563 1295 4620; x_wconf 86' lang='lat' dir='ltr'>aut</span> <span class='ocrx_word' id='word_1_598' title='bbox 1309 4557 1448 4619; x_wconf 89' lang='lat' dir='ltr'>amiserit</span> <span class='ocrx_word' id='word_1_599' title='bbox 1459 4555 1511 4637; x_wconf 92' lang='lat' dir='ltr'>jus</span> <span class='ocrx_word' id='word_1_600' title='bbox 1526 4556 1567 4618; x_wconf 92' lang='lat' dir='ltr'>ad</span> <span class='ocrx_word' id='word_1_601' title='bbox 1582 4574 1657 4635; x_wconf 91' lang='lat' dir='ltr'>pen·</span> 
     </span>
     <span class='ocr_line' id='line_1_46' title="bbox 54 4645 1658 4729; baseline 0.001 -26"><span class='ocrx_word' id='word_1_602' title='bbox 54 4645 89 4700; x_wconf 78' lang='lat' dir='ltr'>est</span> <span class='ocrx_word' id='word_1_603' title='bbox 105 4661 251 4725; x_wconf 77' lang='lat' dir='ltr'>expressa3</span> <span class='ocrx_word' id='word_1_604' title='bbox 282 4651 366 4729; x_wconf 90' lang='lat' dir='ltr'>quod</span> <span class='ocrx_word' id='word_1_605' title='bbox 393 4650 477 4712; x_wconf 91' lang='lat' dir='ltr'>enim</span> <span class='ocrx_word' id='word_1_606' title='bbox 500 4651 590 4712; x_wconf 86' lang='lat' dir='ltr'>allent</span> <span class='ocrx_word' id='word_1_607' title='bbox 613 4670 651 4712; x_wconf 84' lang='lat' dir='ltr'>ex</span> <span class='ocrx_word' id='word_1_608' title='bbox 674 4650 806 4714; x_wconf 75' lang='lat' dir='ltr'>Batnae.</span> <span class='ocrx_word' id='word_1_609' title='bbox 863 4651 995 4711; x_wconf 88' lang='lat' dir='ltr'>sionem.</span> <span class='ocrx_word' id='word_1_610' title='bbox 1020 4650 1056 4710; x_wconf 82' lang='lat' dir='ltr'>n.</span> <span class='ocrx_word' id='word_1_611' title='bbox 1085 4645 1134 4708; x_wconf 84' lang='lat' dir='ltr'>rid</span> <span class='ocrx_word' id='word_1_612' title='bbox 1148 4652 1177 4724; x_wconf 90' lang='lat' dir='ltr'>l,</span> <span class='ocrx_word' id='word_1_613' title='bbox 1197 4647 1348 4727; x_wconf 76' lang='lat' dir='ltr'>Negatise</span> <span class='ocrx_word' id='word_1_614' title='bbox 1363 4663 1435 4709; x_wconf 91' lang='lat' dir='ltr'>cum</span> <span class='ocrx_word' id='word_1_615' title='bbox 1451 4647 1541 4708; x_wconf 81' lang='lat' dir='ltr'>Suar.</span> <span class='ocrx_word' id='word_1_616' title='bbox 1559 4646 1596 4706; x_wconf 79' lang='lat' dir='ltr'>rte</span> <span class='ocrx_word' id='word_1_617' title='bbox 1617 4645 1658 4705; x_wconf 88' lang='lat' dir='ltr'>ir-</span> 
     </span>
     <span class='ocr_line' id='line_1_47' title="bbox 54 4726 1659 4822; baseline 0.001 -31"><span class='ocrx_word' id='word_1_618' title='bbox 54 4726 148 4794; x_wconf 84' lang='lat' dir='ltr'>lnnnnis</span> <span class='ocrx_word' id='word_1_619' title='bbox 160 4735 248 4798; x_wconf 83' lang='lat' dir='ltr'><em>XXII</em></span> <span class='ocrx_word' id='word_1_620' title='bbox 266 4739 415 4822; x_wconf 74' lang='lat' dir='ltr'>Antiquae,</span> <span class='ocrx_word' id='word_1_621' title='bbox 432 4740 471 4802; x_wconf 90' lang='lat' dir='ltr'>do</span> <span class='ocrx_word' id='word_1_622' title='bbox 491 4744 563 4801; x_wconf 86' lang='lat' dir='ltr'>voto</span> <span class='ocrx_word' id='word_1_623' title='bbox 579 4742 683 4820; x_wconf 86' lang='lat' dir='ltr'>quoad</span> <span class='ocrx_word' id='word_1_624' title='bbox 703 4741 810 4822; x_wconf 90' lang='lat' dir='ltr'>conju·</span> <span class='ocrx_word' id='word_1_625' title='bbox 865 4737 960 4820; x_wconf 82' lang='lat' dir='ltr'>repul.</span> <span class='ocrx_word' id='word_1_626' title='bbox 978 4737 1049 4800; x_wconf 87' lang='lat' dir='ltr'>dise.</span> <span class='ocrx_word' id='word_1_627' title='bbox 1067 4739 1116 4804; x_wconf 77' lang='lat' dir='ltr'>l&#39;l,</span> <span class='ocrx_word' id='word_1_628' title='bbox 1132 4755 1156 4797; x_wconf 89' lang='lat' dir='ltr'>s.</span> <span class='ocrx_word' id='word_1_629' title='bbox 1172 4740 1203 4807; x_wconf 87' lang='grc'>6,</span> <span class='ocrx_word' id='word_1_630' title='bbox 1219 4756 1249 4796; x_wconf 93' lang='lat' dir='ltr'>n.</span> <span class='ocrx_word' id='word_1_631' title='bbox 1266 4739 1296 4812; x_wconf 87' lang='grc'>9,</span> <span class='ocrx_word' id='word_1_632' title='bbox 1313 4734 1403 4816; x_wconf 86' lang='lat' dir='ltr'>cujus</span> <span class='ocrx_word' id='word_1_633' title='bbox 1418 4734 1485 4795; x_wconf 82' lang='lat' dir='ltr'>haec</span> <span class='ocrx_word' id='word_1_634' title='bbox 1500 4737 1574 4795; x_wconf 88' lang='lat' dir='ltr'>sunt</span> <span class='ocrx_word' id='word_1_635' title='bbox 1587 4751 1659 4793; x_wconf 68' lang='lat' dir='ltr'>ver</span> 
     </span>
     <span class='ocr_line' id='line_1_48' title="bbox 55 4820 1659 4908; baseline -0.002 -26"><span class='ocrx_word' id='word_1_636' title='bbox 55 4823 209 4905; x_wconf 69' lang='lat' dir='ltr'>tatumqrn</span> <span class='ocrx_word' id='word_1_637' title='bbox 223 4826 339 4907; x_wconf 88' lang='lat' dir='ltr'>absque</span> <span class='ocrx_word' id='word_1_638' title='bbox 353 4826 602 4890; x_wconf 82' lang='lat' dir='ltr'>nxorisliccntia</span> <span class='ocrx_word' id='word_1_639' title='bbox 616 4829 746 4908; x_wconf 90' lang='lat' dir='ltr'>suscipit</span> <span class='ocrx_word' id='word_1_640' title='bbox 760 4846 811 4889; x_wconf 92' lang='lat' dir='ltr'>sa·</span> <span class='ocrx_word' id='word_1_641' title='bbox 863 4827 906 4888; x_wconf 89' lang='lat' dir='ltr'>ba</span> <span class='ocrx_word' id='word_1_642' title='bbox 931 4846 937 4888; x_wconf 95' lang='lat'><strong>:</strong></span> <span class='ocrx_word' id='word_1_643' title='bbox 963 4824 1058 4894; x_wconf 84' lang='lat' dir='ltr'>Addo,</span> <span class='ocrx_word' id='word_1_644' title='bbox 1084 4825 1200 4888; x_wconf 86' lang='lat' dir='ltr'>etiarnsi</span> <span class='ocrx_word' id='word_1_645' title='bbox 1229 4823 1361 4884; x_wconf 83' lang='lat' dir='ltr'>Clericus</span> <span class='ocrx_word' id='word_1_646' title='bbox 1383 4823 1421 4884; x_wconf 90' lang='lat' dir='ltr'>sit</span> <span class='ocrx_word' id='word_1_647' title='bbox 1448 4823 1479 4883; x_wconf 92' lang='lat' dir='ltr'>in</span> <span class='ocrx_word' id='word_1_648' title='bbox 1502 4821 1558 4884; x_wconf 86' lang='lat' dir='ltr'>tali</span> <span class='ocrx_word' id='word_1_649' title='bbox 1584 4820 1659 4880; x_wconf 82' lang='lat' dir='ltr'>tella</span> 
     </span>
     <span class='ocr_line' id='line_1_49' title="bbox 57 4907 1660 4994; baseline -0.002 -25"><span class='ocrx_word' id='word_1_650' title='bbox 57 4920 124 4968; x_wconf 81' lang='lat' dir='ltr'>tram</span> <span class='ocrx_word' id='word_1_651' title='bbox 134 4911 287 4992; x_wconf 86' lang='lat' dir='ltr'>Ordinem,</span> <span class='ocrx_word' id='word_1_652' title='bbox 304 4913 345 4975; x_wconf 92' lang='lat' dir='ltr'>ibi</span> <span class='ocrx_word' id='word_1_653' title='bbox 359 4919 480 4977; x_wconf 90' lang='lat' dir='ltr'>tantum</span> <span class='ocrx_word' id='word_1_654' title='bbox 500 4920 547 4977; x_wconf 88' lang='lat' dir='ltr'>est</span> <span class='ocrx_word' id='word_1_655' title='bbox 561 4933 664 4978; x_wconf 89' lang='lat' dir='ltr'>sermo</span> <span class='ocrx_word' id='word_1_656' title='bbox 686 4915 725 4976; x_wconf 89' lang='lat' dir='ltr'>de</span> <span class='ocrx_word' id='word_1_657' title='bbox 740 4916 808 4994; x_wconf 92' lang='lat' dir='ltr'>illo,</span> <span class='ocrx_word' id='word_1_658' title='bbox 866 4915 970 4994; x_wconf 87' lang='lat' dir='ltr'>(quala</span> <span class='ocrx_word' id='word_1_659' title='bbox 984 4931 1109 4993; x_wconf 90' lang='lat' dir='ltr'>semper</span> <span class='ocrx_word' id='word_1_660' title='bbox 1122 4912 1268 4993; x_wconf 79' lang='lat' dir='ltr'>praesumi</span> <span class='ocrx_word' id='word_1_661' title='bbox 1294 4911 1388 4973; x_wconf 87' lang='lat' dir='ltr'>debat</span> <span class='ocrx_word' id='word_1_662' title='bbox 1409 4909 1588 4990; x_wconf 78' lang='lat' dir='ltr'>apricatc),</span> <span class='ocrx_word' id='word_1_663' title='bbox 1605 4907 1660 4967; x_wconf 83' lang='lat' dir='ltr'>rni-</span> 
     </span>
     <span class='ocr_line' id='line_1_50' title="bbox 57 4994 1661 5084; baseline -0.002 -26"><span class='ocrx_word' id='word_1_664' title='bbox 57 4994 96 5070; x_wconf 79' lang='lat' dir='ltr'>qni</span> <span class='ocrx_word' id='word_1_665' title='bbox 113 4999 258 5063; x_wconf 89' lang='lat' dir='ltr'>ordinatur</span> <span class='ocrx_word' id='word_1_666' title='bbox 282 5002 382 5065; x_wconf 86' lang='lat' dir='ltr'>sciens</span> <span class='ocrx_word' id='word_1_667' title='bbox 400 5022 533 5067; x_wconf 83' lang='lat' dir='ltr'>uxorem</span> <span class='ocrx_word' id='word_1_668' title='bbox 554 5004 672 5084; x_wconf 86' lang='lat' dir='ltr'>vivere,</span> <span class='ocrx_word' id='word_1_669' title='bbox 693 5011 728 5065; x_wconf 91' lang='lat' dir='ltr'>nt</span> <span class='ocrx_word' id='word_1_670' title='bbox 746 5003 810 5066; x_wconf 87' lang='lat' dir='ltr'>dixi</span> <span class='ocrx_word' id='word_1_671' title='bbox 866 5001 981 5064; x_wconf 86' lang='lat' dir='ltr'>litanda</span> <span class='ocrx_word' id='word_1_672' title='bbox 995 5011 1023 5064; x_wconf 85' lang='lat' dir='ltr'>et</span> <span class='ocrx_word' id='word_1_673' title='bbox 1036 4999 1228 5077; x_wconf 85' lang='lat' dir='ltr'>vulnerando,</span> <span class='ocrx_word' id='word_1_674' title='bbox 1244 5000 1271 5060; x_wconf 87' lang='lat' dir='ltr'>si</span> <span class='ocrx_word' id='word_1_675' title='bbox 1283 5007 1379 5060; x_wconf 80' lang='lat' dir='ltr'>tamen</span> <span class='ocrx_word' id='word_1_676' title='bbox 1389 4997 1519 5080; x_wconf 81' lang='lat' dir='ltr'>propriis</span> <span class='ocrx_word' id='word_1_677' title='bbox 1526 4995 1661 5057; x_wconf 82' lang='lat' dir='ltr'>manitus</span> 
     </span>
     <span class='ocr_line' id='line_1_51' title="bbox 59 5077 1661 5173; baseline -0.007 -12"><span class='ocrx_word' id='word_1_678' title='bbox 59 5077 74 5139; x_wconf 84' lang='lat' dir='ltr'>l·</span> <span class='ocrx_word' id='word_1_679' title='bbox 85 5085 109 5160; x_wconf 84' lang='lat' dir='ltr'>a,</span> <span class='ocrx_word' id='word_1_680' title='bbox 121 5103 147 5165; x_wconf 91' lang='lat' dir='ltr'>p.</span> <span class='ocrx_word' id='word_1_681' title='bbox 164 5093 190 5166; x_wconf 77' lang='lat'>2,</span> <span class='ocrx_word' id='word_1_682' title='bbox 205 5107 235 5154; x_wconf 88' lang='lat' dir='ltr'>n.</span> <span class='ocrx_word' id='word_1_683' title='bbox 253 5091 342 5167; x_wconf 70' lang='lat'>2220,</span> <span class='ocrx_word' id='word_1_684' title='bbox 353 5092 496 5172; x_wconf 90' lang='lat' dir='ltr'>etpctius</span> <span class='ocrx_word' id='word_1_685' title='bbox 510 5095 558 5155; x_wconf 90' lang='lat' dir='ltr'>est</span> <span class='ocrx_word' id='word_1_686' title='bbox 571 5110 667 5172; x_wconf 87' lang='lat' dir='ltr'>poena</span> <span class='ocrx_word' id='word_1_687' title='bbox 681 5111 811 5173; x_wconf 89' lang='lat' dir='ltr'>snspen-</span> <span class='ocrx_word' id='word_1_688' title='bbox 864 5091 1007 5153; x_wconf 86' lang='lat' dir='ltr'>nerninem</span> <span class='ocrx_word' id='word_1_689' title='bbox 1021 5090 1138 5152; x_wconf 82' lang='lat' dir='ltr'>mutilet</span> <span class='ocrx_word' id='word_1_690' title='bbox 1150 5088 1199 5151; x_wconf 85' lang='lat' dir='ltr'>uel</span> <span class='ocrx_word' id='word_1_691' title='bbox 1211 5089 1335 5169; x_wconf 68' lang='lat' dir='ltr'>madet,</span> <span class='ocrx_word' id='word_1_692' title='bbox 1350 5087 1398 5150; x_wconf 88' lang='lat' dir='ltr'>vel</span> <span class='ocrx_word' id='word_1_693' title='bbox 1410 5088 1446 5149; x_wconf 81' lang='lat' dir='ltr'>sit</span> <span class='ocrx_word' id='word_1_694' title='bbox 1459 5105 1547 5149; x_wconf 80' lang='lat' dir='ltr'>carun</span> <span class='ocrx_word' id='word_1_695' title='bbox 1555 5088 1661 5169; x_wconf 82' lang='lat' dir='ltr'>proei-</span> 
     </span>
    </p>
   </div>
   <div class='ocr_carea' id='block_1_3' title="bbox 19 5271 1660 5474">
    <p class='ocr_par' dir='ltr' id='par_1_3' title="bbox 19 5271 1660 5474">
     <span class='ocr_line' id='line_1_52' title="bbox 19 5271 21 5322; baseline 0 0"><span class='ocrx_word' id='word_1_696' title='bbox 19 5271 21 5322; x_wconf 91' lang='lat' dir='ltr'>l</span> 
     </span>
     <span class='ocr_line' id='line_1_53' title="bbox 19 5323 1660 5474; baseline 0 -20"><span class='ocrx_word' id='word_1_697' title='bbox 19 5323 21 5454; x_wconf 92' lang='lat' dir='ltr'>l</span> <span class='ocrx_word' id='word_1_698' title='bbox 85 5396 256 5462; x_wconf 68' lang='lat' dir='ltr'>*lutrarum</span> <span class='ocrx_word' id='word_1_699' title='bbox 266 5403 409 5464; x_wconf 86' lang='lat' dir='ltr'>dicendam</span> <span class='ocrx_word' id='word_1_700' title='bbox 427 5411 463 5465; x_wconf 85' lang='lat' dir='ltr'>sit</span> <span class='ocrx_word' id='word_1_701' title='bbox 481 5407 515 5466; x_wconf 88' lang='lat' dir='ltr'>de</span> <span class='ocrx_word' id='word_1_702' title='bbox 530 5409 812 5468; x_wconf 82' lang='lat' dir='ltr'>Sacerdotibusdam·</span> <span class='ocrx_word' id='word_1_703' title='bbox 868 5423 945 5474; x_wconf 89' lang='lat' dir='ltr'>num,</span> <span class='ocrx_word' id='word_1_704' title='bbox 959 5405 1021 5462; x_wconf 87' lang='lat' dir='ltr'>vide</span> <span class='ocrx_word' id='word_1_705' title='bbox 1035 5407 1062 5463; x_wconf 74' lang='grc' dir='ltr'>Τ.</span> <span class='ocrx_word' id='word_1_706' title='bbox 1078 5407 1290 5462; x_wconf 67' lang='lat' dir='ltr'>alterationi</span> <span class='ocrx_word' id='word_1_707' title='bbox 1311 5409 1337 5458; x_wconf 80' lang='lat' dir='ltr'>S.</span> <span class='ocrx_word' id='word_1_708' title='bbox 1353 5406 1380 5457; x_wconf 82' lang='lat' dir='ltr'>C.</span> <span class='ocrx_word' id='word_1_709' title='bbox 1397 5401 1660 5468; x_wconf 57' lang='lat' dir='ltr'>lateranensem</span> 
     </span>
    </p>
   </div>
   <div class='ocr_carea' id='block_1_4' title="bbox 63 5471 1211 5616">
    <p class='ocr_par' dir='ltr' id='par_1_4' title="bbox 63 5471 1211 5616">
     <span class='ocr_line' id='line_1_54' title="bbox 63 5471 1211 5551; baseline 0.02 -33"><span class='ocrx_word' id='word_1_710' title='bbox 63 5471 115 5523; x_wconf 83' lang='lat' dir='ltr'>nutis</span> <span class='ocrx_word' id='word_1_711' title='bbox 126 5477 154 5526; x_wconf 85' lang='lat' dir='ltr'>ad</span> <span class='ocrx_word' id='word_1_712' title='bbox 167 5479 294 5542; x_wconf 85' lang='lat' dir='ltr'>triremes,</span> <span class='ocrx_word' id='word_1_713' title='bbox 313 5483 418 5544; x_wconf 86' lang='lat' dir='ltr'>quanda</span> <span class='ocrx_word' id='word_1_714' title='bbox 437 5485 540 5536; x_wconf 85' lang='lat' dir='ltr'>scilieet</span> <span class='ocrx_word' id='word_1_715' title='bbox 557 5485 624 5536; x_wconf 86' lang='lat' dir='ltr'>flant</span> <span class='ocrx_word' id='word_1_716' title='bbox 642 5487 813 5551; x_wconf 85' lang='lat' dir='ltr'>irregulares,</span> <span class='ocrx_word' id='word_1_717' title='bbox 870 5489 1002 5544; x_wconf 75' lang='lat' dir='ltr'>Romanu,</span> <span class='ocrx_word' id='word_1_718' title='bbox 1019 5497 1045 5548; x_wconf 80' lang='lat' dir='ltr'>p·</span> <span class='ocrx_word' id='word_1_719' title='bbox 1056 5483 1102 5534; x_wconf 82' lang='lat'>33⁸</span> <span class='ocrx_word' id='word_1_720' title='bbox 1116 5485 1143 5532; x_wconf 76' lang='lat' dir='ltr'>el</span> <span class='ocrx_word' id='word_1_721' title='bbox 1157 5481 1211 5530; x_wconf 80' lang='lat' dir='ltr'>³l5·</span> 
     </span>
     <span class='ocr_line' id='line_1_55' title="bbox 63 5543 817 5616; baseline 0.031 -28"><span class='ocrx_word' id='word_1_722' title='bbox 63 5543 118 5594; x_wconf 85' lang='lat' dir='ltr'>etan</span> <span class='ocrx_word' id='word_1_723' title='bbox 129 5546 252 5602; x_wconf 77' lang='lat' dir='ltr'>habilitati</span> <span class='ocrx_word' id='word_1_724' title='bbox 267 5553 369 5616; x_wconf 85' lang='lat' dir='ltr'>possint</span> <span class='ocrx_word' id='word_1_725' title='bbox 380 5555 413 5606; x_wconf 88' lang='lat' dir='ltr'>ad</span> <span class='ocrx_word' id='word_1_726' title='bbox 429 5557 589 5610; x_wconf 84' lang='lat' dir='ltr'>exercitium</span> <span class='ocrx_word' id='word_1_727' title='bbox 608 5573 720 5611; x_wconf 79' lang='lat' dir='ltr'>senonim</span> <span class='ocrx_word' id='word_1_728' title='bbox 735 5559 817 5610; x_wconf 77' lang='lat' dir='ltr'>Ordi-</span> 
     </span>
    </p>
   </div>
   <div class='ocr_carea' id='block_1_5' title="bbox 0 0 2014 6340">
    <p class='ocr_par' dir='ltr' id='par_1_5' title="bbox 0 0 2014 6340">
     <span class='ocr_line' id='line_1_56' title="bbox 0 0 2014 6340; baseline 0 0"><span class='ocrx_word' id='word_1_729' title='bbox 0 0 2014 6340; x_wconf 95' lang='lat' dir='ltr'> </span> 
     </span>
    </p>
   </div>
  </div>
 </body>
</html>
