<?xml version="1.0" encoding="UTF-8"?>
<!DOCTYPE html PUBLIC "-//W3C//DTD XHTML 1.0 Transitional//EN"
    "http://www.w3.org/TR/xhtml1/DTD/xhtml1-transitional.dtd">
<html xmlns="http://www.w3.org/1999/xhtml" xml:lang="en" lang="en">
 <head>
  <title>
</title>
<meta http-equiv="Content-Type" content="text/html;charset=utf-8" />
  <meta name='ocr-system' content='tesseract 3.04.00' />
  <meta name='ocr-capabilities' content='ocr_page ocr_carea ocr_par ocr_line ocrx_word'/>
</head>
<body>
  <div class='ocr_page' id='page_1' title='image "./theologiamorali00diongoog_0450.png"; bbox 0 0 3986 6350; ppageno 0'>
   <div class='ocr_carea' id='block_1_1' title="bbox 10 3517 244 3824">
    <p class='ocr_par' dir='ltr' id='par_1_1' title="bbox 10 3517 244 3824">
     <span class='ocr_line' id='line_1_1' title="bbox 10 3517 244 3824; baseline 0 -34"><span class='ocrx_word' id='word_1_1' title='bbox 10 3517 244 3824; x_wconf 74' lang='lat' dir='ltr'>eal</span> 
     </span>
    </p>
   </div>
   <div class='ocr_carea' id='block_1_2' title="bbox 278 539 1250 610">
    <p class='ocr_par' dir='ltr' id='par_1_2' title="bbox 278 539 1250 610">
     <span class='ocr_line' id='line_1_2' title="bbox 278 539 1250 610; baseline 0.009 -12"><span class='ocrx_word' id='word_1_2' title='bbox 278 539 338 600; x_wconf 74' lang='lat' dir='ltr'>llo</span> <span class='ocrx_word' id='word_1_3' title='bbox 1052 545 1169 606; x_wconf 84' lang='lat' dir='ltr'>LIBER</span> <span class='ocrx_word' id='word_1_4' title='bbox 1196 547 1250 610; x_wconf 83' lang='lat' dir='ltr'>lll.</span> 
     </span>
    </p>
   </div>
   <div class='ocr_carea' id='block_1_3' title="bbox 279 723 1908 898">
    <p class='ocr_par' dir='ltr' id='par_1_3' title="bbox 279 723 1908 898">
     <span class='ocr_line' id='line_1_3' title="bbox 279 723 1908 811; baseline 0.008 -27"><span class='ocrx_word' id='word_1_5' title='bbox 279 743 316 784; x_wconf 85' lang='lat' dir='ltr'>ex</span> <span class='ocrx_word' id='word_1_6' title='bbox 327 723 417 786; x_wconf 91' lang='lat' dir='ltr'>dictis</span> <span class='ocrx_word' id='word_1_7' title='bbox 428 723 460 784; x_wconf 91' lang='lat' dir='ltr'>in</span> <span class='ocrx_word' id='word_1_8' title='bbox 475 725 700 805; x_wconf 80' lang='lat' dir='ltr'>quaestionibus</span> <span class='ocrx_word' id='word_1_9' title='bbox 714 725 980 806; x_wconf 75' lang='lat' dir='ltr'>praecedentibus:</span> <span class='ocrx_word' id='word_1_10' title='bbox 995 729 1074 790; x_wconf 90' lang='lat' dir='ltr'>Nam</span> <span class='ocrx_word' id='word_1_11' title='bbox 1130 731 1226 793; x_wconf 89' lang='lat' dir='ltr'>etiam</span> <span class='ocrx_word' id='word_1_12' title='bbox 1247 729 1362 794; x_wconf 89' lang='lat' dir='ltr'>debeat</span> <span class='ocrx_word' id='word_1_13' title='bbox 1376 729 1475 792; x_wconf 84' lang='lat' dir='ltr'>Titius</span> <span class='ocrx_word' id='word_1_14' title='bbox 1499 730 1665 810; x_wconf 82' lang='lat' dir='ltr'>Sacerdos,</span> <span class='ocrx_word' id='word_1_15' title='bbox 1682 729 1859 811; x_wconf 88' lang='lat' dir='ltr'>Sempronio</span> <span class='ocrx_word' id='word_1_16' title='bbox 1871 737 1908 797; x_wconf 90' lang='lat' dir='ltr'>sic</span> 
     </span>
     <span class='ocr_line' id='line_1_4' title="bbox 279 813 1908 898; baseline 0.007 -25"><span class='ocrx_word' id='word_1_17' title='bbox 279 813 304 873; x_wconf 92' lang='lat' dir='ltr'>si</span> <span class='ocrx_word' id='word_1_18' title='bbox 320 813 481 892; x_wconf 82' lang='lat' dir='ltr'>probabile</span> <span class='ocrx_word' id='word_1_19' title='bbox 496 813 536 875; x_wconf 92' lang='lat' dir='ltr'>sit</span> <span class='ocrx_word' id='word_1_20' title='bbox 550 815 781 876; x_wconf 89' lang='lat' dir='ltr'>absolutionem</span> <span class='ocrx_word' id='word_1_21' title='bbox 794 816 973 894; x_wconf 78' lang='lat' dir='ltr'>valituram,</span> <span class='ocrx_word' id='word_1_22' title='bbox 991 817 1021 878; x_wconf 93' lang='lat' dir='ltr'>in</span> <span class='ocrx_word' id='word_1_23' title='bbox 1037 836 1075 879; x_wconf 89' lang='lat' dir='ltr'>eo</span> <span class='ocrx_word' id='word_1_24' title='bbox 1130 819 1161 879; x_wconf 93' lang='lat' dir='ltr'>in</span> <span class='ocrx_word' id='word_1_25' title='bbox 1186 818 1341 880; x_wconf 89' lang='lat' dir='ltr'>sententia</span> <span class='ocrx_word' id='word_1_26' title='bbox 1364 817 1554 897; x_wconf 79' lang='lat' dir='ltr'>persistenti,</span> <span class='ocrx_word' id='word_1_27' title='bbox 1579 835 1598 878; x_wconf 90' lang='lat' dir='ltr'>a</span> <span class='ocrx_word' id='word_1_28' title='bbox 1619 836 1683 898; x_wconf 90' lang='lat' dir='ltr'>qna</span> <span class='ocrx_word' id='word_1_29' title='bbox 1700 817 1817 882; x_wconf 88' lang='lat' dir='ltr'>ratione</span> <span class='ocrx_word' id='word_1_30' title='bbox 1836 824 1908 885; x_wconf 88' lang='lat' dir='ltr'>nulla</span> 
     </span>
    </p>
   </div>
   <div class='ocr_carea' id='block_1_4' title="bbox 281 900 1982 1342">
    <p class='ocr_par' dir='ltr' id='par_1_4' title="bbox 281 900 1982 1342">
     <span class='ocr_line' id='line_1_5' title="bbox 281 900 1982 987; baseline 0.005 -25"><span class='ocrx_word' id='word_1_31' title='bbox 281 919 356 963; x_wconf 88' lang='lat' dir='ltr'>casu</span> <span class='ocrx_word' id='word_1_32' title='bbox 371 900 445 962; x_wconf 89' lang='lat' dir='ltr'>licet</span> <span class='ocrx_word' id='word_1_33' title='bbox 458 920 528 961; x_wconf 91' lang='lat' dir='ltr'>eam</span> <span class='ocrx_word' id='word_1_34' title='bbox 543 901 737 980; x_wconf 88' lang='lat' dir='ltr'>impendere.</span> <span class='ocrx_word' id='word_1_35' title='bbox 755 903 786 963; x_wconf 90' lang='lat' dir='ltr'>Si</span> <span class='ocrx_word' id='word_1_36' title='bbox 802 906 908 964; x_wconf 89' lang='lat' dir='ltr'>autem</span> <span class='ocrx_word' id='word_1_37' title='bbox 922 905 1004 981; x_wconf 92' lang='lat' dir='ltr'>licet,</span> <span class='ocrx_word' id='word_1_38' title='bbox 1022 907 1076 966; x_wconf 90' lang='lat' dir='ltr'>Sa·</span> <span class='ocrx_word' id='word_1_39' title='bbox 1131 905 1244 967; x_wconf 91' lang='lat' dir='ltr'>deduci</span> <span class='ocrx_word' id='word_1_40' title='bbox 1256 906 1367 985; x_wconf 88' lang='lat' dir='ltr'>potuit,</span> <span class='ocrx_word' id='word_1_41' title='bbox 1380 905 1585 967; x_wconf 88' lang='lat' dir='ltr'>absolutionis</span> <span class='ocrx_word' id='word_1_42' title='bbox 1595 905 1734 986; x_wconf 88' lang='lat' dir='ltr'>gratiam</span> <span class='ocrx_word' id='word_1_43' title='bbox 1747 906 1909 987; x_wconf 85' lang='lat' dir='ltr'>impertire?</span> <span class='ocrx_word' id='word_1_44' title='bbox 1980 933 1982 946; x_wconf 66' lang='lat'><em>2</em></span> 
     </span>
     <span class='ocr_line' id='line_1_6' title="bbox 282 988 1910 1074; baseline 0.005 -24"><span class='ocrx_word' id='word_1_45' title='bbox 282 988 392 1050; x_wconf 86' lang='lat' dir='ltr'>cardos</span> <span class='ocrx_word' id='word_1_46' title='bbox 414 1006 485 1050; x_wconf 90' lang='lat' dir='ltr'>eam</span> <span class='ocrx_word' id='word_1_47' title='bbox 507 993 631 1051; x_wconf 90' lang='lat' dir='ltr'>tenetur</span> <span class='ocrx_word' id='word_1_48' title='bbox 652 989 833 1069; x_wconf 84' lang='lat' dir='ltr'>impendere</span> <span class='ocrx_word' id='word_1_49' title='bbox 851 1011 857 1052; x_wconf 95' lang='lat'><strong>:</strong></span> <span class='ocrx_word' id='word_1_50' title='bbox 875 1010 939 1052; x_wconf 89' lang='lat' dir='ltr'>una</span> <span class='ocrx_word' id='word_1_51' title='bbox 960 992 1077 1072; x_wconf 89' lang='lat' dir='ltr'>qnippe</span> <span class='ocrx_word' id='word_1_52' title='bbox 1132 995 1187 1056; x_wconf 83' lang='lat' dir='ltr'>Est</span> <span class='ocrx_word' id='word_1_53' title='bbox 1208 999 1313 1056; x_wconf 89' lang='lat' dir='ltr'>entem</span> <span class='ocrx_word' id='word_1_54' title='bbox 1336 992 1386 1054; x_wconf 91' lang='lat' dir='ltr'>hic</span> <span class='ocrx_word' id='word_1_55' title='bbox 1405 992 1638 1060; x_wconf 87' lang='lat' dir='ltr'>observandum</span> <span class='ocrx_word' id='word_1_56' title='bbox 1656 993 1789 1072; x_wconf 89' lang='lat' dir='ltr'>duplicis</span> <span class='ocrx_word' id='word_1_57' title='bbox 1803 997 1910 1074; x_wconf 86' lang='lat' dir='ltr'>generis</span> 
     </span>
     <span class='ocr_line' id='line_1_7' title="bbox 282 1080 1982 1164; baseline 0.006 -26"><span class='ocrx_word' id='word_1_58' title='bbox 282 1095 349 1138; x_wconf 86' lang='lat' dir='ltr'>asse</span> <span class='ocrx_word' id='word_1_59' title='bbox 364 1080 467 1156; x_wconf 88' lang='lat' dir='ltr'>potest</span> <span class='ocrx_word' id='word_1_60' title='bbox 481 1095 587 1155; x_wconf 91' lang='lat' dir='ltr'>cansa,</span> <span class='ocrx_word' id='word_1_61' title='bbox 604 1096 660 1138; x_wconf 90' lang='lat' dir='ltr'>our</span> <span class='ocrx_word' id='word_1_62' title='bbox 675 1097 737 1139; x_wconf 92' lang='lat' dir='ltr'>non</span> <span class='ocrx_word' id='word_1_63' title='bbox 752 1082 907 1156; x_wconf 90' lang='lat' dir='ltr'>teneatur,</span> <span class='ocrx_word' id='word_1_64' title='bbox 924 1080 949 1140; x_wconf 91' lang='lat' dir='ltr'>si</span> <span class='ocrx_word' id='word_1_65' title='bbox 965 1099 1097 1160; x_wconf 79' lang='lat' dir='ltr'>nempe·</span> <span class='ocrx_word' id='word_1_66' title='bbox 1133 1101 1201 1144; x_wconf 90' lang='lat' dir='ltr'>esse</span> <span class='ocrx_word' id='word_1_67' title='bbox 1225 1080 1399 1161; x_wconf 87' lang='lat' dir='ltr'>opiniones,</span> <span class='ocrx_word' id='word_1_68' title='bbox 1422 1081 1454 1142; x_wconf 92' lang='lat' dir='ltr'>in</span> <span class='ocrx_word' id='word_1_69' title='bbox 1477 1081 1590 1161; x_wconf 88' lang='lat' dir='ltr'>quibus</span> <span class='ocrx_word' id='word_1_70' title='bbox 1605 1100 1625 1141; x_wconf 92' lang='lat' dir='ltr'>a</span> <span class='ocrx_word' id='word_1_71' title='bbox 1638 1082 1810 1160; x_wconf 78' lang='lat' dir='ltr'>poenitente</span> <span class='ocrx_word' id='word_1_72' title='bbox 1823 1088 1912 1162; x_wconf 87' lang='lat' dir='ltr'>potest</span> <span class='ocrx_word' id='word_1_73' title='bbox 1981 1081 1982 1164; x_wconf 64' lang='lat' dir='ltr'><strong>j</strong></span> 
     </span>
     <span class='ocr_line' id='line_1_8' title="bbox 283 1165 1982 1250; baseline 0.006 -26"><span class='ocrx_word' id='word_1_74' title='bbox 283 1182 344 1225; x_wconf 90' lang='lat' dir='ltr'>non</span> <span class='ocrx_word' id='word_1_75' title='bbox 359 1165 462 1226; x_wconf 88' lang='lat' dir='ltr'>liceat.</span> <span class='ocrx_word' id='word_1_76' title='bbox 480 1167 563 1246; x_wconf 83' lang='lat' dir='ltr'>Ergo</span> <span class='ocrx_word' id='word_1_77' title='bbox 585 1166 609 1226; x_wconf 89' lang='lat' dir='ltr'>si</span> <span class='ocrx_word' id='word_1_78' title='bbox 631 1165 721 1244; x_wconf 90' lang='lat' dir='ltr'>licet,</span> <span class='ocrx_word' id='word_1_79' title='bbox 742 1172 876 1228; x_wconf 90' lang='lat' dir='ltr'>tenetur.</span> <span class='ocrx_word' id='word_1_80' title='bbox 895 1167 958 1228; x_wconf 89' lang='lat' dir='ltr'>Sed</span> <span class='ocrx_word' id='word_1_81' title='bbox 972 1171 1078 1230; x_wconf 89' lang='lat' dir='ltr'>tamen</span> <span class='ocrx_word' id='word_1_82' title='bbox 1133 1167 1347 1232; x_wconf 75' lang='lat' dir='ltr'>confessarius</span> <span class='ocrx_word' id='word_1_83' title='bbox 1357 1168 1533 1230; x_wconf 88' lang='lat' dir='ltr'>dissentire.</span> <span class='ocrx_word' id='word_1_84' title='bbox 1546 1167 1624 1230; x_wconf 83' lang='lat' dir='ltr'>Aliae</span> <span class='ocrx_word' id='word_1_85' title='bbox 1635 1169 1719 1230; x_wconf 90' lang='lat' dir='ltr'>enim</span> <span class='ocrx_word' id='word_1_86' title='bbox 1729 1168 1811 1232; x_wconf 89' lang='lat' dir='ltr'>circa</span> <span class='ocrx_word' id='word_1_87' title='bbox 1823 1171 1911 1250; x_wconf 88' lang='lat' dir='ltr'>ipsum</span> <span class='ocrx_word' id='word_1_88' title='bbox 1979 1181 1982 1248; x_wconf 74' lang='lat' dir='ltr'>l</span> 
     </span>
     <span class='ocr_line' id='line_1_9' title="bbox 283 1251 1982 1342; baseline 0.005 -28"><span class='ocrx_word' id='word_1_89' title='bbox 283 1253 377 1314; x_wconf 91' lang='lat' dir='ltr'>debet</span> <span class='ocrx_word' id='word_1_90' title='bbox 391 1254 552 1315; x_wconf 90' lang='lat' dir='ltr'>absolvere</span> <span class='ocrx_word' id='word_1_91' title='bbox 568 1255 626 1315; x_wconf 91' lang='lat' dir='ltr'>sub</span> <span class='ocrx_word' id='word_1_92' title='bbox 642 1255 820 1316; x_wconf 90' lang='lat' dir='ltr'>conditione</span> <span class='ocrx_word' id='word_1_93' title='bbox 838 1276 845 1316; x_wconf 90' lang='lat'>:</span> <span class='ocrx_word' id='word_1_94' title='bbox 863 1255 894 1316; x_wconf 91' lang='lat' dir='ltr'>id</span> <span class='ocrx_word' id='word_1_95' title='bbox 910 1257 993 1316; x_wconf 92' lang='lat' dir='ltr'>enim</span> <span class='ocrx_word' id='word_1_96' title='bbox 1009 1275 1078 1337; x_wconf 89' lang='lat' dir='ltr'>pos·</span> <span class='ocrx_word' id='word_1_97' title='bbox 1133 1258 1326 1339; x_wconf 75' lang='lat' dir='ltr'>poenitentiae</span> <span class='ocrx_word' id='word_1_98' title='bbox 1351 1259 1592 1319; x_wconf 82' lang='lat' dir='ltr'>Sacramentum</span> <span class='ocrx_word' id='word_1_99' title='bbox 1615 1263 1782 1320; x_wconf 78' lang='lat' dir='ltr'>versantur</span> <span class='ocrx_word' id='word_1_100' title='bbox 1802 1265 1830 1321; x_wconf 90' lang='lat' dir='ltr'>et</span> <span class='ocrx_word' id='word_1_101' title='bbox 1852 1279 1912 1340; x_wconf 90' lang='lat' dir='ltr'>pro·</span> <span class='ocrx_word' id='word_1_102' title='bbox 1979 1251 1982 1342; x_wconf 67' lang='lat' dir='ltr'>l</span> 
     </span>
    </p>
   </div>
   <div class='ocr_carea' id='block_1_5' title="bbox 284 1341 1913 1514">
    <p class='ocr_par' dir='ltr' id='par_1_5' title="bbox 284 1341 1913 1514">
     <span class='ocr_line' id='line_1_10' title="bbox 284 1341 1913 1424; baseline 0.002 -21"><span class='ocrx_word' id='word_1_103' title='bbox 284 1341 362 1403; x_wconf 91' lang='lat' dir='ltr'>tulat</span> <span class='ocrx_word' id='word_1_104' title='bbox 384 1341 562 1403; x_wconf 86' lang='lat' dir='ltr'>reverentia</span> <span class='ocrx_word' id='word_1_105' title='bbox 585 1343 788 1404; x_wconf 83' lang='lat' dir='ltr'>Sacramenta</span> <span class='ocrx_word' id='word_1_106' title='bbox 814 1343 931 1420; x_wconf 90' lang='lat' dir='ltr'>dehita,</span> <span class='ocrx_word' id='word_1_107' title='bbox 958 1348 993 1405; x_wconf 91' lang='lat' dir='ltr'>ut</span> <span class='ocrx_word' id='word_1_108' title='bbox 1016 1361 1079 1404; x_wconf 92' lang='lat' dir='ltr'>non</span> <span class='ocrx_word' id='word_1_109' title='bbox 1135 1345 1203 1424; x_wconf 91' lang='lat' dir='ltr'>prle</span> <span class='ocrx_word' id='word_1_110' title='bbox 1225 1344 1266 1407; x_wconf 93' lang='lat' dir='ltr'>ad</span> <span class='ocrx_word' id='word_1_111' title='bbox 1289 1344 1492 1406; x_wconf 86' lang='lat' dir='ltr'>Sacerdotem</span> <span class='ocrx_word' id='word_1_112' title='bbox 1511 1347 1675 1422; x_wconf 86' lang='lat' dir='ltr'>spectant;</span> <span class='ocrx_word' id='word_1_113' title='bbox 1697 1347 1732 1406; x_wconf 93' lang='lat' dir='ltr'>ut</span> <span class='ocrx_word' id='word_1_114' title='bbox 1746 1343 1770 1404; x_wconf 86' lang='lat' dir='ltr'>si</span> <span class='ocrx_word' id='word_1_115' title='bbox 1785 1345 1810 1406; x_wconf 90' lang='lat' dir='ltr'>is</span> <span class='ocrx_word' id='word_1_116' title='bbox 1824 1347 1913 1408; x_wconf 81' lang='lat' dir='ltr'>cristi-</span> 
     </span>
     <span class='ocr_line' id='line_1_11' title="bbox 284 1429 1913 1514; baseline 0.002 -24"><span class='ocrx_word' id='word_1_117' title='bbox 284 1429 343 1490; x_wconf 90' lang='lat' dir='ltr'>nisi</span> <span class='ocrx_word' id='word_1_118' title='bbox 366 1429 536 1507; x_wconf 87' lang='lat' dir='ltr'>prudenter</span> <span class='ocrx_word' id='word_1_119' title='bbox 555 1429 800 1492; x_wconf 89' lang='lat' dir='ltr'>administretur.</span> <span class='ocrx_word' id='word_1_120' title='bbox 821 1430 990 1493; x_wconf 88' lang='lat' dir='ltr'>Prudentia</span> <span class='ocrx_word' id='word_1_121' title='bbox 1004 1450 1079 1492; x_wconf 83' lang='lat' dir='ltr'>raro</span> <span class='ocrx_word' id='word_1_122' title='bbox 1134 1436 1199 1495; x_wconf 91' lang='lat' dir='ltr'>mat</span> <span class='ocrx_word' id='word_1_123' title='bbox 1213 1451 1246 1494; x_wconf 87' lang='lat' dir='ltr'>se</span> <span class='ocrx_word' id='word_1_124' title='bbox 1260 1432 1402 1512; x_wconf 85' lang='lat' dir='ltr'>legitima</span> <span class='ocrx_word' id='word_1_125' title='bbox 1419 1431 1637 1512; x_wconf 87' lang='lat' dir='ltr'>jurisdictione</span> <span class='ocrx_word' id='word_1_126' title='bbox 1657 1451 1720 1494; x_wconf 92' lang='lat' dir='ltr'>non</span> <span class='ocrx_word' id='word_1_127' title='bbox 1736 1451 1802 1494; x_wconf 88' lang='lat' dir='ltr'>esse</span> <span class='ocrx_word' id='word_1_128' title='bbox 1815 1435 1913 1514; x_wconf 81' lang='lat' dir='ltr'>pradi-</span> 
     </span>
    </p>
   </div>
   <div class='ocr_carea' id='block_1_6' title="bbox 285 1517 1982 1601">
    <p class='ocr_par' dir='ltr' id='par_1_6' title="bbox 285 1517 1982 1601">
     <span class='ocr_line' id='line_1_12' title="bbox 285 1517 1982 1601; baseline 0.002 -22"><span class='ocrx_word' id='word_1_129' title='bbox 285 1517 458 1599; x_wconf 86' lang='lat' dir='ltr'>postnlaret</span> <span class='ocrx_word' id='word_1_130' title='bbox 484 1518 637 1580; x_wconf 89' lang='lat' dir='ltr'>moralem</span> <span class='ocrx_word' id='word_1_131' title='bbox 661 1519 881 1581; x_wconf 88' lang='lat' dir='ltr'>certitudinem</span> <span class='ocrx_word' id='word_1_132' title='bbox 908 1519 947 1580; x_wconf 92' lang='lat' dir='ltr'>de</span> <span class='ocrx_word' id='word_1_133' title='bbox 969 1520 1081 1582; x_wconf 82' lang='lat' dir='ltr'>validi·</span> <span class='ocrx_word' id='word_1_134' title='bbox 1135 1525 1213 1597; x_wconf 89' lang='lat' dir='ltr'>tum,</span> <span class='ocrx_word' id='word_1_135' title='bbox 1237 1538 1327 1580; x_wconf 91' lang='lat' dir='ltr'>secus</span> <span class='ocrx_word' id='word_1_136' title='bbox 1341 1536 1416 1580; x_wconf 90' lang='lat' dir='ltr'>vero</span> <span class='ocrx_word' id='word_1_137' title='bbox 1432 1519 1585 1599; x_wconf 87' lang='lat' dir='ltr'>poenitens</span> <span class='ocrx_word' id='word_1_138' title='bbox 1601 1520 1758 1599; x_wconf 90' lang='lat' dir='ltr'>opinetur.</span> <span class='ocrx_word' id='word_1_139' title='bbox 1774 1521 1913 1601; x_wconf 81' lang='lat' dir='ltr'>Aliaepoe·</span> <span class='ocrx_word' id='word_1_140' title='bbox 1980 1547 1982 1600; x_wconf 83' lang='lat' dir='ltr'>l</span> 
     </span>
    </p>
   </div>
   <div class='ocr_carea' id='block_1_7' title="bbox 286 1606 1912 1690">
    <p class='ocr_par' dir='ltr' id='par_1_7' title="bbox 286 1606 1912 1690">
     <span class='ocr_line' id='line_1_13' title="bbox 286 1606 1912 1690; baseline 0.002 -22"><span class='ocrx_word' id='word_1_141' title='bbox 286 1609 348 1668; x_wconf 88' lang='lat' dir='ltr'>tate</span> <span class='ocrx_word' id='word_1_142' title='bbox 361 1606 566 1683; x_wconf 88' lang='lat' dir='ltr'>Sacramenti,</span> <span class='ocrx_word' id='word_1_143' title='bbox 581 1625 643 1686; x_wconf 90' lang='lat' dir='ltr'>qua</span> <span class='ocrx_word' id='word_1_144' title='bbox 654 1607 782 1686; x_wconf 87' lang='lat' dir='ltr'>quidem</span> <span class='ocrx_word' id='word_1_145' title='bbox 792 1606 957 1670; x_wconf 83' lang='lat' dir='ltr'>deficiente</span> <span class='ocrx_word' id='word_1_146' title='bbox 972 1607 1003 1667; x_wconf 93' lang='lat' dir='ltr'>in</span> <span class='ocrx_word' id='word_1_147' title='bbox 1019 1607 1079 1669; x_wconf 90' lang='lat' dir='ltr'>alio</span> <span class='ocrx_word' id='word_1_148' title='bbox 1135 1610 1262 1672; x_wconf 86' lang='lat' dir='ltr'>nitentis</span> <span class='ocrx_word' id='word_1_149' title='bbox 1290 1607 1514 1670; x_wconf 90' lang='lat' dir='ltr'>conscientiam</span> <span class='ocrx_word' id='word_1_150' title='bbox 1541 1608 1720 1688; x_wconf 87' lang='lat' dir='ltr'>attingunt;</span> <span class='ocrx_word' id='word_1_151' title='bbox 1750 1615 1784 1671; x_wconf 89' lang='lat' dir='ltr'>nt</span> <span class='ocrx_word' id='word_1_152' title='bbox 1810 1610 1912 1690; x_wconf 85' lang='lat' dir='ltr'>quotics</span> 
     </span>
    </p>
   </div>
   <div class='ocr_carea' id='block_1_8' title="bbox 1979 1609 1982 1688">
    <p class='ocr_par' dir='ltr' id='par_1_8' title="bbox 1979 1609 1982 1688">
     <span class='ocr_line' id='line_1_14' title="bbox 1979 1609 1982 1688; baseline 0 -10"><span class='ocrx_word' id='word_1_153' title='bbox 1979 1609 1982 1688; x_wconf 83' lang='lat' dir='ltr'>l</span> 
     </span>
    </p>
   </div>
   <div class='ocr_carea' id='block_1_9' title="bbox 286 1693 1982 1864">
    <p class='ocr_par' dir='ltr' id='par_1_9' title="bbox 286 1693 1982 1864">
     <span class='ocr_line' id='line_1_15' title="bbox 286 1693 1982 1778; baseline 0.002 -21"><span class='ocrx_word' id='word_1_154' title='bbox 286 1713 379 1772; x_wconf 85' lang='lat' dir='ltr'>casu,</span> <span class='ocrx_word' id='word_1_155' title='bbox 406 1695 536 1758; x_wconf 90' lang='lat' dir='ltr'>deberet</span> <span class='ocrx_word' id='word_1_156' title='bbox 558 1695 711 1757; x_wconf 87' lang='lat' dir='ltr'>absolutio</span> <span class='ocrx_word' id='word_1_157' title='bbox 736 1695 877 1757; x_wconf 88' lang='lat' dir='ltr'>dillerri:</span> <span class='ocrx_word' id='word_1_158' title='bbox 901 1701 934 1758; x_wconf 91' lang='lat' dir='ltr'>at</span> <span class='ocrx_word' id='word_1_159' title='bbox 955 1695 986 1756; x_wconf 91' lang='lat' dir='ltr'>in</span> <span class='ocrx_word' id='word_1_160' title='bbox 1006 1716 1080 1758; x_wconf 88' lang='lat' dir='ltr'>casu</span> <span class='ocrx_word' id='word_1_161' title='bbox 1136 1700 1202 1778; x_wconf 87' lang='lat' dir='ltr'>ipsa</span> <span class='ocrx_word' id='word_1_162' title='bbox 1225 1700 1314 1777; x_wconf 85' lang='lat' dir='ltr'>putat</span> <span class='ocrx_word' id='word_1_163' title='bbox 1335 1697 1453 1777; x_wconf 90' lang='lat' dir='ltr'>aliquid</span> <span class='ocrx_word' id='word_1_164' title='bbox 1476 1698 1562 1758; x_wconf 91' lang='lat' dir='ltr'>nulla</span> <span class='ocrx_word' id='word_1_165' title='bbox 1584 1698 1644 1758; x_wconf 92' lang='lat' dir='ltr'>sibi</span> <span class='ocrx_word' id='word_1_166' title='bbox 1671 1699 1743 1777; x_wconf 87' lang='lat' dir='ltr'>lege</span> <span class='ocrx_word' id='word_1_167' title='bbox 1767 1717 1831 1760; x_wconf 87' lang='lat' dir='ltr'>csse</span> <span class='ocrx_word' id='word_1_168' title='bbox 1856 1717 1913 1778; x_wconf 84' lang='lat' dir='ltr'>pro</span> <span class='ocrx_word' id='word_1_169' title='bbox 1980 1693 1982 1766; x_wconf 79' lang='lat' dir='ltr'>l</span> 
     </span>
     <span class='ocr_line' id='line_1_16' title="bbox 286 1773 1982 1864; baseline 0.001 -19"><span class='ocrx_word' id='word_1_170' title='bbox 286 1783 387 1863; x_wconf 89' lang='lat' dir='ltr'>posito</span> <span class='ocrx_word' id='word_1_171' title='bbox 403 1782 539 1844; x_wconf 87' lang='lat' dir='ltr'>charitas</span> <span class='ocrx_word' id='word_1_172' title='bbox 554 1783 659 1846; x_wconf 90' lang='lat' dir='ltr'>stricte</span> <span class='ocrx_word' id='word_1_173' title='bbox 681 1783 794 1862; x_wconf 84' lang='lat' dir='ltr'>exigit,</span> <span class='ocrx_word' id='word_1_174' title='bbox 819 1787 853 1846; x_wconf 94' lang='lat' dir='ltr'>ut</span> <span class='ocrx_word' id='word_1_175' title='bbox 875 1802 936 1846; x_wconf 93' lang='lat' dir='ltr'>non</span> <span class='ocrx_word' id='word_1_176' title='bbox 957 1785 1083 1844; x_wconf 74' lang='lat' dir='ltr'>diflera-</span> <span class='ocrx_word' id='word_1_177' title='bbox 1137 1787 1270 1848; x_wconf 89' lang='lat' dir='ltr'>hibitum</span> <span class='ocrx_word' id='word_1_178' title='bbox 1294 1788 1350 1847; x_wconf 92' lang='lat' dir='ltr'>aut</span> <span class='ocrx_word' id='word_1_179' title='bbox 1377 1789 1587 1864; x_wconf 90' lang='lat' dir='ltr'>praeceptum,</span> <span class='ocrx_word' id='word_1_180' title='bbox 1615 1785 1673 1847; x_wconf 92' lang='lat' dir='ltr'>etsi</span> <span class='ocrx_word' id='word_1_181' title='bbox 1701 1786 1815 1848; x_wconf 87' lang='lat' dir='ltr'>sentiat</span> <span class='ocrx_word' id='word_1_182' title='bbox 1839 1787 1914 1847; x_wconf 83' lang='lat' dir='ltr'>aliter</span> <span class='ocrx_word' id='word_1_183' title='bbox 1980 1773 1982 1856; x_wconf 74' lang='grc' dir='ltr'>Ξ</span> 
     </span>
    </p>
   </div>
   <div class='ocr_carea' id='block_1_10' title="bbox 287 1870 1915 2745">
    <p class='ocr_par' dir='ltr' id='par_1_10' title="bbox 287 1870 1915 2745">
     <span class='ocr_line' id='line_1_17' title="bbox 287 1870 1912 1954; baseline 0.001 -20"><span class='ocrx_word' id='word_1_184' title='bbox 287 1877 339 1935; x_wconf 90' lang='lat' dir='ltr'>tur</span> <span class='ocrx_word' id='word_1_185' title='bbox 362 1875 393 1932; x_wconf 89' lang='lat' dir='ltr'>et</span> <span class='ocrx_word' id='word_1_186' title='bbox 415 1875 450 1932; x_wconf 93' lang='lat' dir='ltr'>ut</span> <span class='ocrx_word' id='word_1_187' title='bbox 473 1870 587 1932; x_wconf 89' lang='lat' dir='ltr'>misero</span> <span class='ocrx_word' id='word_1_188' title='bbox 611 1876 813 1933; x_wconf 88' lang='lat' dir='ltr'>succurratur</span> <span class='ocrx_word' id='word_1_189' title='bbox 832 1891 889 1951; x_wconf 90' lang='lat' dir='ltr'>per</span> <span class='ocrx_word' id='word_1_190' title='bbox 907 1872 1082 1933; x_wconf 89' lang='lat' dir='ltr'>remedium</span> <span class='ocrx_word' id='word_1_191' title='bbox 1137 1873 1363 1938; x_wconf 82' lang='lat' dir='ltr'>confessarius.</span> <span class='ocrx_word' id='word_1_192' title='bbox 1389 1875 1574 1936; x_wconf 78' lang='lat' dir='ltr'>astantem</span> <span class='ocrx_word' id='word_1_193' title='bbox 1597 1873 1807 1937; x_wconf 89' lang='lat' dir='ltr'>indubitatum</span> <span class='ocrx_word' id='word_1_194' title='bbox 1827 1875 1912 1954; x_wconf 85' lang='lat' dir='ltr'>quoad</span> 
     </span>
     <span class='ocr_line' id='line_1_18' title="bbox 287 1958 1912 2042; baseline 0.002 -22"><span class='ocrx_word' id='word_1_195' title='bbox 287 1958 493 2040; x_wconf 88' lang='lat' dir='ltr'>probabiliter</span> <span class='ocrx_word' id='word_1_196' title='bbox 515 1958 726 2037; x_wconf 88' lang='lat' dir='ltr'>profuturum.</span> <span class='ocrx_word' id='word_1_197' title='bbox 751 1963 884 2021; x_wconf 88' lang='lat' dir='ltr'>Necesse</span> <span class='ocrx_word' id='word_1_198' title='bbox 906 1960 1002 2040; x_wconf 89' lang='lat' dir='ltr'>igitur</span> <span class='ocrx_word' id='word_1_199' title='bbox 1023 1963 1080 2036; x_wconf 89' lang='lat' dir='ltr'>est,</span> <span class='ocrx_word' id='word_1_200' title='bbox 1137 1962 1224 2040; x_wconf 87' lang='lat' dir='ltr'>prins</span> <span class='ocrx_word' id='word_1_201' title='bbox 1239 1961 1424 2040; x_wconf 89' lang='lat' dir='ltr'>opinionum</span> <span class='ocrx_word' id='word_1_202' title='bbox 1436 1979 1548 2040; x_wconf 86' lang='lat' dir='ltr'>genus,</span> <span class='ocrx_word' id='word_1_203' title='bbox 1561 1979 1618 2023; x_wconf 89' lang='lat' dir='ltr'>nec</span> <span class='ocrx_word' id='word_1_204' title='bbox 1629 1962 1758 2040; x_wconf 90' lang='lat' dir='ltr'>dehere,</span> <span class='ocrx_word' id='word_1_205' title='bbox 1770 1981 1826 2024; x_wconf 90' lang='lat' dir='ltr'>nec</span> <span class='ocrx_word' id='word_1_206' title='bbox 1838 1981 1912 2042; x_wconf 85' lang='lat' dir='ltr'>possa</span> 
     </span>
     <span class='ocr_line' id='line_1_19' title="bbox 288 2047 1914 2128; baseline 0.001 -18"><span class='ocrx_word' id='word_1_207' title='bbox 288 2054 323 2110; x_wconf 92' lang='lat' dir='ltr'>nt</span> <span class='ocrx_word' id='word_1_208' title='bbox 337 2067 409 2110; x_wconf 91' lang='lat' dir='ltr'>oum</span> <span class='ocrx_word' id='word_1_209' title='bbox 424 2048 576 2110; x_wconf 87' lang='lat' dir='ltr'>charitate</span> <span class='ocrx_word' id='word_1_210' title='bbox 592 2047 776 2110; x_wconf 89' lang='lat' dir='ltr'>concilietur</span> <span class='ocrx_word' id='word_1_211' title='bbox 790 2048 968 2128; x_wconf 90' lang='lat' dir='ltr'>prudentia.</span> <span class='ocrx_word' id='word_1_212' title='bbox 985 2051 1084 2110; x_wconf 89' lang='lat' dir='ltr'>Porro</span> <span class='ocrx_word' id='word_1_213' title='bbox 1139 2067 1277 2128; x_wconf 89' lang='lat' dir='ltr'>unquam</span> <span class='ocrx_word' id='word_1_214' title='bbox 1293 2049 1495 2111; x_wconf 84' lang='lat' dir='ltr'>Sacerdotem</span> <span class='ocrx_word' id='word_1_215' title='bbox 1510 2047 1691 2127; x_wconf 80' lang='lat' dir='ltr'>paenitentis</span> <span class='ocrx_word' id='word_1_216' title='bbox 1705 2049 1862 2112; x_wconf 84' lang='lat' dir='ltr'>sententiae</span> <span class='ocrx_word' id='word_1_217' title='bbox 1873 2068 1914 2110; x_wconf 88' lang='lat' dir='ltr'>ac-</span> 
     </span>
     <span class='ocr_line' id='line_1_20' title="bbox 289 2135 1914 2216; baseline -0.001 -19"><span class='ocrx_word' id='word_1_218' title='bbox 289 2155 353 2198; x_wconf 89' lang='lat' dir='ltr'>una</span> <span class='ocrx_word' id='word_1_219' title='bbox 375 2139 518 2216; x_wconf 86' lang='lat' dir='ltr'>superest</span> <span class='ocrx_word' id='word_1_220' title='bbox 541 2135 768 2197; x_wconf 82' lang='lat' dir='ltr'>conciliationis</span> <span class='ocrx_word' id='word_1_221' title='bbox 792 2136 853 2212; x_wconf 83' lang='lat' dir='ltr'>vla,</span> <span class='ocrx_word' id='word_1_222' title='bbox 875 2155 987 2216; x_wconf 90' lang='lat' dir='ltr'>nempe</span> <span class='ocrx_word' id='word_1_223' title='bbox 1009 2154 1085 2198; x_wconf 91' lang='lat' dir='ltr'>con·</span> <span class='ocrx_word' id='word_1_224' title='bbox 1138 2136 1257 2200; x_wconf 91' lang='lat' dir='ltr'>tionem</span> <span class='ocrx_word' id='word_1_225' title='bbox 1271 2154 1361 2197; x_wconf 91' lang='lat' dir='ltr'>suam</span> <span class='ocrx_word' id='word_1_226' title='bbox 1372 2135 1568 2197; x_wconf 85' lang='lat' dir='ltr'>conformare</span> <span class='ocrx_word' id='word_1_227' title='bbox 1586 2155 1593 2198; x_wconf 90' lang='lat'>:</span> <span class='ocrx_word' id='word_1_228' title='bbox 1610 2135 1654 2197; x_wconf 89' lang='lat' dir='ltr'>sic</span> <span class='ocrx_word' id='word_1_229' title='bbox 1669 2136 1755 2198; x_wconf 90' lang='lat' dir='ltr'>euim</span> <span class='ocrx_word' id='word_1_230' title='bbox 1768 2155 1788 2199; x_wconf 89' lang='lat' dir='ltr'>a</span> <span class='ocrx_word' id='word_1_231' title='bbox 1800 2137 1914 2216; x_wconf 86' lang='lat' dir='ltr'>propria</span> 
     </span>
     <span class='ocr_line' id='line_1_21' title="bbox 289 2220 1914 2306; baseline 0 -22"><span class='ocrx_word' id='word_1_232' title='bbox 289 2222 365 2284; x_wconf 91' lang='lat' dir='ltr'>ditio</span> <span class='ocrx_word' id='word_1_233' title='bbox 389 2220 533 2302; x_wconf 89' lang='lat' dir='ltr'>apposita</span> <span class='ocrx_word' id='word_1_234' title='bbox 554 2223 781 2283; x_wconf 88' lang='lat' dir='ltr'>Sacramento:</span> <span class='ocrx_word' id='word_1_235' title='bbox 807 2221 846 2283; x_wconf 87' lang='lat' dir='ltr'>Si</span> <span class='ocrx_word' id='word_1_236' title='bbox 865 2243 962 2306; x_wconf 77' lang='lat' dir='ltr'>copae</span> <span class='ocrx_word' id='word_1_237' title='bbox 980 2242 1018 2290; x_wconf 85' lang='lat' dir='ltr'>ea,</span> <span class='ocrx_word' id='word_1_238' title='bbox 1035 2221 1084 2284; x_wconf 84' lang='lat' dir='ltr'>vel</span> <span class='ocrx_word' id='word_1_239' title='bbox 1139 2224 1337 2286; x_wconf 75' lang='lat' dir='ltr'>conscientie</span> <span class='ocrx_word' id='word_1_240' title='bbox 1347 2225 1529 2305; x_wconf 83' lang='lat' dir='ltr'>praescripto</span> <span class='ocrx_word' id='word_1_241' title='bbox 1541 2228 1650 2303; x_wconf 88' lang='lat' dir='ltr'>aperte</span> <span class='ocrx_word' id='word_1_242' title='bbox 1660 2224 1834 2296; x_wconf 86' lang='lat' dir='ltr'>aberrarat;</span> <span class='ocrx_word' id='word_1_243' title='bbox 1847 2223 1914 2304; x_wconf 90' lang='lat' dir='ltr'>quod</span> 
     </span>
     <span class='ocr_line' id='line_1_22' title="bbox 288 2308 1914 2393; baseline -0.001 -21"><span class='ocrx_word' id='word_1_244' title='bbox 288 2311 316 2372; x_wconf 84' lang='lat' dir='ltr'>ai</span> <span class='ocrx_word' id='word_1_245' title='bbox 337 2319 411 2372; x_wconf 85' lang='lat' dir='ltr'>recte</span> <span class='ocrx_word' id='word_1_246' title='bbox 433 2308 591 2391; x_wconf 82' lang='lat' dir='ltr'>dispositos</span> <span class='ocrx_word' id='word_1_247' title='bbox 613 2329 651 2377; x_wconf 85' lang='lat' dir='ltr'>ca,</span> <span class='ocrx_word' id='word_1_248' title='bbox 676 2329 727 2392; x_wconf 73' lang='lat' dir='ltr'>ego</span> <span class='ocrx_word' id='word_1_249' title='bbox 750 2317 777 2371; x_wconf 88' lang='lat' dir='ltr'>te</span> <span class='ocrx_word' id='word_1_250' title='bbox 799 2309 929 2379; x_wconf 86' lang='lat' dir='ltr'>absolvo,</span> <span class='ocrx_word' id='word_1_251' title='bbox 955 2316 1014 2376; x_wconf 88' lang='lat' dir='ltr'>eto.</span> <span class='ocrx_word' id='word_1_252' title='bbox 1038 2313 1086 2373; x_wconf 91' lang='lat' dir='ltr'>lta</span> <span class='ocrx_word' id='word_1_253' title='bbox 1140 2332 1264 2393; x_wconf 88' lang='lat' dir='ltr'>semper</span> <span class='ocrx_word' id='word_1_254' title='bbox 1286 2332 1324 2375; x_wconf 90' lang='lat' dir='ltr'>ao</span> <span class='ocrx_word' id='word_1_255' title='bbox 1348 2313 1524 2376; x_wconf 88' lang='lat' dir='ltr'>necessario</span> <span class='ocrx_word' id='word_1_256' title='bbox 1548 2317 1597 2376; x_wconf 89' lang='lat' dir='ltr'>est</span> <span class='ocrx_word' id='word_1_257' title='bbox 1616 2331 1690 2374; x_wconf 91' lang='lat' dir='ltr'>cum</span> <span class='ocrx_word' id='word_1_258' title='bbox 1710 2317 1837 2392; x_wconf 88' lang='lat' dir='ltr'>peccato</span> <span class='ocrx_word' id='word_1_259' title='bbox 1857 2329 1914 2373; x_wconf 90' lang='lat' dir='ltr'>con·</span> 
     </span>
     <span class='ocr_line' id='line_1_23' title="bbox 290 2397 1915 2480; baseline -0.002 -19"><span class='ocrx_word' id='word_1_260' title='bbox 290 2400 375 2461; x_wconf 90' lang='lat' dir='ltr'>enim</span> <span class='ocrx_word' id='word_1_261' title='bbox 388 2400 434 2476; x_wconf 90' lang='lat' dir='ltr'>tlt,</span> <span class='ocrx_word' id='word_1_262' title='bbox 451 2402 486 2459; x_wconf 94' lang='lat' dir='ltr'>ut</span> <span class='ocrx_word' id='word_1_263' title='bbox 500 2398 653 2460; x_wconf 88' lang='lat' dir='ltr'>Sacerdos</span> <span class='ocrx_word' id='word_1_264' title='bbox 667 2398 699 2458; x_wconf 93' lang='lat' dir='ltr'>in</span> <span class='ocrx_word' id='word_1_265' title='bbox 715 2402 867 2480; x_wconf 87' lang='lat' dir='ltr'>quantum</span> <span class='ocrx_word' id='word_1_266' title='bbox 881 2399 898 2460; x_wconf 85' lang='lat' dir='ltr'>J</span> <span class='ocrx_word' id='word_1_267' title='bbox 903 2400 995 2476; x_wconf 87' lang='lat' dir='ltr'>ndex,</span> <span class='ocrx_word' id='word_1_268' title='bbox 1012 2403 1086 2479; x_wconf 85' lang='lat' dir='ltr'>agat</span> <span class='ocrx_word' id='word_1_269' title='bbox 1136 2397 1293 2480; x_wconf 89' lang='lat' dir='ltr'>junctum,</span> <span class='ocrx_word' id='word_1_270' title='bbox 1305 2399 1364 2461; x_wconf 92' lang='lat' dir='ltr'>nisi</span> <span class='ocrx_word' id='word_1_271' title='bbox 1379 2401 1459 2461; x_wconf 83' lang='lat' dir='ltr'>forte</span> <span class='ocrx_word' id='word_1_272' title='bbox 1475 2398 1631 2478; x_wconf 87' lang='lat' dir='ltr'>poenitens</span> <span class='ocrx_word' id='word_1_273' title='bbox 1645 2397 1694 2460; x_wconf 81' lang='lat' dir='ltr'>vir</span> <span class='ocrx_word' id='word_1_274' title='bbox 1703 2399 1744 2461; x_wconf 90' lang='lat' dir='ltr'>sit</span> <span class='ocrx_word' id='word_1_275' title='bbox 1754 2403 1844 2462; x_wconf 82' lang='lat' dir='ltr'>tantae</span> <span class='ocrx_word' id='word_1_276' title='bbox 1856 2415 1915 2459; x_wconf 88' lang='lat' dir='ltr'>auo-</span> 
     </span>
     <span class='ocr_line' id='line_1_24' title="bbox 291 2485 1914 2569; baseline -0.002 -20"><span class='ocrx_word' id='word_1_277' title='bbox 291 2488 484 2569; x_wconf 88' lang='lat' dir='ltr'>prndenter;</span> <span class='ocrx_word' id='word_1_278' title='bbox 514 2492 545 2548; x_wconf 91' lang='lat' dir='ltr'>et</span> <span class='ocrx_word' id='word_1_279' title='bbox 568 2487 599 2546; x_wconf 90' lang='lat' dir='ltr'>in</span> <span class='ocrx_word' id='word_1_280' title='bbox 623 2490 776 2567; x_wconf 88' lang='lat' dir='ltr'>quantum</span> <span class='ocrx_word' id='word_1_281' title='bbox 797 2488 916 2564; x_wconf 90' lang='lat' dir='ltr'>Pastor,</span> <span class='ocrx_word' id='word_1_282' title='bbox 940 2488 1037 2549; x_wconf 90' lang='lat' dir='ltr'>frater</span> <span class='ocrx_word' id='word_1_283' title='bbox 1056 2489 1087 2549; x_wconf 90' lang='lat' dir='ltr'>et</span> <span class='ocrx_word' id='word_1_284' title='bbox 1140 2485 1274 2548; x_wconf 86' lang='lat' dir='ltr'>toritatia</span> <span class='ocrx_word' id='word_1_285' title='bbox 1288 2492 1382 2566; x_wconf 87' lang='lat' dir='ltr'>atque</span> <span class='ocrx_word' id='word_1_286' title='bbox 1401 2487 1563 2562; x_wconf 86' lang='lat' dir='ltr'>doctrinae,</span> <span class='ocrx_word' id='word_1_287' title='bbox 1575 2489 1610 2547; x_wconf 93' lang='lat' dir='ltr'>ut</span> <span class='ocrx_word' id='word_1_288' title='bbox 1624 2486 1724 2564; x_wconf 88' lang='lat' dir='ltr'>possit</span> <span class='ocrx_word' id='word_1_289' title='bbox 1737 2487 1914 2548; x_wconf 73' lang='lat' dir='ltr'>maritation-</span> 
     </span>
     <span class='ocr_line' id='line_1_25' title="bbox 291 2573 1914 2656; baseline -0.004 -17"><span class='ocrx_word' id='word_1_290' title='bbox 291 2577 448 2654; x_wconf 90' lang='lat' dir='ltr'>medious,</span> <span class='ocrx_word' id='word_1_291' title='bbox 464 2580 539 2656; x_wconf 88' lang='lat' dir='ltr'>agat</span> <span class='ocrx_word' id='word_1_292' title='bbox 555 2575 800 2638; x_wconf 87' lang='lat' dir='ltr'>misericorditer</span> <span class='ocrx_word' id='word_1_293' title='bbox 815 2581 845 2638; x_wconf 93' lang='lat' dir='ltr'>et</span> <span class='ocrx_word' id='word_1_294' title='bbox 859 2583 1013 2652; x_wconf 89' lang='lat' dir='ltr'>amanter,</span> <span class='ocrx_word' id='word_1_295' title='bbox 1040 2579 1088 2638; x_wconf 91' lang='lat' dir='ltr'>at-</span> <span class='ocrx_word' id='word_1_296' title='bbox 1141 2573 1288 2635; x_wconf 89' lang='lat' dir='ltr'>fessarius</span> <span class='ocrx_word' id='word_1_297' title='bbox 1303 2573 1482 2653; x_wconf 90' lang='lat' dir='ltr'>opinionem</span> <span class='ocrx_word' id='word_1_298' title='bbox 1498 2573 1566 2654; x_wconf 88' lang='lat' dir='ltr'>ejus</span> <span class='ocrx_word' id='word_1_299' title='bbox 1577 2573 1706 2652; x_wconf 87' lang='lat' dir='ltr'>propria</span> <span class='ocrx_word' id='word_1_300' title='bbox 1716 2574 1852 2653; x_wconf 87' lang='lat' dir='ltr'>deposita</span> <span class='ocrx_word' id='word_1_301' title='bbox 1863 2591 1914 2634; x_wconf 78' lang='lat' dir='ltr'>sus</span> 
     </span>
     <span class='ocr_line' id='line_1_26' title="bbox 292 2662 1915 2745; baseline -0.002 -20"><span class='ocrx_word' id='word_1_302' title='bbox 292 2683 354 2745; x_wconf 89' lang='lat' dir='ltr'>qne</span> <span class='ocrx_word' id='word_1_303' title='bbox 369 2664 412 2725; x_wconf 92' lang='lat' dir='ltr'>ita</span> <span class='ocrx_word' id='word_1_304' title='bbox 426 2663 627 2744; x_wconf 88' lang='lat' dir='ltr'>prudentiam</span> <span class='ocrx_word' id='word_1_305' title='bbox 641 2681 713 2724; x_wconf 91' lang='lat' dir='ltr'>curn</span> <span class='ocrx_word' id='word_1_306' title='bbox 727 2663 880 2725; x_wconf 88' lang='lat' dir='ltr'>charitate</span> <span class='ocrx_word' id='word_1_307' title='bbox 896 2664 1050 2725; x_wconf 90' lang='lat' dir='ltr'>conciliet.</span> <span class='ocrx_word' id='word_1_308' title='bbox 1142 2663 1257 2743; x_wconf 87' lang='lat' dir='ltr'>cipere.</span> <span class='ocrx_word' id='word_1_309' title='bbox 1275 2667 1378 2743; x_wconf 84' lang='lat' dir='ltr'>Atque</span> <span class='ocrx_word' id='word_1_310' title='bbox 1394 2662 1555 2724; x_wconf 86' lang='lat' dir='ltr'>haedere</span> <span class='ocrx_word' id='word_1_311' title='bbox 1575 2663 1661 2724; x_wconf 92' lang='lat' dir='ltr'>nulla</span> <span class='ocrx_word' id='word_1_312' title='bbox 1678 2663 1840 2725; x_wconf 88' lang='lat' dir='ltr'>intercedit</span> <span class='ocrx_word' id='word_1_313' title='bbox 1851 2662 1915 2724; x_wconf 90' lang='lat' dir='ltr'>inter</span> 
     </span>
    </p>
   </div>
   <div class='ocr_carea' id='block_1_11' title="bbox 271 2748 1915 2832">
    <p class='ocr_par' dir='ltr' id='par_1_11' title="bbox 271 2748 1915 2832">
     <span class='ocr_line' id='line_1_27' title="bbox 271 2748 1915 2832; baseline -0.003 -17"><span class='ocrx_word' id='word_1_314' title='bbox 271 2770 287 2785; x_wconf 72' lang='lat'><strong><em>‘</em></strong></span> <span class='ocrx_word' id='word_1_315' title='bbox 332 2755 441 2832; x_wconf 88' lang='lat' dir='ltr'>ltaque</span> <span class='ocrx_word' id='word_1_316' title='bbox 465 2770 503 2812; x_wconf 82' lang='lat' dir='ltr'>ex</span> <span class='ocrx_word' id='word_1_317' title='bbox 526 2751 617 2813; x_wconf 91' lang='lat' dir='ltr'>dictis</span> <span class='ocrx_word' id='word_1_318' title='bbox 645 2752 797 2813; x_wconf 88' lang='lat' dir='ltr'>hactenns</span> <span class='ocrx_word' id='word_1_319' title='bbox 825 2751 864 2812; x_wconf 91' lang='lat' dir='ltr'>de</span> <span class='ocrx_word' id='word_1_320' title='bbox 892 2751 1087 2814; x_wconf 88' lang='lat' dir='ltr'>absolutione</span> <span class='ocrx_word' id='word_1_321' title='bbox 1142 2754 1292 2812; x_wconf 87' lang='lat' dir='ltr'>Doctores</span> <span class='ocrx_word' id='word_1_322' title='bbox 1314 2751 1492 2824; x_wconf 87' lang='lat' dir='ltr'>contentio;</span> <span class='ocrx_word' id='word_1_323' title='bbox 1514 2750 1570 2811; x_wconf 91' lang='lat' dir='ltr'>sed</span> <span class='ocrx_word' id='word_1_324' title='bbox 1589 2750 1620 2810; x_wconf 91' lang='lat' dir='ltr'>in</span> <span class='ocrx_word' id='word_1_325' title='bbox 1636 2749 1801 2829; x_wconf 90' lang='lat' dir='ltr'>posteriori</span> <span class='ocrx_word' id='word_1_326' title='bbox 1816 2748 1915 2829; x_wconf 75' lang='lat' dir='ltr'>opinio</span> 
     </span>
    </p>
   </div>
   <div class='ocr_carea' id='block_1_12' title="bbox 293 2835 1917 5566">
    <p class='ocr_par' dir='ltr' id='par_1_12' title="bbox 293 2835 1917 5566">
     <span class='ocr_line' id='line_1_28' title="bbox 293 2835 1914 2921; baseline -0.004 -18"><span class='ocrx_word' id='word_1_327' title='bbox 293 2841 484 2917; x_wconf 89' lang='lat' dir='ltr'>moribundi,</span> <span class='ocrx_word' id='word_1_328' title='bbox 502 2840 555 2920; x_wconf 90' lang='lat' dir='ltr'>qni</span> <span class='ocrx_word' id='word_1_329' title='bbox 575 2842 696 2902; x_wconf 89' lang='lat' dir='ltr'>nullum</span> <span class='ocrx_word' id='word_1_330' title='bbox 710 2841 807 2918; x_wconf 89' lang='lat' dir='ltr'>dedit,</span> <span class='ocrx_word' id='word_1_331' title='bbox 824 2860 882 2903; x_wconf 91' lang='lat' dir='ltr'>nec</span> <span class='ocrx_word' id='word_1_332' title='bbox 897 2841 973 2904; x_wconf 90' lang='lat' dir='ltr'>dare</span> <span class='ocrx_word' id='word_1_333' title='bbox 988 2841 1089 2921; x_wconf 87' lang='lat' dir='ltr'>potuit</span> <span class='ocrx_word' id='word_1_334' title='bbox 1143 2857 1219 2900; x_wconf 91' lang='lat' dir='ltr'>num</span> <span class='ocrx_word' id='word_1_335' title='bbox 1233 2856 1348 2917; x_wconf 90' lang='lat' dir='ltr'>genere</span> <span class='ocrx_word' id='word_1_336' title='bbox 1358 2841 1424 2901; x_wconf 90' lang='lat' dir='ltr'>tota</span> <span class='ocrx_word' id='word_1_337' title='bbox 1434 2837 1551 2898; x_wconf 89' lang='lat' dir='ltr'>sitaest</span> <span class='ocrx_word' id='word_1_338' title='bbox 1562 2837 1738 2913; x_wconf 86' lang='lat' dir='ltr'>altercatio,</span> <span class='ocrx_word' id='word_1_339' title='bbox 1751 2842 1840 2918; x_wconf 91' lang='lat' dir='ltr'>atque</span> <span class='ocrx_word' id='word_1_340' title='bbox 1853 2835 1914 2898; x_wconf 88' lang='lat' dir='ltr'>adeo</span> 
     </span>
     <span class='ocr_line' id='line_1_29' title="bbox 294 2925 1915 3009; baseline -0.004 -18"><span class='ocrx_word' id='word_1_341' title='bbox 294 2930 418 3009; x_wconf 85' lang='lat' dir='ltr'>signum</span> <span class='ocrx_word' id='word_1_342' title='bbox 443 2927 558 2990; x_wconf 88' lang='lat' dir='ltr'>doloris</span> <span class='ocrx_word' id='word_1_343' title='bbox 579 2933 611 2990; x_wconf 91' lang='lat' dir='ltr'>et</span> <span class='ocrx_word' id='word_1_344' title='bbox 631 2928 778 2990; x_wconf 91' lang='lat' dir='ltr'>desiderii</span> <span class='ocrx_word' id='word_1_345' title='bbox 802 2929 1027 3002; x_wconf 87' lang='lat' dir='ltr'>absolutionis;</span> <span class='ocrx_word' id='word_1_346' title='bbox 1045 2928 1089 2990; x_wconf 91' lang='lat' dir='ltr'>sic</span> <span class='ocrx_word' id='word_1_347' title='bbox 1143 2926 1220 2988; x_wconf 92' lang='lat' dir='ltr'>illud</span> <span class='ocrx_word' id='word_1_348' title='bbox 1231 2943 1329 2987; x_wconf 87' lang='lat' dir='ltr'>unum</span> <span class='ocrx_word' id='word_1_349' title='bbox 1340 2929 1386 2988; x_wconf 89' lang='lat' dir='ltr'>est</span> <span class='ocrx_word' id='word_1_350' title='bbox 1395 2925 1577 3005; x_wconf 84' lang='lat' dir='ltr'>quaestionis</span> <span class='ocrx_word' id='word_1_351' title='bbox 1591 2925 1761 3006; x_wconf 70' lang='lat' dir='ltr'>proposita</span> <span class='ocrx_word' id='word_1_352' title='bbox 1775 2941 1915 3006; x_wconf 82' lang='lat' dir='ltr'>argaman</span> 
     </span>
     <span class='ocr_line' id='line_1_30' title="bbox 295 3016 1223 3079; baseline -0.001 -1"><span class='ocrx_word' id='word_1_353' title='bbox 295 3016 481 3078; x_wconf 88' lang='lat' dir='ltr'>concludere</span> <span class='ocrx_word' id='word_1_354' title='bbox 510 3019 567 3078; x_wconf 90' lang='lat' dir='ltr'>est.</span> <span class='ocrx_word' id='word_1_355' title='bbox 598 3016 763 3077; x_wconf 87' lang='lat' dir='ltr'>Probabile</span> <span class='ocrx_word' id='word_1_356' title='bbox 791 3023 840 3078; x_wconf 87' lang='lat' dir='ltr'>cst</span> <span class='ocrx_word' id='word_1_357' title='bbox 866 3017 1089 3079; x_wconf 90' lang='lat' dir='ltr'>moribundum</span> <span class='ocrx_word' id='word_1_358' title='bbox 1143 3021 1223 3079; x_wconf 89' lang='lat' dir='ltr'>tum.</span> 
     </span>
     <span class='ocr_line' id='line_1_31' title="bbox 295 3094 1914 3183; baseline -0.003 -16"><span class='ocrx_word' id='word_1_359' title='bbox 295 3107 384 3167; x_wconf 89' lang='lat' dir='ltr'>illum</span> <span class='ocrx_word' id='word_1_360' title='bbox 408 3102 511 3164; x_wconf 78' lang='lat' dir='ltr'>aalide</span> <span class='ocrx_word' id='word_1_361' title='bbox 536 3094 674 3179; x_wconf 80' lang='lat' dir='ltr'>absolv13</span> <span class='ocrx_word' id='word_1_362' title='bbox 701 3123 735 3164; x_wconf 91' lang='lat' dir='ltr'>er</span> <span class='ocrx_word' id='word_1_363' title='bbox 758 3123 776 3166; x_wconf 93' lang='lat' dir='ltr'>o</span> <span class='ocrx_word' id='word_1_364' title='bbox 804 3123 836 3165; x_wconf 91' lang='lat' dir='ltr'>m</span> <span class='ocrx_word' id='word_1_365' title='bbox 881 3107 946 3167; x_wconf 87' lang='lat' dir='ltr'>raxi</span> <span class='ocrx_word' id='word_1_366' title='bbox 969 3111 1090 3168; x_wconf 91' lang='lat' dir='ltr'>certum</span> <span class='ocrx_word' id='word_1_367' title='bbox 1186 3105 1241 3166; x_wconf 87' lang='lat' dir='ltr'>llis</span> <span class='ocrx_word' id='word_1_368' title='bbox 1261 3102 1442 3183; x_wconf 72' lang='lat' dir='ltr'>premissis,</span> <span class='ocrx_word' id='word_1_369' title='bbox 1465 3101 1914 3166; x_wconf 83' lang='lat' dir='ltr'>Diool.CumPoenitcnsin1·</span> 
     </span>
     <span class='ocr_line' id='line_1_32' title="bbox 298 3181 1916 3274; baseline -0.004 -20"><span class='ocrx_word' id='word_1_370' title='bbox 298 3213 331 3254; x_wconf 89' lang='lat' dir='ltr'>es</span> <span class='ocrx_word' id='word_1_371' title='bbox 375 3210 543 3252; x_wconf 86' lang='lat' dir='ltr'>meracum</span> <span class='ocrx_word' id='word_1_372' title='bbox 568 3181 799 3252; x_wconf 52' lang='lat' dir='ltr'>{moisevam</span> <span class='ocrx_word' id='word_1_373' title='bbox 834 3181 1094 3255; x_wconf 56' lang='lat' dir='ltr'>sedetsedet-‘3</span> <span class='ocrx_word' id='word_1_374' title='bbox 1145 3193 1265 3274; x_wconf 89' lang='lat' dir='ltr'>peritus</span> <span class='ocrx_word' id='word_1_375' title='bbox 1288 3195 1349 3269; x_wconf 89' lang='lat' dir='ltr'>est,</span> <span class='ocrx_word' id='word_1_376' title='bbox 1375 3208 1433 3252; x_wconf 92' lang='lat' dir='ltr'>nec</span> <span class='ocrx_word' id='word_1_377' title='bbox 1457 3189 1575 3270; x_wconf 90' lang='lat' dir='ltr'>peritos</span> <span class='ocrx_word' id='word_1_378' title='bbox 1600 3191 1773 3267; x_wconf 88' lang='lat' dir='ltr'>consuluit,</span> <span class='ocrx_word' id='word_1_379' title='bbox 1797 3191 1916 3268; x_wconf 66' lang='lat' dir='ltr'>meoque</span> 
     </span>
     <span class='ocr_line' id='line_1_33' title="bbox 296 3263 1915 3364; baseline -0.004 -22"><span class='ocrx_word' id='word_1_380' title='bbox 296 3272 677 3358; x_wconf 60' lang='lat' dir='ltr'>drifei&#39;n‘tehbffitdc‘diia</span> <span class='ocrx_word' id='word_1_381' title='bbox 694 3299 713 3340; x_wconf 87' lang='lat' dir='ltr'>a</span> <span class='ocrx_word' id='word_1_382' title='bbox 736 3283 769 3340; x_wconf 88' lang='lat' dir='ltr'>so</span> <span class='ocrx_word' id='word_1_383' title='bbox 785 3263 933 3364; x_wconf 54' lang='lat' dir='ltr'>ventura</span> <span class='ocrx_word' id='word_1_384' title='bbox 950 3281 1012 3343; x_wconf 91' lang='lat' dir='ltr'>Sed</span> <span class='ocrx_word' id='word_1_385' title='bbox 1028 3299 1091 3342; x_wconf 92' lang='lat' dir='ltr'>non</span> <span class='ocrx_word' id='word_1_386' title='bbox 1146 3288 1264 3346; x_wconf 88' lang='lat' dir='ltr'>temere</span> <span class='ocrx_word' id='word_1_387' title='bbox 1279 3279 1311 3340; x_wconf 90' lang='lat' dir='ltr'>in</span> <span class='ocrx_word' id='word_1_388' title='bbox 1333 3279 1479 3358; x_wconf 89' lang='lat' dir='ltr'>opinione</span> <span class='ocrx_word' id='word_1_389' title='bbox 1499 3279 1606 3359; x_wconf 89' lang='lat' dir='ltr'>aliqua</span> <span class='ocrx_word' id='word_1_390' title='bbox 1619 3279 1777 3356; x_wconf 82' lang='lat' dir='ltr'>adhaeret,</span> <span class='ocrx_word' id='word_1_391' title='bbox 1793 3296 1856 3360; x_wconf 84' lang='lat' dir='ltr'>qua</span> <span class='ocrx_word' id='word_1_392' title='bbox 1868 3291 1915 3336; x_wconf 89' lang='lat' dir='ltr'>non</span> 
     </span>
     <span class='ocr_line' id='line_1_34' title="bbox 296 3351 1916 3452; baseline -0.002 -23"><span class='ocrx_word' id='word_1_393' title='bbox 296 3351 638 3447; x_wconf 52' lang='lat' dir='ltr'>ffibbiffili‘ist*</span> <span class='ocrx_word' id='word_1_394' title='bbox 644 3354 812 3429; x_wconf 84' lang='lat' dir='ltr'>vahturam</span> <span class='ocrx_word' id='word_1_395' title='bbox 840 3351 1089 3444; x_wconf 84' lang='lat' dir='ltr'>absolutionem,</span> <span class='ocrx_word' id='word_1_396' title='bbox 1146 3370 1298 3452; x_wconf 89' lang='lat' dir='ltr'>probatur</span> <span class='ocrx_word' id='word_1_397' title='bbox 1312 3388 1332 3430; x_wconf 90' lang='lat' dir='ltr'>a</span> <span class='ocrx_word' id='word_1_398' title='bbox 1345 3367 1557 3442; x_wconf 69' lang='lat' dir='ltr'>confessarim</span> <span class='ocrx_word' id='word_1_399' title='bbox 1570 3365 1666 3429; x_wconf 87' lang='lat' dir='ltr'>debet</span> <span class='ocrx_word' id='word_1_400' title='bbox 1678 3367 1768 3429; x_wconf 92' lang='lat' dir='ltr'>illum</span> <span class='ocrx_word' id='word_1_401' title='bbox 1782 3367 1916 3430; x_wconf 80' lang='lat' dir='ltr'>Confessa-</span> 
     </span>
     <span class='ocr_line' id='line_1_35' title="bbox 298 3454 1916 3538; baseline -0.004 -21"><span class='ocrx_word' id='word_1_402' title='bbox 298 3455 458 3538; x_wconf 88' lang='lat' dir='ltr'>quianon</span> <span class='ocrx_word' id='word_1_403' title='bbox 486 3455 620 3516; x_wconf 90' lang='lat' dir='ltr'>habetur</span> <span class='ocrx_word' id='word_1_404' title='bbox 642 3455 775 3518; x_wconf 91' lang='lat' dir='ltr'>materia</span> <span class='ocrx_word' id='word_1_405' title='bbox 802 3455 861 3517; x_wconf 90' lang='lat' dir='ltr'>nisi</span> <span class='ocrx_word' id='word_1_406' title='bbox 888 3456 1092 3536; x_wconf 89' lang='lat' dir='ltr'>probabiliter</span> <span class='ocrx_word' id='word_1_407' title='bbox 1146 3459 1212 3520; x_wconf 89' lang='lat' dir='ltr'>rins</span> <span class='ocrx_word' id='word_1_408' title='bbox 1222 3457 1408 3519; x_wconf 87' lang='lat' dir='ltr'>sententiam</span> <span class='ocrx_word' id='word_1_409' title='bbox 1418 3473 1509 3518; x_wconf 88' lang='lat' dir='ltr'>suam</span> <span class='ocrx_word' id='word_1_410' title='bbox 1519 3455 1664 3530; x_wconf 89' lang='lat' dir='ltr'>edocere,</span> <span class='ocrx_word' id='word_1_411' title='bbox 1677 3454 1718 3516; x_wconf 91' lang='lat' dir='ltr'>ad</span> <span class='ocrx_word' id='word_1_412' title='bbox 1731 3471 1856 3536; x_wconf 87' lang='lat' dir='ltr'>eamque</span> <span class='ocrx_word' id='word_1_413' title='bbox 1867 3469 1916 3512; x_wconf 79' lang='lat' dir='ltr'>sne</span> 
     </span>
     <span class='ocr_line' id='line_1_36' title="bbox 298 3537 1916 3627; baseline -0.004 -22"><span class='ocrx_word' id='word_1_414' title='bbox 298 3543 475 3617; x_wconf 84' lang='lat' dir='ltr'>sufficiens;</span> <span class='ocrx_word' id='word_1_415' title='bbox 499 3547 530 3604; x_wconf 91' lang='lat' dir='ltr'>et</span> <span class='ocrx_word' id='word_1_416' title='bbox 551 3561 613 3604; x_wconf 93' lang='lat' dir='ltr'>non</span> <span class='ocrx_word' id='word_1_417' title='bbox 628 3547 731 3624; x_wconf 90' lang='lat' dir='ltr'>potest</span> <span class='ocrx_word' id='word_1_418' title='bbox 753 3544 861 3606; x_wconf 90' lang='lat' dir='ltr'>haberi</span> <span class='ocrx_word' id='word_1_419' title='bbox 876 3544 1011 3606; x_wconf 88' lang='lat' dir='ltr'>materie</span> <span class='ocrx_word' id='word_1_420' title='bbox 1025 3562 1093 3604; x_wconf 87' lang='lat' dir='ltr'>cer·</span> <span class='ocrx_word' id='word_1_421' title='bbox 1147 3546 1336 3627; x_wconf 90' lang='lat' dir='ltr'>cipiendam,</span> <span class='ocrx_word' id='word_1_422' title='bbox 1358 3549 1512 3626; x_wconf 88' lang='lat' dir='ltr'>quantum</span> <span class='ocrx_word' id='word_1_423' title='bbox 1535 3545 1567 3604; x_wconf 91' lang='lat' dir='ltr'>in</span> <span class='ocrx_word' id='word_1_424' title='bbox 1589 3562 1623 3605; x_wconf 88' lang='lat' dir='ltr'>se</span> <span class='ocrx_word' id='word_1_425' title='bbox 1644 3544 1739 3606; x_wconf 90' lang='lat' dir='ltr'>sitnm</span> <span class='ocrx_word' id='word_1_426' title='bbox 1761 3544 1827 3620; x_wconf 92' lang='lat' dir='ltr'>erit,</span> <span class='ocrx_word' id='word_1_427' title='bbox 1841 3537 1916 3603; x_wconf 86' lang='lat' dir='ltr'>addu-</span> 
     </span>
     <span class='ocr_line' id='line_1_37' title="bbox 298 3628 1916 3715; baseline -0.006 -19"><span class='ocrx_word' id='word_1_428' title='bbox 298 3632 378 3704; x_wconf 91' lang='lat' dir='ltr'>tior;</span> <span class='ocrx_word' id='word_1_429' title='bbox 405 3635 436 3694; x_wconf 89' lang='lat' dir='ltr'>et</span> <span class='ocrx_word' id='word_1_430' title='bbox 458 3635 550 3711; x_wconf 86' lang='lat' dir='ltr'>urget</span> <span class='ocrx_word' id='word_1_431' title='bbox 573 3635 715 3693; x_wconf 86' lang='lat' dir='ltr'>extrema</span> <span class='ocrx_word' id='word_1_432' title='bbox 738 3631 917 3710; x_wconf 87' lang='lat' dir='ltr'>necessitas,</span> <span class='ocrx_word' id='word_1_433' title='bbox 941 3651 1010 3712; x_wconf 75' lang='lat' dir='ltr'>quae</span> <span class='ocrx_word' id='word_1_434' title='bbox 1030 3651 1092 3693; x_wconf 90' lang='lat' dir='ltr'>non</span> <span class='ocrx_word' id='word_1_435' title='bbox 1148 3654 1219 3697; x_wconf 90' lang='lat' dir='ltr'>cere</span> <span class='ocrx_word' id='word_1_436' title='bbox 1233 3655 1239 3697; x_wconf 92' lang='lat'>:</span> <span class='ocrx_word' id='word_1_437' title='bbox 1254 3634 1375 3715; x_wconf 89' lang='lat' dir='ltr'>quodsi</span> <span class='ocrx_word' id='word_1_438' title='bbox 1389 3634 1434 3696; x_wconf 83' lang='lat' dir='ltr'>ita</span> <span class='ocrx_word' id='word_1_439' title='bbox 1448 3633 1577 3694; x_wconf 88' lang='lat' dir='ltr'>edoctus</span> <span class='ocrx_word' id='word_1_440' title='bbox 1593 3638 1625 3692; x_wconf 89' lang='lat' dir='ltr'>et</span> <span class='ocrx_word' id='word_1_441' title='bbox 1638 3636 1785 3712; x_wconf 89' lang='lat' dir='ltr'>suscepta</span> <span class='ocrx_word' id='word_1_442' title='bbox 1797 3628 1916 3711; x_wconf 82' lang='lat' dir='ltr'>opinione</span> 
     </span>
     <span class='ocr_line' id='line_1_38' title="bbox 299 3716 1914 3801; baseline -0.004 -19"><span class='ocrx_word' id='word_1_443' title='bbox 299 3721 373 3782; x_wconf 90' lang='lat' dir='ltr'>sinit</span> <span class='ocrx_word' id='word_1_444' title='bbox 394 3719 622 3782; x_wconf 89' lang='lat' dir='ltr'>absolutionem</span> <span class='ocrx_word' id='word_1_445' title='bbox 645 3719 782 3794; x_wconf 88' lang='lat' dir='ltr'>dillerri;</span> <span class='ocrx_word' id='word_1_446' title='bbox 805 3725 836 3782; x_wconf 92' lang='lat' dir='ltr'>et</span> <span class='ocrx_word' id='word_1_447' title='bbox 855 3720 991 3782; x_wconf 90' lang='lat' dir='ltr'>ebaritas</span> <span class='ocrx_word' id='word_1_448' title='bbox 1003 3719 1094 3801; x_wconf 89' lang='lat' dir='ltr'>jubet</span> <span class='ocrx_word' id='word_1_449' title='bbox 1149 3743 1211 3786; x_wconf 94' lang='lat' dir='ltr'>non</span> <span class='ocrx_word' id='word_1_450' title='bbox 1226 3721 1378 3798; x_wconf 88' lang='lat' dir='ltr'>discedat,</span> <span class='ocrx_word' id='word_1_451' title='bbox 1391 3718 1601 3782; x_wconf 86' lang='lat' dir='ltr'>absolvendus</span> <span class='ocrx_word' id='word_1_452' title='bbox 1617 3737 1680 3780; x_wconf 91' lang='lat' dir='ltr'>non</span> <span class='ocrx_word' id='word_1_453' title='bbox 1696 3719 1766 3782; x_wconf 90' lang='lat' dir='ltr'>erit.</span> <span class='ocrx_word' id='word_1_454' title='bbox 1779 3717 1860 3780; x_wconf 86' lang='lat' dir='ltr'>Ratio</span> <span class='ocrx_word' id='word_1_455' title='bbox 1872 3716 1914 3789; x_wconf 73' lang='lat' dir='ltr'>est,</span> 
     </span>
     <span class='ocr_line' id='line_1_39' title="bbox 300 3806 1916 3893; baseline -0.007 -20"><span class='ocrx_word' id='word_1_456' title='bbox 300 3813 334 3872; x_wconf 91' lang='lat' dir='ltr'>ut</span> <span class='ocrx_word' id='word_1_457' title='bbox 351 3808 493 3888; x_wconf 81' lang='lat' dir='ltr'>proximo</span> <span class='ocrx_word' id='word_1_458' title='bbox 518 3807 550 3867; x_wconf 92' lang='lat' dir='ltr'>in</span> <span class='ocrx_word' id='word_1_459' title='bbox 574 3809 721 3868; x_wconf 85' lang='lat' dir='ltr'>extremis</span> <span class='ocrx_word' id='word_1_460' title='bbox 743 3807 911 3869; x_wconf 91' lang='lat' dir='ltr'>constituto</span> <span class='ocrx_word' id='word_1_461' title='bbox 932 3825 1093 3870; x_wconf 88' lang='lat' dir='ltr'>succurra·</span> <span class='ocrx_word' id='word_1_462' title='bbox 1149 3811 1223 3893; x_wconf 90' lang='lat' dir='ltr'>qnia</span> <span class='ocrx_word' id='word_1_463' title='bbox 1243 3813 1317 3872; x_wconf 88' lang='lat' dir='ltr'>tunc</span> <span class='ocrx_word' id='word_1_464' title='bbox 1338 3809 1491 3888; x_wconf 75' lang='lat' dir='ltr'>paenitens</span> <span class='ocrx_word' id='word_1_465' title='bbox 1514 3825 1654 3868; x_wconf 91' lang='lat' dir='ltr'>errorem</span> <span class='ocrx_word' id='word_1_466' title='bbox 1675 3806 1716 3868; x_wconf 90' lang='lat' dir='ltr'>ad</span> <span class='ocrx_word' id='word_1_467' title='bbox 1738 3819 1916 3882; x_wconf 87' lang='lat' dir='ltr'>morasspac-</span> 
     </span>
     <span class='ocr_line' id='line_1_40' title="bbox 299 3891 1916 3977; baseline -0.006 -17"><span class='ocrx_word' id='word_1_468' title='bbox 299 3903 351 3960; x_wconf 93' lang='lat' dir='ltr'>tur</span> <span class='ocrx_word' id='word_1_469' title='bbox 371 3896 493 3958; x_wconf 89' lang='lat' dir='ltr'>meliori</span> <span class='ocrx_word' id='word_1_470' title='bbox 515 3895 609 3958; x_wconf 90' lang='lat' dir='ltr'>modo</span> <span class='ocrx_word' id='word_1_471' title='bbox 631 3913 693 3976; x_wconf 87' lang='lat' dir='ltr'>quo</span> <span class='ocrx_word' id='word_1_472' title='bbox 709 3899 831 3975; x_wconf 86' lang='lat' dir='ltr'>potest;</span> <span class='ocrx_word' id='word_1_473' title='bbox 848 3901 879 3956; x_wconf 86' lang='lat' dir='ltr'>et</span> <span class='ocrx_word' id='word_1_474' title='bbox 894 3896 1013 3976; x_wconf 80' lang='lat' dir='ltr'>Religio</span> <span class='ocrx_word' id='word_1_475' title='bbox 1029 3896 1095 3956; x_wconf 85' lang='lat' dir='ltr'>vult</span> <span class='ocrx_word' id='word_1_476' title='bbox 1148 3905 1268 3962; x_wconf 89' lang='lat' dir='ltr'>tantem</span> <span class='ocrx_word' id='word_1_477' title='bbox 1282 3917 1355 3958; x_wconf 90' lang='lat' dir='ltr'>cum</span> <span class='ocrx_word' id='word_1_478' title='bbox 1369 3896 1542 3977; x_wconf 86' lang='lat' dir='ltr'>pertinacia</span> <span class='ocrx_word' id='word_1_479' title='bbox 1554 3895 1704 3958; x_wconf 90' lang='lat' dir='ltr'>tuebitur.</span> <span class='ocrx_word' id='word_1_480' title='bbox 1717 3891 1916 3975; x_wconf 83' lang='lat' dir='ltr'>Ergoseoulpa</span> 
     </span>
     <span class='ocr_line' id='line_1_41' title="bbox 301 3981 1916 4066; baseline -0.008 -17"><span class='ocrx_word' id='word_1_481' title='bbox 301 3991 336 4049; x_wconf 93' lang='lat' dir='ltr'>nt</span> <span class='ocrx_word' id='word_1_482' title='bbox 350 3987 555 4048; x_wconf 86' lang='lat' dir='ltr'>Sacramenta</span> <span class='ocrx_word' id='word_1_483' title='bbox 572 3985 744 4063; x_wconf 90' lang='lat' dir='ltr'>prudenter</span> <span class='ocrx_word' id='word_1_484' title='bbox 759 3989 790 4046; x_wconf 91' lang='lat' dir='ltr'>et</span> <span class='ocrx_word' id='word_1_485' title='bbox 802 3989 983 4046; x_wconf 87' lang='lat' dir='ltr'>reverenter</span> <span class='ocrx_word' id='word_1_486' title='bbox 997 3984 1094 4045; x_wconf 87' lang='lat' dir='ltr'>admi·</span> <span class='ocrx_word' id='word_1_487' title='bbox 1151 3986 1327 4066; x_wconf 80' lang='lat' dir='ltr'>obstringit,</span> <span class='ocrx_word' id='word_1_488' title='bbox 1340 4004 1403 4066; x_wconf 88' lang='lat' dir='ltr'>qua</span> <span class='ocrx_word' id='word_1_489' title='bbox 1412 3984 1616 4047; x_wconf 88' lang='lat' dir='ltr'>absolutionis</span> <span class='ocrx_word' id='word_1_490' title='bbox 1630 3984 1784 4046; x_wconf 79' lang='lat' dir='ltr'>beneficio</span> <span class='ocrx_word' id='word_1_491' title='bbox 1797 3981 1916 4059; x_wconf 85' lang='lat' dir='ltr'>indigens</span> 
     </span>
     <span class='ocr_line' id='line_1_42' title="bbox 301 4065 1917 4152; baseline -0.007 -16"><span class='ocrx_word' id='word_1_492' title='bbox 301 4075 482 4138; x_wconf 89' lang='lat' dir='ltr'>nistrentur.</span> <span class='ocrx_word' id='word_1_493' title='bbox 496 4073 551 4135; x_wconf 90' lang='lat' dir='ltr'>His</span> <span class='ocrx_word' id='word_1_494' title='bbox 565 4073 662 4152; x_wconf 86' lang='lat' dir='ltr'>igitur</span> <span class='ocrx_word' id='word_1_495' title='bbox 676 4072 820 4134; x_wconf 88' lang='lat' dir='ltr'>omnibus</span> <span class='ocrx_word' id='word_1_496' title='bbox 835 4073 944 4134; x_wconf 89' lang='lat' dir='ltr'>officiis</span> <span class='ocrx_word' id='word_1_497' title='bbox 960 4076 994 4136; x_wconf 89' lang='lat' dir='ltr'>ut</span> <span class='ocrx_word' id='word_1_498' title='bbox 1008 4072 1095 4134; x_wconf 85' lang='lat' dir='ltr'>satis·</span> <span class='ocrx_word' id='word_1_499' title='bbox 1151 4075 1295 4137; x_wconf 83' lang='lat' dir='ltr'>efficitur.</span> <span class='ocrx_word' id='word_1_500' title='bbox 1326 4075 1365 4135; x_wconf 77' lang='lat' dir='ltr'>lit</span> <span class='ocrx_word' id='word_1_501' title='bbox 1391 4091 1466 4134; x_wconf 83' lang='lat' dir='ltr'>vero</span> <span class='ocrx_word' id='word_1_502' title='bbox 1489 4071 1564 4134; x_wconf 89' lang='lat' dir='ltr'>licet</span> <span class='ocrx_word' id='word_1_503' title='bbox 1586 4071 1747 4150; x_wconf 88' lang='lat' dir='ltr'>inculpata</span> <span class='ocrx_word' id='word_1_504' title='bbox 1769 4065 1917 4151; x_wconf 86' lang='lat' dir='ltr'>ignorantia</span> 
     </span>
     <span class='ocr_line' id='line_1_43' title="bbox 301 4159 1917 4249; baseline -0.007 -23"><span class='ocrx_word' id='word_1_505' title='bbox 301 4165 371 4238; x_wconf 87' lang='lat' dir='ltr'>fiat,</span> <span class='ocrx_word' id='word_1_506' title='bbox 387 4166 512 4225; x_wconf 91' lang='lat' dir='ltr'>tenetur</span> <span class='ocrx_word' id='word_1_507' title='bbox 526 4162 680 4224; x_wconf 85' lang='lat' dir='ltr'>Sacerdos</span> <span class='ocrx_word' id='word_1_508' title='bbox 694 4163 788 4224; x_wconf 89' lang='lat' dir='ltr'>talem</span> <span class='ocrx_word' id='word_1_509' title='bbox 803 4162 1026 4223; x_wconf 91' lang='lat' dir='ltr'>moribundum</span> <span class='ocrx_word' id='word_1_510' title='bbox 1040 4161 1097 4222; x_wconf 82' lang='lat' dir='ltr'>ab·</span> <span class='ocrx_word' id='word_1_511' title='bbox 1150 4165 1302 4226; x_wconf 89' lang='lat' dir='ltr'>hactenus</span> <span class='ocrx_word' id='word_1_512' title='bbox 1316 4161 1506 4236; x_wconf 86' lang='lat' dir='ltr'>laborasset,</span> <span class='ocrx_word' id='word_1_513' title='bbox 1523 4159 1710 4221; x_wconf 80' lang='lat' dir='ltr'>confessarii</span> <span class='ocrx_word' id='word_1_514' title='bbox 1729 4163 1845 4233; x_wconf 88' lang='lat' dir='ltr'>tamen,</span> <span class='ocrx_word' id='word_1_515' title='bbox 1858 4169 1917 4249; x_wconf 80' lang='lat' dir='ltr'>qua-</span> 
     </span>
     <span class='ocr_line' id='line_1_44' title="bbox 303 4245 1917 4330; baseline -0.009 -16"><span class='ocrx_word' id='word_1_516' title='bbox 303 4249 1094 4330; x_wconf 83' lang='lat' dir='ltr'>solreresubcanditiono:quoderatprobandum.</span> <span class='ocrx_word' id='word_1_517' title='bbox 1150 4253 1324 4329; x_wconf 88' lang='lat' dir='ltr'>lisonmque</span> <span class='ocrx_word' id='word_1_518' title='bbox 1348 4247 1476 4308; x_wconf 90' lang='lat' dir='ltr'>demum</span> <span class='ocrx_word' id='word_1_519' title='bbox 1498 4246 1550 4307; x_wconf 93' lang='lat' dir='ltr'>ille</span> <span class='ocrx_word' id='word_1_520' title='bbox 1574 4247 1631 4323; x_wconf 89' lang='lat' dir='ltr'>sit,</span> <span class='ocrx_word' id='word_1_521' title='bbox 1657 4245 1833 4320; x_wconf 87' lang='lat' dir='ltr'>auctoritas,</span> <span class='ocrx_word' id='word_1_522' title='bbox 1854 4255 1917 4300; x_wconf 71' lang='lat' dir='ltr'>ana</span> 
     </span>
     <span class='ocr_line' id='line_1_45' title="bbox 345 4327 1916 4419; baseline -0.009 -19"><span class='ocrx_word' id='word_1_523' title='bbox 345 4338 453 4413; x_wconf 75' lang='lat' dir='ltr'>Queat.</span> <span class='ocrx_word' id='word_1_524' title='bbox 470 4341 520 4401; x_wconf 87' lang='grc'>36.</span> <span class='ocrx_word' id='word_1_525' title='bbox 535 4371 576 4384; x_wconf 93' lang='lat'>--</span> <span class='ocrx_word' id='word_1_526' title='bbox 588 4339 636 4399; x_wconf 86' lang='lat' dir='ltr'>Aa</span> <span class='ocrx_word' id='word_1_527' title='bbox 650 4338 741 4418; x_wconf 83' lang='lat' dir='ltr'>possit</span> <span class='ocrx_word' id='word_1_528' title='bbox 759 4347 813 4399; x_wconf 83' lang='lat' dir='ltr'>out</span> <span class='ocrx_word' id='word_1_529' title='bbox 830 4338 929 4400; x_wconf 84' lang='lat' dir='ltr'>debeat</span> <span class='ocrx_word' id='word_1_530' title='bbox 945 4337 1098 4419; x_wconf 81' lang='lat' dir='ltr'>Confesso·</span> <span class='ocrx_word' id='word_1_531' title='bbox 1151 4341 1206 4401; x_wconf 91' lang='lat' dir='ltr'>illa</span> <span class='ocrx_word' id='word_1_532' title='bbox 1219 4336 1390 4400; x_wconf 90' lang='lat' dir='ltr'>admonitio</span> <span class='ocrx_word' id='word_1_533' title='bbox 1405 4340 1500 4416; x_wconf 90' lang='lat' dir='ltr'>atque</span> <span class='ocrx_word' id='word_1_534' title='bbox 1515 4334 1706 4412; x_wconf 88' lang='lat' dir='ltr'>adhortatio,</span> <span class='ocrx_word' id='word_1_535' title='bbox 1714 4333 1786 4416; x_wconf 88' lang='lat' dir='ltr'>jure</span> <span class='ocrx_word' id='word_1_536' title='bbox 1794 4327 1916 4394; x_wconf 89' lang='lat' dir='ltr'>deberent</span> 
     </span>
     <span class='ocr_line' id='line_1_46' title="bbox 303 4421 1915 4508; baseline -0.007 -18"><span class='ocrx_word' id='word_1_537' title='bbox 303 4428 363 4490; x_wconf 70' lang='lat' dir='ltr'>rias</span> <span class='ocrx_word' id='word_1_538' title='bbox 374 4427 557 4508; x_wconf 74' lang='lat' dir='ltr'>paenitentem</span> <span class='ocrx_word' id='word_1_539' title='bbox 572 4425 1003 4490; x_wconf 77' lang='lat' dir='ltr'>absoluereconcrescateotiom</span> <span class='ocrx_word' id='word_1_540' title='bbox 1016 4443 1098 4487; x_wconf 83' lang='lat' dir='ltr'>soora</span> <span class='ocrx_word' id='word_1_541' title='bbox 1152 4425 1296 4506; x_wconf 90' lang='lat' dir='ltr'>imperito</span> <span class='ocrx_word' id='word_1_542' title='bbox 1312 4422 1429 4485; x_wconf 90' lang='lat' dir='ltr'>bomini</span> <span class='ocrx_word' id='word_1_543' title='bbox 1444 4421 1572 4502; x_wconf 84' lang='lat' dir='ltr'>injicere</span> <span class='ocrx_word' id='word_1_544' title='bbox 1588 4421 1794 4502; x_wconf 79' lang='lat' dir='ltr'>Religionem,</span> <span class='ocrx_word' id='word_1_545' title='bbox 1809 4430 1915 4495; x_wconf 73' lang='lat' dir='ltr'>eumque</span> 
     </span>
     <span class='ocr_line' id='line_1_47' title="bbox 304 4512 1915 4596; baseline -0.005 -18"><span class='ocrx_word' id='word_1_546' title='bbox 304 4519 336 4578; x_wconf 83' lang='lat' dir='ltr'>in</span> <span class='ocrx_word' id='word_1_547' title='bbox 350 4535 383 4578; x_wconf 81' lang='lat' dir='ltr'>re</span> <span class='ocrx_word' id='word_1_548' title='bbox 396 4516 438 4578; x_wconf 92' lang='lat' dir='ltr'>od</span> <span class='ocrx_word' id='word_1_549' title='bbox 448 4535 540 4577; x_wconf 82' lang='lat' dir='ltr'>mores</span> <span class='ocrx_word' id='word_1_550' title='bbox 548 4515 712 4596; x_wconf 81' lang='lat' dir='ltr'>pertinente</span> <span class='ocrx_word' id='word_1_551' title='bbox 725 4515 920 4595; x_wconf 84' lang='lat' dir='ltr'>opinantem?</span> <span class='ocrx_word' id='word_1_552' title='bbox 1153 4516 1301 4579; x_wconf 90' lang='lat' dir='ltr'>inducere</span> <span class='ocrx_word' id='word_1_553' title='bbox 1317 4513 1357 4574; x_wconf 89' lang='lat' dir='ltr'>ad</span> <span class='ocrx_word' id='word_1_554' title='bbox 1372 4512 1580 4574; x_wconf 88' lang='lat' dir='ltr'>consulendos</span> <span class='ocrx_word' id='word_1_555' title='bbox 1597 4513 1759 4588; x_wconf 86' lang='lat' dir='ltr'>Doctores,</span> <span class='ocrx_word' id='word_1_556' title='bbox 1775 4517 1915 4583; x_wconf 69' lang='lat' dir='ltr'>eorumque</span> 
     </span>
     <span class='ocr_line' id='line_1_48' title="bbox 345 4591 1915 4684; baseline -0.006 -19"><span class='ocrx_word' id='word_1_557' title='bbox 345 4607 438 4684; x_wconf 89' lang='lat' dir='ltr'>Resp.</span> <span class='ocrx_word' id='word_1_558' title='bbox 463 4603 519 4664; x_wconf 86' lang='lat' dir='ltr'>llio</span> <span class='ocrx_word' id='word_1_559' title='bbox 543 4607 591 4666; x_wconf 88' lang='lat' dir='ltr'>est</span> <span class='ocrx_word' id='word_1_560' title='bbox 613 4603 793 4684; x_wconf 88' lang='lat' dir='ltr'>quaestionis</span> <span class='ocrx_word' id='word_1_561' title='bbox 811 4609 921 4680; x_wconf 88' lang='lat' dir='ltr'>status,</span> <span class='ocrx_word' id='word_1_562' title='bbox 943 4621 1048 4684; x_wconf 91' lang='lat' dir='ltr'>quem,</span> <span class='ocrx_word' id='word_1_563' title='bbox 1065 4609 1100 4664; x_wconf 90' lang='lat' dir='ltr'>nt</span> <span class='ocrx_word' id='word_1_564' title='bbox 1153 4603 1300 4665; x_wconf 91' lang='lat' dir='ltr'>standum</span> <span class='ocrx_word' id='word_1_565' title='bbox 1306 4599 1473 4681; x_wconf 89' lang='lat' dir='ltr'>judicio,si</span> <span class='ocrx_word' id='word_1_566' title='bbox 1484 4598 1670 4662; x_wconf 84' lang='lat' dir='ltr'>Confessarii</span> <span class='ocrx_word' id='word_1_567' title='bbox 1686 4599 1823 4679; x_wconf 90' lang='lat' dir='ltr'>peritiam</span> <span class='ocrx_word' id='word_1_568' title='bbox 1837 4591 1915 4672; x_wconf 71' lang='lat' dir='ltr'>exple</span> 
     </span>
     <span class='ocr_line' id='line_1_49' title="bbox 304 4683 1915 4772; baseline -0.009 -18"><span class='ocrx_word' id='word_1_569' title='bbox 304 4692 426 4756; x_wconf 84' lang='lat' dir='ltr'>facilius</span> <span class='ocrx_word' id='word_1_570' title='bbox 439 4691 641 4771; x_wconf 89' lang='lat' dir='ltr'>intelligatur,</span> <span class='ocrx_word' id='word_1_571' title='bbox 666 4692 698 4751; x_wconf 90' lang='lat' dir='ltr'>in</span> <span class='ocrx_word' id='word_1_572' title='bbox 719 4692 861 4770; x_wconf 81' lang='lat' dir='ltr'>exemplo</span> <span class='ocrx_word' id='word_1_573' title='bbox 884 4691 1027 4772; x_wconf 88' lang='lat' dir='ltr'>subjicio.</span> <span class='ocrx_word' id='word_1_574' title='bbox 1048 4692 1100 4754; x_wconf 86' lang='lat' dir='ltr'>Ti·</span> <span class='ocrx_word' id='word_1_575' title='bbox 1153 4696 1254 4754; x_wconf 88' lang='lat' dir='ltr'>ratam</span> <span class='ocrx_word' id='word_1_576' title='bbox 1268 4689 1344 4752; x_wconf 91' lang='lat' dir='ltr'>satis</span> <span class='ocrx_word' id='word_1_577' title='bbox 1358 4707 1420 4750; x_wconf 93' lang='lat' dir='ltr'>non</span> <span class='ocrx_word' id='word_1_578' title='bbox 1432 4687 1557 4750; x_wconf 89' lang='lat' dir='ltr'>habeat.</span> <span class='ocrx_word' id='word_1_579' title='bbox 1572 4689 1674 4761; x_wconf 85' lang='lat' dir='ltr'>Quare</span> <span class='ocrx_word' id='word_1_580' title='bbox 1685 4706 1758 4750; x_wconf 91' lang='lat' dir='ltr'>cnm</span> <span class='ocrx_word' id='word_1_581' title='bbox 1769 4683 1915 4762; x_wconf 78' lang='lat' dir='ltr'>nihilprop</span> 
     </span>
     <span class='ocr_line' id='line_1_50' title="bbox 305 4763 1914 4860; baseline -0.008 -16"><span class='ocrx_word' id='word_1_582' title='bbox 305 4781 366 4845; x_wconf 91' lang='lat' dir='ltr'>tius</span> <span class='ocrx_word' id='word_1_583' title='bbox 381 4780 535 4842; x_wconf 88' lang='lat' dir='ltr'>Sacerdos</span> <span class='ocrx_word' id='word_1_584' title='bbox 550 4779 588 4840; x_wconf 91' lang='lat' dir='ltr'>de</span> <span class='ocrx_word' id='word_1_585' title='bbox 602 4779 733 4859; x_wconf 91' lang='lat' dir='ltr'>triplicis</span> <span class='ocrx_word' id='word_1_586' title='bbox 755 4783 934 4842; x_wconf 86' lang='lat' dir='ltr'>contractus</span> <span class='ocrx_word' id='word_1_587' title='bbox 948 4779 1100 4860; x_wconf 88' lang='lat' dir='ltr'>injustitia</span> <span class='ocrx_word' id='word_1_588' title='bbox 1153 4784 1240 4843; x_wconf 91' lang='lat' dir='ltr'>terea</span> <span class='ocrx_word' id='word_1_589' title='bbox 1262 4779 1437 4854; x_wconf 86' lang='lat' dir='ltr'>moveatur,</span> <span class='ocrx_word' id='word_1_590' title='bbox 1462 4776 1502 4838; x_wconf 91' lang='lat' dir='ltr'>ab</span> <span class='ocrx_word' id='word_1_591' title='bbox 1526 4775 1687 4856; x_wconf 84' lang='lat' dir='ltr'>inculpata</span> <span class='ocrx_word' id='word_1_592' title='bbox 1709 4771 1871 4856; x_wconf 86' lang='lat' dir='ltr'>ignorantia</span> <span class='ocrx_word' id='word_1_593' title='bbox 1885 4763 1914 4826; x_wconf 75' lang='lat' dir='ltr'>ad</span> 
     </span>
     <span class='ocr_line' id='line_1_51' title="bbox 306 4863 1805 4947; baseline -0.005 -17"><span class='ocrx_word' id='word_1_594' title='bbox 306 4870 384 4930; x_wconf 91' lang='lat' dir='ltr'>nihil</span> <span class='ocrx_word' id='word_1_595' title='bbox 398 4868 561 4945; x_wconf 85' lang='lat' dir='ltr'>dubitans,</span> <span class='ocrx_word' id='word_1_596' title='bbox 578 4868 654 4928; x_wconf 89' lang='lat' dir='ltr'>dnm</span> <span class='ocrx_word' id='word_1_597' title='bbox 668 4869 828 4930; x_wconf 87' lang='lat' dir='ltr'>confitenti</span> <span class='ocrx_word' id='word_1_598' title='bbox 843 4867 1028 4947; x_wconf 90' lang='lat' dir='ltr'>Sempronio</span> <span class='ocrx_word' id='word_1_599' title='bbox 1043 4887 1100 4930; x_wconf 91' lang='lat' dir='ltr'>au·</span> <span class='ocrx_word' id='word_1_600' title='bbox 1153 4867 1362 4945; x_wconf 85' lang='lat' dir='ltr'>spontaneum</span> <span class='ocrx_word' id='word_1_601' title='bbox 1376 4881 1517 4925; x_wconf 90' lang='lat' dir='ltr'>errorem</span> <span class='ocrx_word' id='word_1_602' title='bbox 1530 4869 1638 4942; x_wconf 86' lang='lat' dir='ltr'>aperte</span> <span class='ocrx_word' id='word_1_603' title='bbox 1653 4863 1805 4925; x_wconf 86' lang='lat' dir='ltr'>desciscit.</span> 
     </span>
     <span class='ocr_line' id='line_1_52' title="bbox 306 4941 1914 5038; baseline -0.007 -20"><span class='ocrx_word' id='word_1_604' title='bbox 306 4977 357 5018; x_wconf 89' lang='lat' dir='ltr'>res</span> <span class='ocrx_word' id='word_1_605' title='bbox 371 4956 508 5038; x_wconf 90' lang='lat' dir='ltr'>praebet,</span> <span class='ocrx_word' id='word_1_606' title='bbox 525 4955 661 5018; x_wconf 90' lang='lat' dir='ltr'>advertit</span> <span class='ocrx_word' id='word_1_607' title='bbox 675 4975 747 5017; x_wconf 92' lang='lat' dir='ltr'>cum</span> <span class='ocrx_word' id='word_1_608' title='bbox 761 4955 941 5036; x_wconf 89' lang='lat' dir='ltr'>hujusmodi</span> <span class='ocrx_word' id='word_1_609' title='bbox 957 4960 1101 5017; x_wconf 87' lang='lat' dir='ltr'>contrac—</span> <span class='ocrx_word' id='word_1_610' title='bbox 1193 4953 1269 5014; x_wconf 88' lang='lat' dir='ltr'>Dico</span> <span class='ocrx_word' id='word_1_611' title='bbox 1283 4957 1313 5014; x_wconf 76' lang='lat'>2.</span> <span class='ocrx_word' id='word_1_612' title='bbox 1330 4953 1408 5013; x_wconf 84' lang='lat' dir='ltr'>Cum</span> <span class='ocrx_word' id='word_1_613' title='bbox 1429 4952 1585 5031; x_wconf 85' lang='lat' dir='ltr'>poenitens</span> <span class='ocrx_word' id='word_1_614' title='bbox 1600 4951 1667 5031; x_wconf 92' lang='lat' dir='ltr'>ipse</span> <span class='ocrx_word' id='word_1_615' title='bbox 1686 4956 1734 5013; x_wconf 87' lang='lat' dir='ltr'>cst</span> <span class='ocrx_word' id='word_1_616' title='bbox 1746 4949 1861 5032; x_wconf 88' lang='lat' dir='ltr'>peritus,</span> <span class='ocrx_word' id='word_1_617' title='bbox 1874 4941 1914 5002; x_wconf 77' lang='lat' dir='ltr'>ati</span> 
     </span>
     <span class='ocr_line' id='line_1_53' title="bbox 307 5031 1913 5124; baseline -0.008 -15"><span class='ocrx_word' id='word_1_618' title='bbox 307 5051 357 5109; x_wconf 92' lang='lat' dir='ltr'>tus</span> <span class='ocrx_word' id='word_1_619' title='bbox 380 5045 446 5106; x_wconf 92' lang='lat' dir='ltr'>sine</span> <span class='ocrx_word' id='word_1_620' title='bbox 471 5045 632 5124; x_wconf 83' lang='lat' dir='ltr'>Religione</span> <span class='ocrx_word' id='word_1_621' title='bbox 656 5046 720 5106; x_wconf 87' lang='lat' dir='ltr'>ulla</span> <span class='ocrx_word' id='word_1_622' title='bbox 741 5044 819 5105; x_wconf 91' lang='lat' dir='ltr'>inire</span> <span class='ocrx_word' id='word_1_623' title='bbox 841 5044 978 5106; x_wconf 88' lang='lat' dir='ltr'>solitum.</span> <span class='ocrx_word' id='word_1_624' title='bbox 995 5046 1101 5106; x_wconf 89' lang='lat' dir='ltr'>Monet</span> <span class='ocrx_word' id='word_1_625' title='bbox 1153 5041 1237 5102; x_wconf 79' lang='lat' dir='ltr'>viros</span> <span class='ocrx_word' id='word_1_626' title='bbox 1251 5038 1368 5119; x_wconf 90' lang='lat' dir='ltr'>peritos</span> <span class='ocrx_word' id='word_1_627' title='bbox 1378 5039 1446 5120; x_wconf 85' lang='lat' dir='ltr'>jam</span> <span class='ocrx_word' id='word_1_628' title='bbox 1465 5039 1631 5118; x_wconf 90' lang='lat' dir='ltr'>consuluit,</span> <span class='ocrx_word' id='word_1_629' title='bbox 1654 5043 1749 5120; x_wconf 86' lang='lat' dir='ltr'>atque</span> <span class='ocrx_word' id='word_1_630' title='bbox 1771 5055 1834 5100; x_wconf 89' lang='lat' dir='ltr'>eam</span> <span class='ocrx_word' id='word_1_631' title='bbox 1850 5031 1913 5094; x_wconf 67' lang='lat' dir='ltr'>tend</span> 
     </span>
     <span class='ocr_line' id='line_1_54' title="bbox 307 5119 1912 5215; baseline -0.011 -20"><span class='ocrx_word' id='word_1_632' title='bbox 307 5135 413 5215; x_wconf 90' lang='lat' dir='ltr'>itaque</span> <span class='ocrx_word' id='word_1_633' title='bbox 435 5136 466 5195; x_wconf 88' lang='lat' dir='ltr'>et</span> <span class='ocrx_word' id='word_1_634' title='bbox 487 5136 639 5211; x_wconf 89' lang='lat' dir='ltr'>quantum</span> <span class='ocrx_word' id='word_1_635' title='bbox 659 5131 691 5192; x_wconf 90' lang='lat' dir='ltr'>in</span> <span class='ocrx_word' id='word_1_636' title='bbox 712 5151 745 5193; x_wconf 90' lang='lat' dir='ltr'>se</span> <span class='ocrx_word' id='word_1_637' title='bbox 760 5136 818 5208; x_wconf 91' lang='lat' dir='ltr'>est,</span> <span class='ocrx_word' id='word_1_638' title='bbox 835 5134 946 5194; x_wconf 87' lang='lat' dir='ltr'>suadet</span> <span class='ocrx_word' id='word_1_639' title='bbox 961 5139 995 5194; x_wconf 89' lang='lat' dir='ltr'>ut</span> <span class='ocrx_word' id='word_1_640' title='bbox 1008 5132 1048 5194; x_wconf 87' lang='lat' dir='ltr'>ab</span> <span class='ocrx_word' id='word_1_641' title='bbox 1063 5131 1101 5194; x_wconf 90' lang='lat' dir='ltr'>iis</span> <span class='ocrx_word' id='word_1_642' title='bbox 1155 5129 1352 5197; x_wconf 89' lang='lat' dir='ltr'>sententiam,</span> <span class='ocrx_word' id='word_1_643' title='bbox 1370 5146 1463 5209; x_wconf 86' lang='lat' dir='ltr'>quam</span> <span class='ocrx_word' id='word_1_644' title='bbox 1489 5127 1545 5190; x_wconf 88' lang='lat' dir='ltr'>etsi</span> <span class='ocrx_word' id='word_1_645' title='bbox 1569 5145 1632 5189; x_wconf 92' lang='lat' dir='ltr'>non</span> <span class='ocrx_word' id='word_1_646' title='bbox 1651 5119 1912 5208; x_wconf 81' lang='lat' dir='ltr'>approbetGonlea</span> 
     </span>
     <span class='ocr_line' id='line_1_55' title="bbox 308 5211 1911 5301; baseline -0.009 -18"><span class='ocrx_word' id='word_1_647' title='bbox 308 5223 455 5301; x_wconf 88' lang='lat' dir='ltr'>deinceps</span> <span class='ocrx_word' id='word_1_648' title='bbox 475 5220 631 5282; x_wconf 87' lang='lat' dir='ltr'>abstineat</span> <span class='ocrx_word' id='word_1_649' title='bbox 645 5224 677 5283; x_wconf 90' lang='lat' dir='ltr'>et</span> <span class='ocrx_word' id='word_1_650' title='bbox 688 5224 873 5298; x_wconf 88' lang='lat' dir='ltr'>perceptum</span> <span class='ocrx_word' id='word_1_651' title='bbox 887 5220 1040 5282; x_wconf 88' lang='lat' dir='ltr'>hactenus</span> <span class='ocrx_word' id='word_1_652' title='bbox 1052 5220 1101 5280; x_wconf 90' lang='lat' dir='ltr'>lu·</span> <span class='ocrx_word' id='word_1_653' title='bbox 1154 5217 1266 5293; x_wconf 87' lang='lat' dir='ltr'>sarius,</span> <span class='ocrx_word' id='word_1_654' title='bbox 1284 5221 1438 5278; x_wconf 88' lang='lat' dir='ltr'>attamen</span> <span class='ocrx_word' id='word_1_655' title='bbox 1454 5215 1619 5278; x_wconf 83' lang='lat' dir='ltr'>manifesto</span> <span class='ocrx_word' id='word_1_656' title='bbox 1635 5233 1740 5276; x_wconf 89' lang='lat' dir='ltr'>errore</span> <span class='ocrx_word' id='word_1_657' title='bbox 1755 5211 1911 5292; x_wconf 82' lang='lat' dir='ltr'>implicatam</span> 
     </span>
     <span class='ocr_line' id='line_1_56' title="bbox 308 5289 1910 5388; baseline -0.007 -16"><span class='ocrx_word' id='word_1_658' title='bbox 308 5329 397 5373; x_wconf 92' lang='lat' dir='ltr'>crum</span> <span class='ocrx_word' id='word_1_659' title='bbox 420 5309 564 5372; x_wconf 89' lang='lat' dir='ltr'>restituat</span> <span class='ocrx_word' id='word_1_660' title='bbox 589 5329 596 5370; x_wconf 93' lang='lat'>:</span> <span class='ocrx_word' id='word_1_661' title='bbox 622 5297 773 5388; x_wconf 73' lang='lat' dir='ltr'>negat&#39;se</span> <span class='ocrx_word' id='word_1_662' title='bbox 796 5307 829 5367; x_wconf 90' lang='lat' dir='ltr'>id</span> <span class='ocrx_word' id='word_1_663' title='bbox 853 5306 1010 5371; x_wconf 86' lang='lat' dir='ltr'>facturum</span> <span class='ocrx_word' id='word_1_664' title='bbox 1032 5325 1101 5368; x_wconf 90' lang='lat' dir='ltr'>asse</span> <span class='ocrx_word' id='word_1_665' title='bbox 1155 5325 1218 5368; x_wconf 91' lang='lat' dir='ltr'>non</span> <span class='ocrx_word' id='word_1_666' title='bbox 1246 5305 1375 5367; x_wconf 87' lang='lat' dir='ltr'>damnat</span> <span class='ocrx_word' id='word_1_667' title='bbox 1390 5325 1397 5366; x_wconf 92' lang='lat'>:</span> <span class='ocrx_word' id='word_1_668' title='bbox 1414 5311 1489 5366; x_wconf 88' lang='lat' dir='ltr'>tnnc</span> <span class='ocrx_word' id='word_1_669' title='bbox 1522 5321 1585 5364; x_wconf 93' lang='lat' dir='ltr'>non</span> <span class='ocrx_word' id='word_1_670' title='bbox 1613 5307 1716 5384; x_wconf 91' lang='lat' dir='ltr'>potest</span> <span class='ocrx_word' id='word_1_671' title='bbox 1741 5289 1910 5373; x_wconf 68' lang='lat' dir='ltr'>salomaei</span> 
     </span>
     <span class='ocr_line' id='line_1_57' title="bbox 310 5379 1911 5478; baseline -0.009 -17"><span class='ocrx_word' id='word_1_672' title='bbox 310 5397 529 5478; x_wconf 90' lang='lat' dir='ltr'>Sempronius,</span> <span class='ocrx_word' id='word_1_673' title='bbox 551 5397 635 5477; x_wconf 88' lang='lat' dir='ltr'>quod</span> <span class='ocrx_word' id='word_1_674' title='bbox 646 5395 748 5476; x_wconf 90' lang='lat' dir='ltr'>justos</span> <span class='ocrx_word' id='word_1_675' title='bbox 762 5411 835 5456; x_wconf 88' lang='lat' dir='ltr'>suos</span> <span class='ocrx_word' id='word_1_676' title='bbox 850 5393 1100 5458; x_wconf 85' lang='lat' dir='ltr'>arbitraturesse</span> <span class='ocrx_word' id='word_1_677' title='bbox 1155 5394 1250 5456; x_wconf 89' lang='lat' dir='ltr'>etlam</span> <span class='ocrx_word' id='word_1_678' title='bbox 1264 5393 1359 5456; x_wconf 87' lang='lat' dir='ltr'>debet</span> <span class='ocrx_word' id='word_1_679' title='bbox 1373 5391 1503 5468; x_wconf 89' lang='lat' dir='ltr'>absolvi,</span> <span class='ocrx_word' id='word_1_680' title='bbox 1527 5411 1583 5454; x_wconf 88' lang='lat' dir='ltr'>seu</span> <span class='ocrx_word' id='word_1_681' title='bbox 1600 5391 1808 5454; x_wconf 77' lang='lat' dir='ltr'>confessarius</span> <span class='ocrx_word' id='word_1_682' title='bbox 1823 5387 1869 5447; x_wconf 82' lang='lat' dir='ltr'>iste</span> <span class='ocrx_word' id='word_1_683' title='bbox 1882 5379 1911 5476; x_wconf 60' lang='lat' dir='ltr'>eti</span> 
     </span>
     <span class='ocr_line' id='line_1_58' title="bbox 310 5469 1908 5566; baseline -0.013 -12"><span class='ocrx_word' id='word_1_684' title='bbox 310 5491 501 5554; x_wconf 89' lang='lat' dir='ltr'>contractus.</span> <span class='ocrx_word' id='word_1_685' title='bbox 523 5487 594 5550; x_wconf 79' lang='lat' dir='ltr'>lam</span> <span class='ocrx_word' id='word_1_686' title='bbox 614 5484 775 5566; x_wconf 86' lang='lat' dir='ltr'>quaeritur,</span> <span class='ocrx_word' id='word_1_687' title='bbox 792 5500 832 5544; x_wconf 91' lang='lat' dir='ltr'>an</span> <span class='ocrx_word' id='word_1_688' title='bbox 848 5484 922 5545; x_wconf 92' lang='lat' dir='ltr'>tunc</span> <span class='ocrx_word' id='word_1_689' title='bbox 936 5483 1034 5564; x_wconf 89' lang='lat' dir='ltr'>possit</span> <span class='ocrx_word' id='word_1_690' title='bbox 1047 5487 1102 5546; x_wconf 89' lang='lat' dir='ltr'>aut</span> <span class='ocrx_word' id='word_1_691' title='bbox 1155 5481 1301 5565; x_wconf 89' lang='lat' dir='ltr'>proprius</span> <span class='ocrx_word' id='word_1_692' title='bbox 1315 5481 1383 5564; x_wconf 88' lang='lat' dir='ltr'>ejus</span> <span class='ocrx_word' id='word_1_693' title='bbox 1399 5480 1564 5558; x_wconf 88' lang='lat' dir='ltr'>Sacerdos,</span> <span class='ocrx_word' id='word_1_694' title='bbox 1589 5497 1644 5542; x_wconf 90' lang='lat' dir='ltr'>sen</span> <span class='ocrx_word' id='word_1_695' title='bbox 1666 5479 1828 5560; x_wconf 85' lang='lat' dir='ltr'>delegatus.</span> <span class='ocrx_word' id='word_1_696' title='bbox 1842 5469 1908 5534; x_wconf 73' lang='lat' dir='ltr'>llatw</span> 
     </span>
    </p>
   </div>
   <div class='ocr_carea' id='block_1_13' title="bbox 1979 1857 1982 1950">
    <p class='ocr_par' dir='ltr' id='par_1_13' title="bbox 1979 1857 1982 1950">
     <span class='ocr_line' id='line_1_59' title="bbox 1979 1857 1982 1896; baseline 0 0"><span class='ocrx_word' id='word_1_697' title='bbox 1979 1857 1982 1896; x_wconf 86' lang='lat' dir='ltr'>l</span> 
     </span>
     <span class='ocr_line' id='line_1_60' title="bbox 1980 1925 1982 1950; baseline 0 0"><span class='ocrx_word' id='word_1_698' title='bbox 1980 1925 1982 1950; x_wconf 89' lang='grc' dir='ltr'><strong>ι</strong></span> 
     </span>
    </p>
   </div>
   <div class='ocr_carea' id='block_1_14' title="bbox 1977 1951 1982 2040">
    <p class='ocr_par' dir='ltr' id='par_1_14' title="bbox 1977 1951 1982 2040">
     <span class='ocr_line' id='line_1_61' title="bbox 1977 1951 1982 2040; baseline 0 -10"><span class='ocrx_word' id='word_1_699' title='bbox 1977 1951 1982 2040; x_wconf 85' lang='lat' dir='ltr'>l</span> 
     </span>
    </p>
   </div>
   <div class='ocr_carea' id='block_1_15' title="bbox 0 0 2017 6340">
    <p class='ocr_par' dir='ltr' id='par_1_15' title="bbox 0 0 2017 6340">
     <span class='ocr_line' id='line_1_62' title="bbox 0 0 2017 6340; baseline 0 0"><span class='ocrx_word' id='word_1_700' title='bbox 0 0 2017 6340; x_wconf 95' lang='lat' dir='ltr'> </span> 
     </span>
    </p>
   </div>
  </div>
 </body>
</html>
