3974 6348
316 551 375 628 aot
1035 553 1152 630 0000
1173 555 1239 629 tu.

314 768 370 832 pro
385 753 534 831 utroque,
562 767 624 812 non
653 747 832 814 dicerentur
859 749 1107 828 communicare,
1167 751 1247 812 alter
1256 751 1324 832 jam
1338 751 1562 819 antecedenter
1580 749 1765 820 nominatim
1777 761 1939 820 astercum·

314 840 406 902 Suar.
423 839 490 901 Fili.
508 838 617 918 Regin.
644 839 710 902 Dic.
735 861 766 901 a.
791 842 862 916 aaa,
882 841 1061 920 iterumque
1076 860 1107 902 0.
1164 838 1342 900 manicatus
1364 843 1395 901 07
1418 841 1638 918 denuntiatus,
1663 842 1793 906 incurrit
1816 845 1940 908 eamdem

313 930 384 1003 777,
402 931 512 988 contra
525 927 648 990 Avilarn
662 933 693 990 07
707 928 796 991 07700.
1165 943 1237 986 cum
1250 926 1302 986 illu
1318 928 1673 992 excommunicationem
1689 931 1866 1012 majorema
1878 935 1940 995 lure

246 1015 288 1060 779
353 1013 434 1094 §lt
451 1015 553 1076 Etiam
568 1014 775 1093 prohibentur
797 1021 977 1082 contractus
1002 1036 1110 1081 omnes
1163 1012 1271 1089 latam,
1294 1016 1439 1092 quamvis
1462 1015 1543 1078 alter
1565 1017 1606 1080 ab
1626 1017 1753 1083 bomine
1775 1020 1880 1083 luisset
1899 1038 1942 1082 cx·

315 1102 432 1180 civiles,
449 1106 485 1164 ut
498 1101 648 1179 venditio,
672 1103 800 1183 emptio,
816 1105 940 1183 locatio,
957 1110 1030 1183 070,
1057 1102 1109 1183 qui
1165 1103 1424 1180 communicatur,
1446 1123 1476 1165 v.
1500 1123 1531 1183 g.
1550 1105 1603 1186 qui
1624 1106 1710 1168 toret
1732 1106 1942 1170 contumaciam
1984 1167 1985 1180 ,

314 1195 431 1268 tumen,
448 1190 475 1252 07
497 1191 585 1268 0007,
614 1191 761 1272 utrinque
784 1199 876 1256 arunt
898 1195 1004 1271 validi,
1027 1211 1111 1254 cum·

314 1280 418 1342 munis
433 1297 504 1340 cum
518 1280 618 1348 Krim.
643 1299 673 1342 a.
693 1283 784 1342 2002.
801 1283 892 1344 Valet
906 1301 1031 1364 quoquc
1046 1284 1110 1346 Ma·

314 1367 506 1445 trimonium,
528 1367 612 1448 quod
634 1369 830 1431 contrabitur
843 1370 884 1432 ab
899 1368 1111 1434 excommuni-

314 1456 546 1533 camuranae,
572 1456 713 1534 Castrop.
733 1467 838 1536 punct.
864 1461 913 1536 76,
937 1463 969 1519 07
991 1457 1106 1520 7770007.

312 1564 344 1606 a.
360 1547 429 1621 872,
446 1543 566 1606 addens
580 1545 770 1625 quandoque
785 1547 879 1608 etiam
894 1566 962 1608 esse
977 1545 1107 1608 licitum.

314 1633 406 1696 Valet
419 1633 514 1695 etiam
527 1633 680 1714 professio
704 1635 861 1715 religiosa,
888 1636 992 1698 Pallia.
1008 1635 1107 1696 Krim.

312 1741 394 1784 aum.
412 1723 509 1794 7997;
526 1724 599 1784 0007
619 1721 703 1784 enim
718 1723 806 1803 quasi
821 1727 999 1786 contractus
1022 1727 1109 1784 natu-

311 1807 406 1872 ralea.

244 1905 284 1952 aa
352 1893 428 1976 §ta
445 1897 752 1976 Excommuuioatus,
768 1899 920 1962 toleratus
939 1899 1110 1962 conciona-

311 1983 621 2062 ri‚ve1doceren0n
646 1985 750 2064 dehet,
768 1987 827 2049 nisi
852 1987 1033 2068 requisitus,
1055 1991 1111 2048 ant

312 2071 371 2132 0707
395 2089 432 2130 ex
454 2070 556 2133 070070
577 2071 638 2134 hoc
660 2073 780 2134 solebat
799 2074 920 2151 iacere,
942 2074 1110 2136 tamenim

313 2165 459 2224 censetur
467 2159 585 2239 requiri
600 2179 608 2234 ;
625 2160 772 2222 vitandus
786 2166 892 2225 autem
903 2163 1031 2224 omuino
1046 2180 1110 2224 non

317 2246 421 2324 debet,
437 2247 581 2329 quamvis
595 2248 784 2328 requiratur,
801 2250 876 2329 quia
887 2250 952 2328 ipse
968 2249 1109 2312 absolute

312 2333 499 2416 prohibetur
513 2336 746 2398 communicare
761 2355 833 2398 cum
851 2339 1008 2416 fidelihus,
1030 2343 1061 2399 et
1077 2337 1110 2398 hi

312 2441 385 2486 oum
399 2421 467 2497 illa;
485 2428 628 2483 econtra
650 2421 776 2486 auditor
799 2426 1106 2504 excommunicatus,

315 2510 459 2592 quamvis
481 2510 522 2572 eit
543 2509 700 2589 vitandus,
717 2516 821 2592 007007
833 2514 984 2591 permitti,
1000 2519 1036 2576 ut
1055 2533 1110 2574 au·

314 2599 381 2662 diat
394 2597 590 2674 concionem,
606 2597 674 2660 000
696 2599 780 2660 enim
801 2601 977 2664 assistentia
997 2601 1110 2680 dirige·

313 2690 366 2750 tur
376 2687 417 2748 ad
428 2686 495 2768 ejus
504 2686 748 2760 0000000000ος
767 2687 882 2750 Dicast.
896 2707 977 2752 aueo.
991 2692 1060 2766 708,
1078 2692 1110 2750 07

316 2773 451 2838 habetur
464 2777 539 2854 Cap.
557 2773 858 2856 commeassent.
875 2795 1028 2838 excomm.
1046 2795 1108 2838 non

314 2860 439 2924 videtur
461 2865 567 2923 tamen
591 2860 741 2922 interesse
760 2880 852 2942 00000
874 2864 1000 2924 10077007
1024 2883 1055 2926 v.
1074 2885 1106 2946 g.

312 2948 503 3030 7770070070,
520 2947 595 3028 quia
608 2948 676 3012 haec
698 2967 760 3010 non
774 2951 819 3010 ita
833 2951 951 3012 directe
974 2953 1110 3032 pertinet

313 3037 354 3098 ad
376 3036 509 3099 salutem
531 3036 645 3100 animae
666 3037 716 3098 vel
734 3039 1003 3116 emendationem,
1026 3041 1109 3102 unde

311 3123 472 3205 professor
488 3127 520 3186 07
543 3124 653 3205 reliqui
673 3125 833 3187 auditores
855 3126 1007 3190 deberent
1025 3147 1109 3190 rece-

312 3213 398 3291 dere,
415 3213 440 3274 07
459 3212 530 3276 talis
553 3213 843 3276 excommunicatus
867 3216 1042 3292 accederet,
1064 3215 1109 3278 uti

312 3308 421 3366 contra
443 3301 521 3362 alios
543 3300 750 3381 probabiliter
773 3301 887 3364 docent
915 3303 997 3364 Aril.
1027 3305 1106 3366 Bon.

313 3391 411 3452 Castr.
427 3388 458 3451 d.
474 3392 504 3466 7,
518 3408 550 3470 p.
567 3392 586 3450 9
622 3408 704 3468 aum,
722 3392 775 3462 77;
803 3389 908 3452 Dicaat
930 3411 1011 3452 oum.
1030 3394 1106 3464 557;

1164 1192 1562 1269 excommunicabantur,
1587 1197 1702 1256 utnon
1725 1196 1877 1273 restituat,
1899 1195 1942 1274 qui
1983 1187 1985 1192 ’

1163 1279 1276 1340 suadet
1297 1284 1331 1344 ut
1351 1281 1383 1340 in
1405 1281 1517 1342 eodem
1541 1281 1672 1342 crimine
1691 1289 1880 1362 perseueret.
1902 1281 1944 1362 qui

1164 1368 1319 1445 approbet
1333 1368 1451 1430 crimen
1474 1370 1515 1430 ab
1530 1370 1590 1431 alio
1611 1370 1729 1434 factum
1753 1372 1876 1436 nomine
1888 1389 1943 1434 auo.

1163 1459 1266 1535 Atque
1281 1457 1324 1518 ita
1334 1457 1458 1518 videtur
1472 1457 1598 1520 decerni
1615 1460 1692 1537 Cap.
1709 1457 1824 1540 Nuper,
1840 1463 1870 1522 ct
1882 1460 1944 1537 Gap.

1165 1543 1204 1604 Si
1217 1543 1394 1622 concubina,
1410 1547 1455 1606 Da
1470 1552 1549 1606 seut.
1568 1564 1725 1610 excomm.
1747 1549 1786 1610 llt
1806 1547 1883 1610 ratic
1902 1547 1947 1608 da-

1163 1635 1225 1707 tur,
1238 1635 1304 1694 tum
1324 1632 1398 1712 quia
1411 1637 1541 1710 agentes
1557 1636 1588 1694 07
1602 1635 1836 1698 consentientes
1850 1634 1946 1696 eaden

1164 1720 1370 1800 poenapuniri
1386 1719 1511 1798 debent,
1528 1720 1710 1798 tumeliam,
1727 1721 1948 1802 qniasicagau

1162 1807 1335 1870 contemnit
1351 1809 1687 1886 excommunicantem,
1705 1816 1801 1890 atque
1816 1811 1892 1874 adeo
1910 1810 1947 1872 di·

1163 1914 1244 1974 gnus
1258 1902 1305 1956 est
1318 1915 1413 1975 poena
1426 1899 1466 1960 ab
1481 1915 1518 1958 en
1532 1899 1606 1974 lata,
1625 1898 1731 1964 970007
1744 1897 1775 1962 d.
1794 1903 1827 1976 7,
1843 1917 1861 1960 0
1875 1917 1945 1962 000.

1163 1988 1234 2062 507,
1250 1985 1358 2048 etalii.
1375 1986 1407 2048 Si
1422 1991 1529 2048 autem
1543 1987 1613 2066 quis
1627 1987 1770 2064 suadeat,
1784 1988 1838 2050 rel
1851 2005 1947 2066 00000-

1164 2078 1251 2136 00700
1265 2073 1305 2134 ad
1320 2078 1435 2143 actum.
1452 2093 1514 2156 quo
1529 2077 1608 2136 alter
1628 2076 1731 2154 primo
1752 2076 1892 2138 incurret
1908 2094 1949 2136 er·

1165 2162 1501 2242 communicationem,
1533 2164 1727 2243 probabilius
1755 2169 1805 2228 007
1834 2181 1949 2244 peccare

1164 2250 1291 2330 quidem
1306 2252 1490 2329 mortaliter,
1506 2253 1563 2316 sed
1585 2269 1647 2314 000
1663 2253 1828 2316 incurrere
1844 2269 1967 2316 excom.

1163 2338 1418 2416 mutuationem,
1436 2339 1511 2420 quia
1526 2340 1565 2402 de
1580 2341 1634 2404 tali
1650 2359 1713 2404 non
1725 2342 1897 2421 loquuntur
1907 2342 1949 2402 70

1164 2444 1200 2488 00
1223 2443 1292 2505 quae
1320 2434 1501 2505 supponunt
1537 2429 1895 2493 excommunicationem
1918 2427 1950 2489 ab

1164 2514 1307 2576 adultero
1318 2513 1386 2594 jam
1400 2533 1468 2578 esse
1483 2521 1690 2592 contractam,
1708 2517 1829 2580 Sanch.
1845 2516 1880 2580 de
1895 2515 1950 2577 770·

1164 2603 1243 2664 trim.
1261 2601 1314 2664 lib.
1339 2607 1369 2680 7,
1386 2602 1416 2664 d.
1439 2606 1489 2666 78.
1508 2604 1623 2666 Dicast.
1650 2623 1731 2666 uam.
1758 2607 1832 2684 509,
1857 2609 1951 2668 000700

1163 2692 1241 2752 07700
1256 2691 1345 2763 Quod
1367 2693 1394 2752 si
1415 2692 1557 2769 suadeat,
1582 2693 1631 2754 rel
1646 2698 1848 2771 cooperetur,
1864 2693 1951 2756 0070-
1982 2774 1983 2777 ¹

1162 2780 1226 2842 lem
1247 2783 1352 2840 actum
1369 2781 1587 2859 repetendum,
1604 2800 1635 2842 v.
1652 2799 1684 2860 g.
1711 2781 1826 2861 siquis
1842 2797 1950 2842 excom·
1972 2795 1976 2805 ’

1164 2868 1344 2932 manicatus
1367 2869 1408 2930 077
1424 2873 1555 2949 propter·
1569 2869 1824 2948 percussaionem
1842 2867 1949 2944 Clerici,

1164 2965 1196 3024 et
1210 2961 1289 3022 alter
1303 2957 1436 3020 suadeat
1449 2956 1519 3036 ipsi,
1536 2960 1571 3017 ut
1594 2957 1708 3020 iterum
1728 2958 1895 3036 percutiat,
1909 2955 1952 3018 07-

1164 3055 1242 3112 cast.
1265 3068 1347 3110 aum.
1373 3049 1443 3123 575,
1459 3049 1550 3124 00707
1568 3063 1631 3106 000
1655 3047 1822 3108 incurrere
1844 3062 1952 3108 excom

1164 3137 1425 3211 manicationem,
1443 3134 1595 3214 quianon
1618 3133 1788 3212 0007707007
1802 3135 1836 3196 70
1855 3133 1951 3198 eodem

1164 3223 1247 3294 0070,
1270 3220 1401 3296 0000700
1429 3232 1523 3292 quem
1548 3213 1690 3290 incurrit,
1707 3213 1764 3274 sed
1786 3213 1952 3294 oppositum

1163 3304 1288 3368 videtur
1306 3303 1411 3368 verius
1424 3319 1497 3366 cum
1510 3301 1601 3362 Suar.
1624 3301 1707 3363 Satis
1721 3301 1810 3362 enim
1820 3297 1951 3381 estquod

1164 3391 1205 3454 sit
1218 3391 1303 3452 idem
1319 3389 1423 3469 000070
1447 3391 1547 3464 00700,
1571 3387 1715 3466 quamvis
1738 3405 1803 3448 non
1822 3387 1951 3450 attidem

311 3477 410 3540 Krim.
426 3496 507 3538 uam.
524 3479 612 3554 7970,
629 3477 773 3557 quamvis
786 3483 897 3558 postea
917 3499 997 3542 rrum.
1018 3484 1106 3558 7970,

312 3564 419 3626 faveat
433 3562 585 3645 00000770
599 3563 773 3626 sententiae.

243 3668 287 3719 ma
351 3653 440 3732 git.
464 3651 497 3714 Si
518 3652 807 3718 excommunicatus
829 3653 975 3718 vitandos
1000 3657 1111 3718 0770007
1164 3655 1326 3717 moraliter
1340 3659 1473 3733 repetat.

313 3739 440 3820 aliquod
454 3739 595 3802 debitum
608 3739 698 3803 titulo
705 3740 847 3822 justitiae,
859 3742 982 3804 admitti
994 3748 1107 3823 007007,
1204 3744 1222 3822 §
1244 3746 1273 3804 2.
1296 3741 1428 3814 Quando
1450 3742 1554 3806 Jndex
1582 3742 1643 3804 7007
1665 3739 1952 3808 excommunicatio

312 3829 375 3894 imo
390 3829 431 3890 ed
444 3828 630 3890 solvendum
643 3830 788 3909 compelli
803 3833 907 3912 potest
926 3831 1020 3894 ctiam
1035 3850 1111 3892 cen·
1165 3849 1237 3894 nam
1253 3830 1404 3910 majorem
1419 3835 1529 3892 contra
1552 3847 1617 3908 000,
1640 3830 1696 3911 qui
1716 3831 1951 3910 quomodocum·

314 3918 407 3996 00070,
424 3935 498 3979 nam
509 3919 584 3997 Cap.
601 3918 639 3978 Si
650 3936 725 3996 uere,
742 3918 781 3980 de
796 3923 874 3981 sent.
893 3938 1045 3984 excomm.
1063 3921 1110 3982 di·
1165 3939 1226 4000 que
1240 3917 1430 3998 participant
1443 3935 1517 3980 cum
1530 3917 1636 3997 aliqua
1656 3919 1952 3982 excommunicator

314 4005 396 4068 citur
424 4005 463 4067 at
490 4006 746 4068 excommunicatis
767 4007 851 4088 00707
869 4015 897 4068 et
917 4008 1012 4089 recipi
1028 4027 1111 4089 pasce
1165 4027 1209 4085 se,
1227 4013 1260 4070 ut
1274 4007 1338 4068 vim
1353 4005 1470 4068 habeat
1484 4005 1780 4084 excommunicatio,
1801 4007 1952 4070 debeter

311 4093 391 4176 qaod
411 4093 538 4172 detetur,
559 4093 636 4156 07700
653 4092 827 4155 0000000707
848 4113 897 4156 000
916 4095 1055 4160 damnum
1073 4116 1111 4158 00
1165 4094 1413 4156 communicatus
1428 4112 1491 4156 non
1506 4112 1575 4156 esse
1596 4093 1759 4170 toleratus,
1782 4101 1818 4158 07
1839 4091 1953 4174 partici-

309 4183 492 4265 pceniteutia,
508 4183 566 4264 0007
578 4201 644 4244 uero
655 4183 1111 4264 premiumcccnatumaciare-
1164 4199 1243 4260 pana
1257 4182 1344 4261 prius
1363 4185 1411 4243 ter
1432 4179 1616 4244 nominatim
1640 4185 1690 4242 007
1711 4183 1900 4259 mouendus,
1914 4179 1951 4244 ua·
1981 4218 1984 4219 ν

309 4280 438 4352 portare.
455 4270 488 4334 Si
508 4273 618 4332 000007
631 4271 749 4351 aliquid
770 4289 849 4351 pura
863 4271 1047 4349 liberaliter,
1062 4290 1110 4332 re
1164 4269 1258 4345 alias,
1288 4269 1414 4347 quando
1443 4271 1490 4328 007
1513 4267 1795 4332 excommunicatio
1826 4266 1951 4330 feranda

307 4361 363 4442 jici
387 4359 490 4435 debet,
508 4363 540 4420 et
560 4359 703 4440 quamvis
718 4364 828 4440 000007
843 4365 1024 4439 000007000,
1047 4378 1109 4422 000
1162 4355 1336 4432 sententiae,
1353 4355 1399 4416 uti
1413 4355 1522 4418 statuit
1530 4356 1599 4416 lun.
1616 4356 1668 4418 111.
1686 4357 1761 4434 Gap.
1779 4354 1949 4432 8707070000,

311 4453 417 4510 tumen
438 4445 587 4524 retinens,
605 4446 680 4526 quie
703 4464 766 4508 non
781 4447 852 4508 ideo
874 4446 1012 4526 amplios
1024 4465 1112 4510 0000-
1164 4446 1209 4505 Ita
1223 4448 1302 4506 sent.
1320 4461 1474 4506 excomm.
1492 4444 1608 4507 Dicast.
1623 4463 1645 4507 a
1657 4463 1738 4506 nam.
1753 4447 1829 4524 357,
1840 4445 1894 4508 ubi
1906 4461 1952 4508 uo·

310 4533 466 4608 manicat,
488 4532 587 4594 Gibal.
610 4533 709 4594 Krim.
736 4552 816 4594 nam.
842 4537 930 4613 7999,
944 4535 977 4606 07
1001 4537 1111 4598 offerat
1164 4535 1211 4594 tat
1223 4531 1308 4594 circa
1321 4531 1596 4610 participationem
1614 4543 1687 4594 oum
1711 4532 1952 4596 excommunica·

310 4619 477 4699 pecuniam
492 4625 613 4698 petens,
632 4625 666 4683 ut
679 4639 736 4700 pro
752 4640 785 4682 sa
805 4626 923 4698 oretur,
941 4622 1039 4684 Gibal.
1065 4623 1111 4684 di·
1164 4620 1202 4682 tis
1222 4621 1262 4682 ab
1284 4619 1344 4682 alio
1373 4620 1568 4700 probabilius
1591 4637 1660 4682 0000
1686 4637 1747 4682 000
1766 4622 1898 4700 requiri,
1923 4623 1953 4685 07

311 4707 354 4770 077
368 4726 435 4770 0000
445 4708 660 4790 rejiciendam,
678 4709 799 4788 exeipit
811 4710 911 4772 Krim.
923 4731 1003 4774 aum.
1020 4714 1107 4788 7977,
1163 4708 1397 4787 participantes,
1411 4709 1459 4772 uel
1471 4708 1733 4773 excommunicati
1745 4709 1949 4776 nominentur.

311 4795 370 4858 uisi
381 4797 491 4860 alienat
500 4816 556 4876 par
565 4797 695 4860 modum
704 4799 914 4877 eleemosyna
928 4819 936 4874 3
949 4800 1005 4862 sed
1015 4799 1109 4862 credo
1205 4794 1313 4872 Quart.
1330 4799 1379 4858 32.
1395 4831 1435 4844 -
1451 4795 1531 4872 Quid
1542 4791 1711 4860 addendam
1731 4794 1774 4858 077
1795 4797 1880 4860 circa
1891 4815 1951 4857 000-

311 4884 487 4949 etiamtum
501 4885 622 4948 admitti
637 4903 741 4964 posse,
760 4885 786 4946 07
811 4889 933 4966 offerat,
949 4894 985 4950 ut
1000 4907 1056 4968 pro
1075 4906 1109 4950 se
1162 4903 1218 4962 aar,
1235 4884 1270 4946 ob
1284 4903 1356 4966 quaa
1370 4883 1534 4966 aliquando
1548 4883 1633 4946 licita
1647 4879 1952 4946 aerumnosarum

311 4969 493 5054 simpliciter
507 4978 624 5053 oretur,
643 4974 717 5052 quia
731 4974 763 5036 in
778 4973 816 5036 iis
831 4992 901 5055 quae
917 4976 958 5038 ad
977 4977 1110 5040 salutem
1163 4992 1229 5034 oum
1246 4973 1522 5034 eucuurmam'cato?
1543 4975 1638 5050 Resp.
1663 4972 1682 5050 fi
1696 4974 1711 5033 7
1727 4991 1734 5032 ε
1754 4973 1834 5050 Gap.
1849 4975 1898 5048 57,
1913 4971 1950 5034 ne

310 5060 423 5120 animae
437 5059 505 5140 ejus
519 5065 672 5140 spectant,
689 5062 884 5141 permittitur
894 5081 966 5124 cum
978 5083 1015 5126 eo
1026 5081 1108 5126 com
1162 5064 1242 5122 sent.
1264 5077 1384 5122 excom.
1408 5059 1453 5120 sic
1476 5059 1634 5120 babetur:
1660 5077 1727 5120 cam
1747 5057 1900 5122 uoluntate
1922 5075 1952 5118 00

309 5146 491 5224 manicatio,
508 5148 681 5208 seeundum
697 5149 833 5210 dicenda
846 5169 877 5210 a.
895 5152 965 5212 085.
1158 5149 1310 5229 proposito
1332 5146 1482 5229 curteficia
1502 5145 1737 5226 delinquuntur,
1759 5143 1952 5208 0000000007-

241 5249 283 5298 tat
353 5232 459 5309 00007.
476 5231 667 5310 tit-Ouid
684 5233 846 5296 notandum
868 5236 909 5298 077
927 5235 962 5297 de
979 5237 1109 5318 partici-
1162 5237 1287 5296 cationis
1308 5235 1477 5298 seutorte'am
1491 5253 1550 5296 aaa
1564 5235 1702 5311 incurret,
1721 5235 1778 5315 qui
1795 5251 1952 5298 0070700000

306 5323 507 5404 polianorum
520 5323 896 5406 eacaamaaioatotltesp.
909 5327 1106 5404 Haecpauca,
1162 5324 1259 5388 nirata
1273 5324 1303 5386 70
1317 5324 1363 5386 dte
1375 5341 1442 5404 qua
1463 5321 1503 5385 ad
1525 5321 1736 5384 0700700000
1757 5322 1806 5384 cel
1826 5323 1901 5384 0000
1918 5313 1954 5382 ad

308 5411 375 5490 51.
399 5410 458 5482 Oui
476 5410 611 5474 scienter
631 5415 662 5472 et
681 5409 862 5475 notabiliter
884 5411 1105 5490 communicat,
1161 5412 1283 5473 calmem
1296 5411 1403 5472 aalma
1414 5409 1573 5490 pertineat,
1586 5409 1767 5470 7070000000
1774 5409 1952 5490 000-70070077

311 5515 365 5560 000
380 5497 587 5584 participatio
603 5498 715 5562 eodem
729 5497 798 5576 ipso
814 5505 954 5578 0000070,
968 5498 1008 5560 ob
1023 5497 1108 5578 quod
1163 5497 1228 5560 licet
1241 5497 1330 5559 ctiam
1354 5496 1414 5558 alia
1434 5495 1521 5558 verbo
1540 5493 1720 5572 incidenter,
1744 5504 1778 5558 ut
1796 5494 1879 5576 apud
1892 5509 1949 5556 ern

1165 3499 1315 3556 numero,
1340 3477 1477 3540 maxime
1498 3493 1570 3538 cum
1594 3495 1653 3554 par
1675 3476 1736 3538 hoc
1760 3477 1851 3556 prior
1875 3475 1952 3557 quasi

1165 3567 1370 3630 confirmetur
1392 3565 1424 3624 in
1445 3566 1518 3626 actu
1540 3566 1634 3626 antea
1652 3568 1792 3643 patrata,
1815 3565 1952 3644 illumque
