3974 6348
328 577 386 636 351
1033 571 1150 636 ruauh
1171 570 1237 634 Vll.

327 765 362 822 ut
374 760 469 822 iidem
484 759 598 820 docent
611 776 683 819 cum
700 757 843 820 blenoch.
862 758 882 820 l.
899 763 929 836 6,
944 768 1115 841 prcesnmpt.
1174 777 1371 836 consecrare,
1388 760 1438 820 vel
1462 758 1636 838 absolvere,
1654 759 1731 834 quia
1753 778 1816 822 non
1836 765 1879 822 est
1895 778 1945 821 aar·

325 853 375 926 59,
392 868 423 910 e.
440 850 491 909 61.
1173 849 1254 927 plius
1269 867 1348 926 mas,
1366 848 1415 909 eui
1436 849 1492 910 soli
1517 867 1555 910 ex
1579 850 1742 911 voluntate
1757 850 1866 912 Christi
1878 867 1945 910 con-

258 931 299 974 ⁴⁹⁵
365 937 383 1015 §
397 941 425 998 1.
442 934 645 1014 Epilcpticus,
659 933 710 1014 qui
727 935 894 1017 aliquando
911 936 1020 997 habuit
1034 953 1120 996 mor·
1173 937 1252 1015 petit
1266 940 1404 1015 potestas
1418 936 1632 1014 sacerdotalis,
1645 939 1734 1017 Lugo
1751 938 1782 997 in
1797 936 1943 1017 Respnor.

324 1024 400 1084 bum
415 1022 580 1098 caducum,
596 1040 653 1100 per
667 1041 700 1082 se
714 1022 873 1103 loquendo
897 1028 945 1085 θεῖ
962 1025 993 1084 in
1009 1042 1120 1104 perpe·
1174 1023 1194 1084 l.
1222 1027 1251 1098 1,
1268 1022 1338 1084 dot.
1355 1025 1404 1100 31,
1427 1023 1482 1084 ubi
1504 1022 1717 1102 pariformiter
1740 1023 1843 1100 docet,
1858 1023 1880 1084 si
1893 1023 1946 1084 talis

323 1119 413 1174 tuum
436 1111 582 1172 inhabilis
605 1111 644 1171 ad
668 1111 801 1173 Ordines
822 1112 1051 1192 suscipiendos
1075 1114 1120 1175 uti
1174 1116 1257 1173 esset
1271 1111 1302 1172 in
1320 1111 1482 1190 Religioue
1497 1111 1639 1189 professa
1653 1112 1702 1172 vel
1719 1111 1872 1190 nupsisset
1883 1112 1945 1188 viro,
1984 1161 1985 1180 ,

324 1217 396 1260 cum
411 1197 567 1260 communi
583 1199 698 1258 Bonae.
722 1198 764 1258 De
782 1199 875 1279 iri-eq.
895 1220 924 1281 q.
943 1203 972 1276 1,
988 1218 1021 1281 p.
1039 1205 1068 1275 1,
1085 1222 1116 1260 n.
1174 1203 1205 1261 et
1228 1203 1337 1278 postea
1360 1199 1546 1278 prevaleret
1568 1217 1661 1260 sexus
1685 1199 1799 1276 virilis,
1825 1199 1880 1260 hoc
1895 1198 1946 1277 ipso
1984 1243 1985 1246 η

324 1291 373 1366 11,
390 1291 540 1362 attamen,
557 1284 631 1366 quia
644 1286 745 1347 multa
757 1287 1119 1368 relinquunturarbitrio
1174 1288 1398 1350 annullandam
1420 1287 1646 1366 professionem
1668 1292 1700 1349 et
1722 1288 1946 1350 Matrimonium.

323 1376 566 1456 Episcoporum,
584 1373 680 1434 habet
693 1373 799 1451 praxis
813 1375 903 1436 inhia
918 1375 1070 1455 partibus,
1087 1379 1121 1435 ut
1216 1375 1323 1450 Oeoest.
1340 1379 1390 1436 65.
1412 1372 1556 1450 -Ouid
1577 1373 1744 1437 adderrdum
1766 1377 1809 1437 sit
1827 1377 1900 1438 circo
1913 1375 1948 1436 de

323 1481 396 1523 eum
411 1461 579 1523 admittant
593 1460 633 1521 ad
648 1458 792 1538 Ordines,
810 1461 862 1542 qui
883 1481 941 1540 per
957 1460 1120 1521 biennium
1173 1465 1267 1546 fectus
1295 1463 1452 1545 corporei?
1474 1467 1568 1543 Resp.
1594 1465 1612 1543 ᾖ
1644 1468 1672 1526 1.
1698 1469 1747 1526 An
1770 1465 1824 1526 ille
1853 1465 1898 1544 qui
1917 1465 1947 1526 ob
1980 1457 1982 1459 ’

323 1551 403 1613 liber
416 1550 485 1627 fuit,
503 1548 577 1628 quia
591 1553 658 1610 tum
673 1548 812 1609 creditur
825 1549 1119 1629 superassemalum
1173 1552 1284 1615 vitium
1318 1554 1459 1632 corporis
1481 1553 1627 1614 inhabilis
1659 1560 1706 1615 est
1737 1553 1778 1615 ad
1805 1552 1947 1630 Presbpte·

323 1659 380 1720 per
395 1644 550 1700 naturam.
568 1637 657 1710 Quod
672 1638 697 1698 si
712 1656 769 1717 per
782 1643 903 1718 septem
923 1657 1022 1700 anuos
1039 1636 1119 1697 liber
1174 1640 1267 1717 rium,
1286 1639 1380 1700 etiam
1395 1639 1435 1700 sit
1450 1639 1595 1700 inhabilis
1610 1640 1651 1700 ad
1665 1640 1831 1701 inferiores
1840 1639 1947 1702 Ordines

324 1730 428 1806 fuerit,
444 1727 567 1808 putavit
589 1727 638 1787 vir
660 1727 791 1788 eximius
808 1747 827 1788 a
842 1746 892 1788 me
909 1728 1119 1805 interrogatus
1174 1733 1205 1789 θῖ
1226 1728 1415 1790 clericatum
1439 1727 1691 1807 suscipiendum
1705 1732 1750 1801 ,θῖ
1771 1727 1847 1808 quid
1863 1727 1948 1788 dicen·
1983 1733 1985 1742 ’

323 1835 414 1897 posse
431 1817 526 1878 etiam
539 1833 602 1876 non
617 1815 824 1893 admonitum,
845 1835 882 1878 ac
896 1817 962 1876 sine
978 1816 1120 1876 declara·
1175 1817 1250 1876 dum
1274 1815 1333 1892 sit,
1360 1815 1384 1874 si
1410 1814 1596 1876 Clericatum
1617 1815 1747 1876 habenti
1771 1813 1947 1894 superveniat

323 1905 409 1966 tione
429 1903 573 1983 Episcopi
597 1903 728 1966 Ordines
747 1905 923 1983 suscipere,
946 1905 1020 1984 quia
1048 1922 1119 1964 cum
1175 1904 1354 1964 inhabilitas
1369 1903 1410 1964 ad
1425 1902 1608 1965 exercitium
1627 1902 1731 1980 unius,
1749 1903 1807 1964 sed
1821 1919 1879 1964 uon
1891 1901 1947 1963 alte·

325 1993 457 2072 singulis
471 1993 640 2072 septenniis
656 1996 768 2054 natura
782 1994 870 2076 quasi
890 1994 1073 2054 immutetur
1088 1996 1120 2053 et
1174 1992 1239 2052 rius
1263 1991 1388 2053 Ordinis
1412 1991 1475 2052 dixi
1498 1992 1519 2053 l.
1542 1995 1572 2069 1,
1598 2011 1630 2053 n.
1646 1995 1718 2069 780,
1734 1993 1796 2052 183
1811 1995 1841 2054 et
1853 1992 1872 2052 l.
1885 1993 1910 2066 6,
1922 2009 1944 2068 p.

325 2087 442 2143 statum
457 2083 608 2156 resumat,
620 2079 645 2140 si
655 2078 759 2141 adhuc
773 2081 977 2160 superfuisset
986 2079 1120 2140 materia
1174 2085 1203 2160 1,
1222 2101 1253 2142 n.
1271 2084 1360 2142 1111.

324 2169 443 2247 critica,
461 2173 622 2230 causasset
641 2167 761 2229 interea
784 2169 922 2250 aliquem
946 2185 1117 2229 accessum.
1213 2171 1281 2248 §2
1316 2168 1373 2241 Oui
1402 2169 1498 2230 habet
1533 2175 1702 2250 utrumque
1733 2169 1858 2230 oculum
1886 2167 1970 2227 inte

324 2259 358 2320 Si
372 2257 533 2319 ordinatos
544 2257 594 2335 sit,
607 2257 751 2337 quamvis
761 2276 824 2319 nen
836 2259 962 2320 omnino
973 2259 1013 2319 sit
1026 2256 1116 2331 liber,
1174 2277 1277 2338 grum,
1295 2256 1350 2318 sed
1365 2256 1442 2316 nihil
1458 2257 1543 2319 videt
1557 2257 1694 2334 sinistro,
1710 2255 1879 2318 dummodo
1892 2253 1946 2315 dex·

323 2350 427 2409 tamen
456 2345 481 2406 si
502 2363 572 2406 rare
597 2345 700 2420 eadat,
725 2364 782 2406 uec
804 2350 946 2425 spumet,
972 2344 1120 2423 privatim
1173 2353 1222 2408 ter
1245 2347 1355 2407 oculus
1370 2363 1408 2408 ea
1422 2346 1452 2406 vi
1467 2345 1595 2406 videndi
1609 2346 1736 2424 polleat,
1753 2349 1791 2407 ut
1804 2343 1942 2406 commode

323 2433 438 2513 poterit
460 2432 619 2494 celebrare
644 2432 792 2513 adjuncto
821 2432 904 2494 socio
934 2431 1116 2508 Sacerdote,
1173 2434 1337 2514 possitilla
1360 2435 1466 2496 omnia
1488 2434 1593 2514 legere
1615 2434 1682 2496 sine
1704 2433 1855 2496 indecere
1875 2431 1943 2492 leciri

324 2521 375 2602 qui
391 2521 518 2584 Missam
532 2520 684 2599 perficiat,
710 2521 735 2582 si
757 2522 837 2583 forte
854 2521 964 2581 morbo
980 2520 1119 2598 corripe·
1174 2522 1377 2584 conversione
1392 2521 1432 2582 ad
1447 2522 1610 2600 populum,
1627 2539 1690 2584 non
1706 2525 1755 2584 est
1768 2519 1943 2600 irregularia

323 2614 421 2685 retur,
434 2611 509 2688 Gap.
523 2609 619 2676 Illud,
634 2613 670 2671 15
686 2614 792 2690 etseq.
806 2614 940 2687 causa'l,
952 2629 983 2689 q.
998 2614 1026 2686 1,
1038 2611 1115 2669 Nav.
1173 2615 1208 2671 ut
1230 2613 1335 2671 autem
1357 2610 1417 2671 hoc
1441 2610 1637 2671 commodius
1656 2609 1768 2689 possit,
1785 2609 1946 2688 potestllie

324 2701 428 2775 haym.
447 2696 601 2776 Pirriugh.
620 2695 689 2772 l.l,
714 2697 761 2758 tit.
786 2702 835 2775 10,
862 2717 893 2759 u.
918 2701 975 2770 11;
994 2703 1116 2776 tempus
1174 2699 1383 2761 salutantum
1407 2698 1507 2777 magis
1531 2699 1569 2759 ad
1600 2698 1742 2758 medium
1765 2696 1892 2772 attrahi,
1912 2694 1945 2754 uti

326 2792 431 2848 autem
448 2784 532 2865 quod
555 2785 648 2845 datur
668 2784 722 2846 tali
737 2785 882 2848 ordinato
897 2786 938 2847 ad
953 2787 1119 2865 exploran-
1173 2790 1287 2866 praeter
1308 2785 1419 2847 citatos
1434 2804 1452 2846 a
1472 2786 1620 2848 Busemh.
1638 2790 1748 2848 tenent
1763 2787 1840 2846 Nav.
1864 2782 1944 2855 Avila

325 2875 400 2936 dum
414 2893 454 2936 an
474 2873 677 2949 convaluerit,
704 2876 751 2935 est
773 2873 909 2952 spatium
934 2873 1025 2934 unius
1044 2871 1117 2934 anni
1173 2874 1245 2936 Mol.
1272 2875 1362 2936 Suar.
1380 2875 1476 2952 Vasq.
1504 2874 1557 2948 Sa,
1582 2872 1672 2933 Dian.
1693 2890 1726 2952 p.
1742 2875 1774 2938 1,
1792 2880 1815 2932 t.
1831 2873 1859 2948 1,
1873 2868 1904 2930 R.
1916 2868 1945 2926 13

325 2963 389 3024 sive
405 2962 489 3025 aliud
503 2980 560 3041 pro
576 2960 704 3023 arbitrio
719 2961 876 3041 Episcopi,
896 2961 1044 3040 spectatis
1058 2960 1119 3022 cir·
1173 2968 1204 3023 et
1220 2982 1255 3043 p.
1280 2964 1310 3038 5,
1327 2969 1365 3022 tr.
1389 2964 1418 3037 6,
1442 2959 1480 3022 R.
1498 2963 1553 3032 11;
1572 2959 1640 3022 Dic.
1659 2959 1689 3020 d.
1707 2964 1738 3032 1,
1754 2979 1786 3020 n.
1810 2961 1864 3020 113
1876 2978 1882 3030 ;
1896 2955 1943 3016 Pir·

325 3049 530 3113 cumstantiis.
1173 3051 1277 3129 riugh.
1296 3048 1317 3110 l.
1340 3053 1369 3126 1,
1385 3048 1433 3110 u't.
1450 3051 1500 3125 10,
1516 3067 1547 3112 a.
1564 3050 1594 3125 6,
1617 3051 1728 3127 Laym.
1748 3047 1773 3110 Ι.
1791 3052 1820 3124 1,
1836 3055 1871 3107 tr.
1885 3047 1910 3120 5,
1918 3062 1942 3124 p.

258 3156 298 3202 rea
364 3141 425 3220 §3
441 3139 499 3213 Qui
514 3138 682 3218 aliquande
705 3139 763 3200 fuit
784 3157 1015 3219 energumenus
1029 3155 1119 3199 seua
1173 3143 1203 3216 5,
1219 3159 1244 3200 c.
1261 3143 1291 3213 1,
1307 3158 1337 3198 u.
1355 3140 1384 3204 1,
1402 3137 1522 3198 addens
1535 3157 1566 3199 a.
1583 3140 1613 3214 6,
1630 3137 1729 3198 veluti
1741 3154 1800 3214 pro
1821 3139 1945 3196 certare

138 3225 144 3235 '
325 3230 468 3291 daemone
483 3228 639 3305 obsessae,
657 3229 705 3288 θεῖ
724 3225 904 3306 irregularis
928 3227 968 3288 ad
988 3226 1119 3289 Ordines
1173 3229 1248 3306 gula
1269 3244 1341 3287 cum
1365 3225 1465 3302 Avila,
1487 3226 1554 3288 Tol.
1581 3225 1649 3287 Sot.
1673 3228 1705 3285 et
1729 3223 1811 3301 aliis,
1827 3219 1945 3303 quamvis

325 3316 559 3398 suscipiendos,
582 3317 656 3394 Cap.
681 3313 834 3393 Meritum,
859 3316 930 3378 dist.
954 3317 1008 3393 33,
1026 3317 1115 3378 Suar.
1174 3315 1284 3395 aliquis
1300 3314 1457 3375 defectum
1472 3313 1599 3390 habeat,
1616 3313 1641 3373 si
1656 3316 1763 3374 tamen
1780 3329 1886 3389 nempe
1903 3324 1945 3366 ue

325 3410 417 3468 henr.
428 3425 462 3485 p.
480 3409 509 3481 1,
527 3423 556 3484 q.
573 3405 642 3463 135.
670 3403 733 3465 Sed
752 3421 813 3464 non
840 3403 929 3464 facile
945 3403 1057 3483 aliquis
1067 3403 1120 3483 ju·
1173 3403 1301 3466 labilem
1325 3400 1557 3462 deformitatem
1581 3401 1751 3477 contineat,
1768 3400 1812 3461 ita
1835 3403 1945 3460 utscan·

325 3494 478 3555 dieaudus
501 3498 549 3554 est
567 3491 731 3568 obsessus,
757 3491 815 3552 nisi
834 3493 1006 3554 manifestis
1022 3491 1119 3570 signis
1174 3489 1281 3549 dolum
1314 3489 1346 3549 in
1383 3488 1594 3549 celebratione
1623 3506 1686 3548 nou
1717 3493 1836 3563 causet,
1863 3499 1943 3563 neque

325 3585 411 3642 certo
426 3583 557 3656 constet,
579 3578 680 3659 inquit
702 3580 787 3640 Less.
814 3577 844 3638 in
867 3588 945 3639 auct.
962 3598 990 3640 o.
1010 3577 1117 3640 Ordin.
1175 3576 1357 3637 exercitium
1376 3574 1596 3637 celebrationis
1611 3575 1774 3654 impediat,
1791 3573 1944 3636 nonfacere

324 3669 402 3731 socri
413 3687 470 3729 cos.
487 3671 516 3728 1.
534 3669 700 3746 Potestque
716 3667 810 3727 etiam
833 3666 903 3726 talis
920 3667 952 3726 iu
967 3665 1119 3744 susceptis
1173 3665 1390 3743 irregularem.
1407 3662 1497 3725 Unde
1512 3663 1538 3724 si
1553 3663 1658 3742 reipsa
1672 3668 1779 3725 erutus
1794 3667 1871 3724 esset
1882 3675 1944 3721 uuus

325 3757 494 3819 Ordinibus
508 3755 698 3831 ministrare,
711 3755 739 3828 ‚si
753 3754 833 3815 liber
842 3752 892 3831 sit,
904 3755 986 3834 quod
998 3774 1055 3834 per
1064 3773 1121 3814 au·
1175 3753 1304 3828 oculus,
1330 3756 1361 3812 et
1384 3751 1483 3828 alius,
1509 3770 1539 3812 v.
1568 3769 1600 3829 g.
1624 3751 1752 3813 vitraeus
1772 3751 1817 3812 ita
1836 3745 1943 3810 artificio

325 3865 401 3906 num
415 3847 464 3906 vel
479 3850 602 3923 tempus
618 3842 702 3903 aliud
713 3841 752 3903 ad
764 3840 928 3903 arbitrium
943 3841 1120 3922 Superioris
1174 3842 1284 3902 fuisset
1298 3839 1474 3919 impositus,
1491 3844 1525 3900 ut
1539 3840 1591 3899 vix
1606 3839 1728 3901 adverti
1744 3843 1857 3919 posset,
1872 3837 1944 3897 deca

325 3934 458 4015 probare
474 3934 578 4011 debet,
595 3933 832 3995 Suanheuren.
1176 3930 1300 4008 Sylvius
1323 3927 1352 3989 d.
1379 3931 1407 4005 1,
1432 3945 1459 3990 υ.
1486 3927 1712 4008 irregularitas,
1738 3947 1794 3990 ece.
1820 3931 1848 4003 1,
1870 3923 1943 3986 tden

258 4042 298 4086 rao
364 4025 382 4105 §
401 4027 431 4086 1.
459 4023 549 4086 Suar.
567 4019 601 4082 de
623 4039 696 4080 cens.
722 4017 752 4080 d.
777 4023 824 4096 15,
839 4039 863 4082 ε.
881 4024 910 4097 1,
927 4040 955 4079 u.
979 4022 1008 4096 8,
1026 4018 1117 4098 Ugol.
1175 4037 1236 4079 non
1252 4017 1318 4078 fore
1333 4016 1549 4094 irregularem,
1562 4015 1637 4096 quia
1651 4016 1778 4095 quando
1792 4015 1823 4076 iu
1837 4009 1943 4076 Juredi-

324 4112 360 4174 dc
382 4115 471 4196 irrep.
487 4131 512 4173 c.
538 4114 568 4188 3,
591 4112 685 4171 Oonz.
707 4107 746 4170 od
769 4109 841 4190 lfeq.
858 4113 888 4186 8,
903 4110 948 4189 ql.
966 4113 996 4186 1,
1013 4128 1045 4169 n.
1062 4111 1114 4185 11,
1176 4108 1266 4184 citur,
1284 4106 1367 4186 quod
1383 4105 1437 4184 qui
1461 4105 1568 4166 amisit
1581 4105 1708 4167 oculum
1722 4104 1764 4166 sit
1776 4097 1941 4182 irregularis,

326 4203 434 4266 dicunt
448 4206 607 4264 carentem
622 4199 781 4260 scientiae
795 4201 812 4261 J
816 4217 870 4259 ure
886 4197 1037 4278 requisita
1051 4214 1119 4258 esse
1176 4211 1271 4256 causa
1285 4197 1343 4269 est,
1360 4196 1395 4253 ut
1409 4192 1618 4254 communiter
1633 4191 1788 4271 explicant
1802 4194 1941 4260 Auctore,

327 4291 544 4372 irregularem,
571 4288 625 4350 sed
649 4291 766 4367 negant
790 4290 879 4350 Garz.
899 4305 931 4367 p.
949 4291 978 4362 1,
995 4305 1020 4347 e.
1037 4291 1068 4362 1,
1085 4305 1116 4345 n.
1177 4283 1250 4364 quia
1264 4283 1295 4342 in
1321 4281 1381 4342 hoc
1404 4286 1451 4342 θεῖ
1472 4280 1671 4355 deformitas;
1689 4298 1764 4360 ergo
1778 4281 1804 4340 si
1817 4272 1943 4338 nullast·

327 4383 377 4458 fo,
404 4382 494 4458 Sayr.
512 4376 547 4438 de
561 4396 635 4438 coes.
654 4375 675 4437 l.
698 4380 728 4445 6,
755 4395 780 4438 e.
798 4378 847 4453 l3,
865 4374 989 4454 Sigism.
1007 4375 1119 4436 aBon.
1176 4373 1216 4433 sit
1239 4370 1440 4447 deformitas,
1467 4387 1528 4431 non
1553 4374 1703 4450 sequetur
1724 4369 1796 4430 inde
1818 4364 1942 4443 irregula·

329 4465 543 4530 declararint.
560 4467 610 4532 60.
627 4483 657 4525 n.
675 4467 704 4525 8.
1177 4460 1253 4521 ritas
1270 4466 1290 4521 ¹.

257 4565 299 4612 soa
365 4557 383 4634 ἓ
403 4559 433 4616 5.
458 4554 489 4614 Si
510 4553 541 4612 in
566 4550 835 4630 hermaphrodito,
852 4549 905 4630 qui
930 4550 1122 4628 prevalente
1216 4549 1234 4628 ς
1255 4552 1272 4610 3
1295 4549 1327 4612 Si
1351 4547 1421 4628 quis
1442 4548 1538 4612 habet
1560 4548 1694 4628 pelicem
1718 4552 1750 4608 θῖ
1771 4542 1902 4614 iudicem,
1920 4540 1942 4598 rt
1964 4566 1967 4573 ¹

326 4664 401 4708 sexu
416 4641 497 4702 virili
512 4660 569 4719 per
592 4639 857 4719 dispensationem
879 4638 1041 4700 ordinatus
1062 4642 1120 4713 est,
1177 4643 1298 4701 tantum
1329 4641 1436 4698 careat
1458 4637 1563 4716 aliquo
1588 4635 1705 4716 digito,
1732 4635 1818 4715 cujus
1843 4627 1942 4691 delectu

326 4738 434 4813 postea
457 4731 628 4810 praevaleat
650 4746 742 4788 sexus
770 4727 952 4803 muliebria,
979 4729 1123 4787 remanet
1177 4745 1238 4787 uon
1258 4723 1458 4802 impediatur,
1481 4724 1650 4803 quominus
1668 4722 1802 4784 hostiam
1822 4719 1942 4794 frangere

326 4821 453 4902 quidem
476 4818 507 4878 in
531 4836 568 4878 eo
593 4815 766 4892 character,
783 4821 922 4878 attamen
941 4816 978 4876 ht
1000 4816 1118 4876 iterum
1177 4819 1208 4875 et
1225 4831 1334 4874 securo
1358 4829 1428 4872 eom
1442 4817 1577 4874 tractare
1601 4811 1708 4892 possit,
1727 4809 1889 4892 judicatum
1907 4803 1943 4860 est

325 4907 527 4988 irregularis,
553 4904 615 4965 imo
648 4921 710 4964 non
734 4907 836 4982 potest
859 4903 994 4982 amplius
1017 4899 1122 4962 valide
1176 4900 1323 4978 Coloniae,
1341 4919 1403 4961 uon
1426 4919 1493 4962 esse
1518 4900 1737 4980 irregularem,
1753 4899 1796 4962 uti
1809 4914 1862 4957 uec
1874 4906 1940 4964 eun,
1983 4911 1985 4938 i

356 5203 367 5246 1
387 5197 455 5261 Quid
474 5199 498 5246 θ’
519 5197 603 5247 cutem
628 5196 684 5261 quie
707 5209 739 5244 ec
763 5197 870 5258 atroque
893 5193 962 5244 oculo
976 5207 1055 5242 coeuer
1067 5189 1123 5242 eil?
1177 5205 1209 5244 ee
1222 5196 1327 5258 utroque
1348 5187 1418 5242 oculo
1433 5191 1492 5240 ceci
1505 5190 1541 5240 od
1551 5189 1737 5253 complendam
1746 5189 1851 5254 primum
1867 5179 1938 5260 foetu·

326 5269 354 5319 R.
371 5269 397 5320 S.
410 5269 520 5328 Ceresuit,
536 5266 681 5330 dispensari
693 5279 767 5328 posce
782 5265 857 5326 inco,
875 5265 986 5330 quijom
1000 5263 1123 5312 Sucerdm
1176 5280 1243 5326 reue,
1266 5279 1344 5329 neque
1363 5277 1418 5312 eum
1437 5260 1624 5311 debilitandum
1646 5261 1682 5310 ad
1702 5259 1820 5324 Beneficia
1838 5252 1939 5332 εὺημὸξῑῦ

325 5341 369 5400 sit,
384 5342 480 5389 etcum
492 5337 756 5390 osehlcatioollerius
770 5335 912 5384 &cadetis
926 5333 1038 5394 celebret,
1054 5337 1081 5384 et
1095 5337 1121 5384 in
1175 5349 1231 5384 curu
1245 5334 1441 5384 commutatione
1455 5331 1537 5380 diuini
1549 5329 1636 5394 Officii
1648 5332 1674 5378 iu
1689 5331 1802 5396 Officium
1815 5327 1841 5376 B.
1853 5325 1883 5375 11.
1899 5323 1938 5368 lv*

326 5409 489 5471 Florentino,
505 5411 534 5458 13
544 5409 609 5470 Aac.
626 5409 696 5467 1111,
714 5406 738 5456 T.
750 5407 773 5466 1,
786 5420 813 5468 p.
827 5407 880 5466 111,
897 5405 971 5469 cajus
985 5405 1122 5468 repositio·
1175 5404 1250 5467 ginis,
1269 5403 1337 5468 quod
1349 5403 1472 5450 memorio
1486 5397 1593 5460 tenebat,
1607 5401 1686 5450 senat
1704 5399 1786 5449 eodem
1801 5397 1825 5445 S.
1840 5389 1938 5466 0.,11.

327 5495 383 5530 aem
397 5480 492 5543 releges
508 5494 557 5529 eeu
577 5475 748 5528 inutiliterib.
761 5491 788 5540 p.
807 5476 861 5525 161.
879 5475 973 5524 Contra
988 5489 1056 5536 vero,
1071 5487 1121 5523 cen
1172 5489 1200 5538 p.
1229 5473 1268 5534 55,
1294 5474 1320 5521 in
1352 5469 1552 5534 pampilonensi
1581 5468 1787 5532 dispensationis
1812 5467 1839 5516 13
1867 5461 1936 5512 blado

327 5565 379 5600 erse
401 5549 577 5600 consedendum
602 5549 764 5598 &celeuma
781 5561 829 5612 pro
850 5545 1035 5610 drzepeeeou'ene
1054 5545 1124 5594 Loice'
1177 5546 1245 5595 1133.
