3974 6348
306 561 366 622 986
1051 557 1179 628 LIBER.
1203 563 1268 629 Vll.

240 771 281 817 us
348 745 409 826 52.
427 740 553 811 Eisdem
568 737 671 810 verbis
686 747 718 810 ot
727 739 821 810 modo
836 749 1009 811 absolvitur
1022 768 1105 813 mor·
1160 752 1460 816 nioemuslalisloci
1480 757 1651 832 Decorum,
1669 755 1851 816 pretorem.
1977 747 1982 834 ⁴

308 839 391 912 tuus,
408 853 470 915 quo
481 835 589 909 t·ivus;
607 837 631 896 si
642 842 749 898 tamen
759 836 826 916 jam
837 837 876 899 sit
886 837 1037 917 sepultus,
1053 859 1104 901 sa·
1199 863 1214 900 o
1239 844 1291 904 lll.
1315 841 1402 904 Licet
1415 842 1548 919 dicetur,
1569 841 1880 903 Excommunicamus
1891 843 1938 902 Pe-
1981 871 1982 874 ¹

308 923 347 984 tis
363 927 410 984 est
423 923 581 985 verberari
597 924 798 1004 sepulchrum
816 944 823 985 :
840 929 929 1004 putet
943 925 1038 988 etiam
1053 929 1106 990 Di·
1159 933 1255 1006 trum,
1280 948 1311 991 v.
1328 949 1359 1009 g.
1378 929 1619 1008 incendiarium,
1646 934 1678 991 et
1692 929 1760 1010 ejus
1773 929 1936 1008 complices,

309 1013 385 1072 cast.
410 1030 441 1072 n.
465 1014 535 1088 191,
560 1011 633 1074 licet
656 1013 791 1076 necdum
808 1013 948 1093 sepultus
962 1013 1013 1094 sit,
1029 1015 1105 1080 satis
1160 1017 1245 1078 solus
1266 1020 1377 1080 Petrus
1400 1018 1548 1080 vitandus
1572 1024 1628 1096 est,
1654 1035 1717 1080 uon
1741 1035 1815 1079 vero
1830 1015 1938 1078 eliietsi

310 1117 376 1159 esse
391 1099 550 1162 verberari
566 1100 809 1180 sarcophagum.
1160 1105 1223 1167 sint
1245 1107 1377 1186 notorii,
1413 1107 1487 1188 quie
1510 1107 1666 1170 sententia
1688 1106 1792 1187 quoad
1812 1105 1879 1166 illos
1902 1111 1940 1166 eet

240 1213 282 1260 ηδ
348 1187 409 1266 53.
434 1187 583 1250 Haeredcs
602 1191 750 1250 tenentur
773 1189 885 1252 saltem
899 1209 937 1250 ex
952 1190 1104 1254 charitate
1160 1196 1283 1255 tantum
1296 1196 1464 1274 generalis,
1481 1200 1513 1258 et
1527 1213 1589 1258 uon
1606 1195 1751 1276 specialis
1764 1199 1872 1258 contra
1884 1211 1941 1255 ccr-
1981 1251 1982 1256 ,

308 1291 478 1353 procurare
493 1275 723 1338 ahsolutionem
742 1277 798 1338 tali
818 1283 890 1356 post
903 1277 993 1358 signa
1007 1277 1105 1357 poeni-
1160 1281 1227 1341 tam
1241 1300 1419 1361 personam.
1981 1315 1982 1318 ¹

308 1362 413 1425 tentiae
427 1367 564 1441 mortuo,
590 1367 624 1426 ut
639 1364 752 1426 sicfiet
773 1367 981 1444 capaxetiam
996 1367 1105 1428 suffra·
1200 1393 1215 1430 o
1242 1372 1294 1433 lV.
1312 1374 1379 1433 Non
1393 1371 1510 1433 teneris
1524 1370 1625 1432 vitare
1645 1387 1719 1430 eum
1743 1371 1795 1451 qui
1809 1367 1942 1448 privatim
1980 1361 1982 1422 ⁴

307 1451 432 1532 giorum
445 1451 605 1532 Ecclesiae,
621 1452 737 1515 Dieast.
756 1473 786 1515 n.
804 1457 873 1516 199.
1159 1460 1192 1521 in
1207 1459 1348 1520 conclavi
1373 1464 1420 1522 est
1442 1459 1658 1535 denuntiatus,
1684 1458 1758 1539 quie
1778 1458 1810 1519 id
1833 1460 1944 1517 nones
1973 1423 1982 1550 ⁴

1160 1549 1279 1610 factum
1293 1547 1437 1627 publice;
1464 1549 1505 1610 ad
1529 1548 1589 1608 hoc
1613 1545 1698 1606 enim
1718 1543 1879 1625 requiritur
1916 1545 1944 1602 ’1
1980 1553 1982 1584 ³

1161 1636 1317 1698 sententia
1329 1635 1463 1715 legatur,
1480 1636 1531 1698 vel
1545 1635 1693 1713 affigatur
1706 1634 1811 1714 aliquo
1825 1633 1891 1694 loco

1160 1723 1251 1800 lebri,
1276 1741 1308 1784 v.
1325 1741 1356 1802 g.
1384 1723 1415 1783 in
1430 1724 1547 1803 templo
1562 1727 1705 1802 tempore
1719 1721 1889 1797 concionis,

1160 1811 1261 1888 aliter,
1278 1829 1335 1890 pro
1350 1828 1438 1874 more
1454 1810 1601 1891 regionis.
1975 1809 1982 2096 ⁴

603 1869 731 1957 ttttt
756 1851 799 1958 li.

489 2145 530 2192 os
551 2145 922 2195 excouuomcsrroue.
1434 2113 1679 2174 ADDENDA.

1203 2340 1310 2417 Oooeet.
1322 2344 1370 2402 99.
1380 2373 1421 2386 -
1432 2339 1574 2416 Qooermm
1581 2338 1843 2402 excommunicatio
1850 2337 1946 2399 intelli·

586 2430 773 2493 DUBIUM
800 2431 824 2491 I.
1160 2439 1258 2512 pater,
1284 2429 1506 2512 sieimpliciter
1519 2428 1646 2507 dicotur,
1662 2428 1716 2489 sub
1729 2427 1946 2491 excommunico·
1980 2475 1982 2514 ,

1160 2521 1259 2588 tione:
1272 2527 1299 2580 et
1311 2516 1396 2601 qnid,
1412 2517 1439 2578 si
1450 2517 1566 2580 dicatur
1579 2516 1765 2579 anathemo?
1780 2519 1819 2578 R.
1836 2519 1894 2578 Per
1905 2533 1945 2576 er·
1980 2525 1982 2558 ⁴

520 2632 598 2708 (pm-g
610 2634 651 2695 ,pt
664 2642 691 2695 ,5
707 2631 897 2715 quotuplex?
1159 2606 1476 2670 communicationem
1491 2605 1674 2684 simpliciter
1687 2605 1877 2685 intelligitur
1887 2621 1945 2666 ma-

1157 2695 1220 2776 jor,
1243 2700 1274 2759 et
1297 2714 1359 2758 uon
1382 2694 1503 2767 minor;
1519 2693 1564 2755 sic
1587 2693 1672 2754 enim
1686 2694 1827 2756 habetur
1841 2689 1948 2773 capsi

1160 2803 1245 2865 quem
1259 2786 1309 2860 59,
1324 2782 1360 2844 de
1372 2790 1442 2844 sent.
1459 2801 1571 2844 excom.
1588 2786 1620 2844 et
1633 2782 1695 2843 hoo
1709 2783 1816 2862 ipsum
1832 2797 1946 2842 consue
1980 2703 1982 2850 ⁴

355 2893 369 2931 n
390 2875 481 2952 Resp.
508 2873 797 2936 Excommunicatio
819 2876 866 2935 est
887 2887 1031 2949 censura,
1047 2890 1106 2951 per
1160 2870 1847 2950 tudodeclarat,utitestanturplurimicum
1855 2873 1943 2932 Gastr.
1980 2853 1982 2914 ⁴

309 2979 404 3042 quam
432 2962 502 3042 quis
528 2963 672 3040 privatur
698 2962 918 3024 communione
946 2961 1103 3023 Ecclesiae.
1162 2959 1192 3022 d.
1208 2963 1238 3036 9,
1260 2977 1294 3042 p.
1312 2963 1341 3037 9,
1358 2979 1388 3020 o.
1405 2962 1442 3033 33
1468 2960 1534 3021 Dic.
1552 2959 1582 3021 d.
1608 2962 1637 3027 9,
1661 2979 1693 3020 n.
1710 2961 1771 3032 93;
1798 2959 1905 3037 Engel.
1926 2955 1945 3016 l.
1980 2929 1982 3040 ⁴

308 3051 426 3128 Estque
435 3049 566 3128 duplex:
583 3050 695 3128 Minor,
713 3067 783 3129 quae
792 3056 915 3111 tentum
930 3050 1034 3129 privat
1047 3069 1105 3112 usu
1161 3052 1191 3125 5,
1215 3049 1262 3110 tit.
1286 3051 1335 3125 39,
1359 3067 1390 3109 n.
1407 3051 1465 3121 99;
1482 3048 1581 3110 Krim.
1597 3067 1628 3109 o.
1646 3049 1736 3110 l855.
1755 3049 1820 3108 Per
1833 3045 1948 3106 anatlie-

308 3137 445 3216 passivo,
470 3157 526 3200 seu
549 3137 729 3217 receptione
753 3137 1045 3212 sacramentorum
1075 3140 1108 3198 et
1160 3155 1214 3198 ma
1238 3140 1355 3215 autem,
1373 3155 1435 3216 quo
1458 3135 1585 3197 nomine
1609 3134 1708 3196 utitur
1734 3133 1824 3195 Trici.
1850 3134 1880 3194 in
1900 3133 1947 3193 Ca-
1980 3125 1982 3213 ⁴

309 3224 419 3306 Major,
438 3245 508 3306 quoe
519 3227 614 3288 etiam
625 3226 739 3288 dicitur
749 3226 927 3304 anathema,
940 3243 977 3287 ae
991 3225 1023 3285 in
1034 3225 1106 3306 jure
1163 3225 1319 3302 nonibus,
1345 3223 1529 3304 intelligitur
1552 3223 1839 3286 excommunicatio
1866 3221 1947 3284 etiam
1980 3217 1982 3316 ⁴

309 3312 374 3373 iere
388 3331 513 3393 semper
527 3314 653 3376 nomine
672 3313 1003 3377 excommunicationis
1018 3312 1107 3374 intel·
1160 3313 1274 3394 major,
1286 3313 1341 3374 sed
1351 3312 1444 3373 simul
1459 3312 1653 3392 significatur
1663 3309 1767 3390 major
1777 3308 1947 3372 solemnitas

309 3398 427 3479 ligitur,
453 3401 617 3482 privatquc
640 3401 725 3463 omni
753 3401 974 3463 communione
1001 3401 1106 3461 Eccle·
1161 3401 1349 3478 inferendo,
1364 3399 1540 3461 secundum
1555 3399 1640 3460 dicta
1654 3415 1741 3460 num.
1761 3401 1814 3460 16.

311 3487 448 3565 siastios,
474 3488 647 3549 seeundum
672 3488 816 3550 dicenda.
838 3491 898 3550 Per
912 3488 994 3548 hanc
1008 3485 1108 3566 Majo-
1204 3487 1298 3572 Oljic.
1323 3491 1357 3550 ln
1381 3488 1558 3568 poenalibus
1579 3492 1611 3550 et
1633 3486 1750 3549 odiosis
1774 3484 1947 3565 benigniora

311 3593 379 3636 rem
393 3575 682 3637 excommunicatus
703 3595 812 3638 rursus
834 3580 882 3638 est
896 3575 1011 3656 duplex
1032 3595 1039 3636 :
1060 3581 1108 3638 to-
1161 3585 1235 3642 sunt
1248 3577 1428 3658 sequenda:
1445 3575 1949 3656 ergaquandodieitureemme-

284 3669 287 3675 “
309 3661 438 3740 leratue,
456 3663 1027 3742 quemlidelesnoutenenturvitere;
1046 3681 1108 3725 noo
1161 3667 1283 3744 nicetio,
1300 3663 1430 3743 intelligi
1454 3663 1549 3726 dehet
1571 3663 1685 3739 minor,
1712 3666 1743 3724 et
1768 3679 1834 3723 non
1848 3659 1946 3739 maior.

309 3751 478 3828 toleratus,
498 3769 592 3832 quem
613 3757 760 3814 tenentur
784 3753 894 3815 vitare.
918 3754 957 3814 ttt
980 3751 1108 3832 quidem
1163 3759 1200 3818 lt.
1225 3753 1414 3834 Benigniora
1437 3758 1510 3813 sunt
1532 3751 1708 3832 sequenda,
1743 3751 1806 3813 nisi
1829 3749 1949 3829 legeset

309 3843 382 3919 post
397 3837 563 3901 Concilium
588 3838 807 3902 Comtontieme
820 3859 884 3902 uon
898 3837 1020 3902 tolerati
1036 3843 1109 3902 sunt
1163 3846 1305 3906 canones
1319 3840 1498 3920 oppositum
1514 3839 1684 3916 declarent,
1710 3838 1769 3914 uti,
1789 3837 1948 3900 secundum

309 3925 342 3987 hi
366 3930 508 3988 tantum:
535 3929 563 3988 1.
590 3926 738 3988 Notorius
752 3925 862 3990 Clerici
886 3942 1054 4007 percussor
1068 3925 1107 3987 de
1163 3929 1257 4006 diota,
1273 3929 1308 3990 tit
1321 3928 1353 3988 in
1373 3932 1479 3989 nostro
1498 3945 1591 4000 cesu3
1609 3927 1693 3988 unde
1709 3926 1820 4002 etiem,
1837 3923 1948 4006 quando

310 4033 373 4095 quo
398 4015 490 4077 inira.
515 4019 546 4076 9.
572 4013 679 4088 Quivis
693 4015 879 4078 nominatim
894 4015 1108 4078 excommuni-
1162 4037 1187 4080 c.
1206 4022 1234 4096 1,
1260 4017 1295 4080 de
1317 4015 1533 4098 exceptionibus
1563 4015 1596 4076 in
1619 4017 1649 4092 6,
1671 4013 1810 4076 dicitur:
1838 4015 1874 4076 Si
1892 4011 1948 4092 pris

309 4103 408 4179 catus,
434 4105 466 4164 et
486 4103 664 4182 specialiter
684 4123 722 4166 ac
744 4104 871 4184 publice
892 4101 1104 4168 denuntiatus.
1162 4106 1328 4189 injudicio
1357 4104 1685 4167 excommunicationem
1707 4111 1853 4184 opponet,
1877 4099 1949 4162 otte

312 4187 397 4251 Unde
409 4189 530 4251 resolves
545 4210 555 4251 .·
1160 4195 1280 4278 spectem
1294 4193 1449 4256 declarare
1461 4192 1551 4270 debet,
1577 4191 1763 4270 intelligitur
1783 4191 1824 4252 de
1838 4187 1947 4270 majori,

350 4301 365 4338 n
392 4281 415 4340 1.
441 4280 476 4340 ln
491 4279 659 4341 Germania
680 4279 830 4345 Catholici
845 4293 954 4346 secure
968 4293 1107 4342 commu·
1162 4303 1202 4346 an
1217 4301 1330 4362 nempe
1354 4283 1446 4344 silex
1463 4280 1576 4343 delicte
1591 4280 1652 4341 hoc
1666 4280 1716 4342 vel
1731 4279 1800 4357 illo,
1818 4298 1857 4340 ex
1867 4276 1948 4340 viole

310 4369 418 4431 niceni
439 4386 512 4428 cum
534 4368 571 4430 iis
594 4369 647 4448 qui
671 4370 793 4433 notorie
809 4374 883 4433 sunt
903 4369 1052 4446 haretici,
1076 4371 1108 4430 et
1161 4374 1246 4436 tione
1260 4371 1420 4447 Ecclesiae,
1437 4388 1475 4432 ex
1488 4369 1689 4448 percussione
1704 4367 1832 4446 Clerici,
1849 4373 1904 4428 etc.

311 4459 539 4534 consequenter
562 4457 835 4535 excommunicati,
862 4459 936 4539 quia
959 4475 1021 4518 nou
1035 4458 1108 4518 sunt
1205 4461 1373 4537 01191193.
1390 4491 1431 4504 -·-
1446 4456 1526 4533 occid
1536 4455 1697 4519 comedim
1709 4457 1747 4518 sit
1761 4456 1845 4520 cim
1856 4449 1951 4536 eosqui

311 4541 496 4604 nominatim
525 4545 805 4624 excommunicati,
835 4563 873 4607 ac
899 4546 1024 4625 publice
1053 4545 1108 4606 de·
1163 4551 1303 4613 dicentur
1316 4544 1701 4622 notorieeecommonicoti,
1720 4542 1898 4611 dmmtioti,
1911 4541 1949 4602 ci·

311 4630 455 4694 conflati.
1164 4637 1249 4700 tandi
1260 4643 1276 4697 t
1290 4639 1325 4698 lt.
1341 4635 1360 4714 ἓ
1374 4638 1402 4697 1.
1421 4633 1585 4696 Notarium
1599 4633 1616 4695 J
1621 4631 1685 4692 uris
1698 4631 1873 4712 improprie
1886 4627 1948 4690 dici·

351 4743 366 4780 o
392 4723 429 4782 ll.
462 4723 530 4782 Non
555 4723 671 4785 teneris
700 4723 800 4785 vitare
823 4742 897 4785 eum
930 4742 1024 4805 quem
1048 4719 1108 4786 scis
1163 4731 1225 4804 tur,
1252 4723 1407 4804 quodlus
1426 4721 1589 4783 evidenter
1606 4715 1949 4798 presumitexconjec-

311 4825 457 4889 peccasse
485 4814 596 4872 contra
622 4811 737 4891 legem,
753 4829 812 4890 per
830 4829 926 4892 quem
940 4812 995 4886 illi,
1012 4813 1109 4873 etism
1163 4815 1241 4878 turis
1264 4814 1304 4874 ab
1327 4817 1395 4891 ipso
1417 4812 1493 4872 Jure
1523 4807 1669 4870 inductis.
1694 4809 1862 4870 Notos-ium
1877 4801 1948 4868 luris

311 4898 343 4958 io
370 4897 572 4976 particulari,
604 4900 663 4961 sub
691 4917 787 4978 prena
815 4900 1109 4961 excommunicatio·
1162 4900 1289 4984 proprie
1313 4903 1371 4977 est,
1395 4899 1480 4979 quod
1503 4901 1610 4959 notum
1626 4902 1683 4972 est,
1699 4895 1751 4957 vel
1767 4915 1828 4976 per
1839 4897 1948 4956 muten-

311 4984 360 5045 nis
374 4984 492 5064 aliquid
512 4991 560 5048 est
582 4988 712 5049 vetitum
736 4988 786 5049 vel
808 4991 1012 5067 praeceptum,
1035 4989 1109 5068 quia
1162 4991 1239 5052 tiam
1253 4988 1384 5064 iudicis,
1400 4986 1451 5048 vel
1465 5004 1522 5064 per
1536 4985 1775 5047 concessionem
1790 4985 1847 5046 Rei
1868 4979 1948 5060 inju-

310 5073 482 5152 requiritur
518 5078 576 5152 ut,
611 5095 668 5154 per
699 5077 887 5138 sententiam
928 5095 1108 5156 expressam
1164 5077 1257 5154 dicio,
1274 5075 1323 5137 vel
1338 5094 1395 5155 per
1404 5073 1531 5137 testium
1543 5073 1774 5152 depositionem
1789 5073 1821 5134 in
1831 5069 1945 5153 judicio.

311 5166 343 5224 et
356 5162 535 5241 specialem,
561 5169 670 5228 conus
684 5183 852 5244 personam
866 5164 898 5225 in
912 5166 1105 5245 particulari,
1163 5165 1327 5229 Notorium
1350 5163 1424 5225 fecti
1448 5165 1507 5238 est,
1533 5161 1617 5242 quod
1641 5165 1751 5222 notum
1768 5165 1817 5222 est
1829 5177 1883 5240 per
1893 5173 1946 5218 ma·

310 5255 382 5330 post
395 5257 560 5329 peccatum
574 5253 788 5329 commissum,
805 5272 940 5316 censure
955 5253 1108 5334 sitpubli·
1163 5273 1261 5335 gnum
1285 5269 1452 5314 numerum
1476 5267 1693 5330 personarum,
1719 5249 1772 5310 vel
1793 5245 1947 5329 pormejo·

311 5343 391 5408 cata,
408 5360 438 5402 v.
455 5360 488 5420 g.
504 5347 539 5403 ut
552 5343 691 5404 loannes
705 5343 746 5405 sit
767 5342 968 5404 denuntiatus
983 5360 1110 5404 excom·
1163 5359 1232 5404 rem
1254 5344 1377 5422 partem
1401 5337 1644 5414 communitatis,
1667 5353 1739 5418 quae
1764 5329 1946 5399 iectumeri·

310 5428 497 5506 municatus,
515 5430 565 5490 vel
583 5431 695 5493 saltem
711 5432 755 5494 ita
766 5431 959 5512 exprimatur
972 5450 1109 5511 persona
1164 5432 1275 5494 denter
1297 5430 1403 5492 novit:
1429 5431 1462 5491 et
1480 5425 1520 5488 de
1534 5426 1584 5489 his
1597 5426 1667 5489 fuse
1681 5425 1825 5505 disputet
1838 5423 1944 5503 Piguet.

311 5519 347 5578 ut
361 5533 422 5576 non
438 5515 531 5580 liceat
545 5517 584 5579 de
600 5535 637 5579 ee
651 5518 807 5600 dubitare,
824 5539 854 5583 v.
872 5539 904 5599 g.
921 5521 1111 5620 llxcommu7
1164 5528 1186 5581 t.
1204 5523 1253 5598 19,
1270 5535 1356 5583 cons.
1374 5520 1443 5580 115.
