3986 6350
340 536 401 602 ιιι
1087 540 1205 606 alaha
1224 542 1277 605 lX.

339 725 471 806 jactura
493 727 649 789 bonorum
672 742 804 806 operum
827 727 892 790 toto
916 727 967 788 illo
991 730 1132 806 tempore
1187 745 1251 805 ma,
1275 747 1374 808 eaque
1395 727 1606 791 involuntaria
1627 728 1772 809 physice,
1789 729 1944 810 quiaearnn
1982 781 1983 786 ,

343 813 526 876 incurreret.
1187 834 1290 879 caussa
1313 819 1445 880 remotio
1468 818 1501 879 in
1526 818 1594 898 ejus
1616 818 1720 879 libera
1743 818 1890 879 voluntate
1905 817 1946 879 sita

384 901 493 977 Oaoest.
514 907 564 966 39.
583 937 624 950 -
643 903 835 978 Ouandonom
856 902 957 964 debeat
982 902 1134 984 Confessn·
1188 923 1250 968 non
1266 910 1323 968 est.
1341 906 1470 969 Occasio
1485 905 1637 986 peccandi
1653 904 1946 968 involuntariamora·
1982 899 1983 902 ’

342 989 404 1051 rius
421 992 627 1054 absolutionem
646 993 767 1072 differre
783 992 950 1074 paenitenti,
971 993 1025 1075 qui
1043 993 1073 1052 iu
1087 1011 1135 1053 ec·
1187 994 1456 1072 litereavocatur,
1467 1014 1538 1077 quae
1549 994 1650 1056 deseri
1666 995 1790 1074 nequit,
1802 993 1847 1054 vel
1859 992 1946 1072 absque

342 1079 404 1140 dem
417 1089 534 1162 peccota
547 1081 720 1164 frequenter
738 1079 868 1149 labitur,
885 1089 938 1142 ιιιι
953 1081 984 1140 in
994 1079 1137 1162 peocmrdi
1188 1089 1330 1163 peccato,
1346 1085 1396 1146 vel
1411 1084 1530 1165 absque
1549 1084 1749 1146 incommodo
1771 1082 1857 1144 valde
1872 1080 1944 1160 gravi.
1982 1127 1983 1130 η

342 1169 486 1231 occasione
499 1175 659 1232 uersatur?
1187 1174 1297 1254 ltaque
1321 1172 1346 1234 si
1370 1173 1482 1234 marito
1502 1193 1533 1236 v.
1554 1191 1586 1252 g.
1608 1171 1648 1234 sit
1671 1173 1741 1251 ipsa
1760 1189 1837 1232 uxor
1857 1168 1947 1230 occasio
1982 1199 1983 1210 .

383 1259 476 1336 Resp.
502 1277 590 1340 seqq.
615 1261 644 1322 ι.
669 1257 798 1320 Occasio
821 1259 972 1337 peccandi
993 1257 1069 1318 nihil
1089 1261 1136 1320 est
1188 1260 1331 1338 proxima
1351 1259 1521 1338 peccandi,
1538 1259 1597 1321 erit
1619 1259 1672 1320 illa
1691 1257 1948 1319 involuntariam·

342 1343 427 1404 aliud
451 1363 546 1425 quam
570 1345 745 1424 periculum
767 1345 800 1405 in
823 1347 988 1422 peccatum
1007 1344 1134 1424 aliquod
1187 1347 1295 1409 naliter
1321 1347 1418 1425 priori
1441 1347 1556 1424 modo,
1582 1345 1657 1426 quia
1680 1345 1803 1408 scilicet
1823 1346 1858 1406 ab
1878 1362 1947 1405 uxore
1981 1333 1983 1410 i

342 1431 537 1512 prolabendi.
561 1433 640 1494 Hinc
659 1434 775 1512 duplex
795 1432 997 1512 distinguitur
1012 1433 1134 1494 occasio
1188 1435 1350 1496 discedere
1377 1434 1445 1495 sine
1472 1439 1602 1515 peccato
1631 1453 1695 1496 non
1721 1437 1848 1515 polest;
1873 1433 1894 1494 si
1914 1431 1948 1492 coi
1981 1445 1983 1498 ι

342 1520 504 1599 peccandi,
526 1525 647 1582 remota
665 1521 783 1583 scilicet
802 1525 833 1582 et
854 1520 1007 1600 proxima.
1038 1523 1135 1582 Occa—
1188 1541 1275 1600 vero,
1298 1522 1349 1583 vel
1369 1523 1536 1584 mercatori
1559 1522 1628 1602 ipsa
1648 1523 1833 1602 negotiatio,
1848 1521 1889 1582 rel
1900 1518 1948 1582 Chi·
1981 1509 1983 1592 ι

342 1609 387 1670 ιιι
411 1609 562 1688 peccandi
584 1614 706 1672 remota
727 1613 774 1670 est
794 1609 967 1688 periculum
983 1609 1134 1690 peccandi
1188 1629 1283 1690 rurgo
1298 1629 1350 1672 ars
1371 1629 1429 1673 sua
1449 1611 1591 1690 praebeat
1609 1610 1811 1672 occasionem
1832 1607 1949 1690 peccandi
1982 1603 1983 1674 3

342 1699 509 1773 remotum,
533 1715 588 1756 seu
610 1696 790 1777 hujusmodi
812 1699 846 1757 nt
867 1697 936 1775 quis
954 1696 987 1755 in
1003 1714 1039 1756 eo
1055 1714 1135 1756 nun·
1188 1699 1383 1778 proximam3
1409 1698 1589 1779 hujusmodi
1611 1699 1796 1760 occasiones
1816 1701 1895 1758 erunt
1908 1694 1949 1755 illis
1981 1689 1983 1740 ἷ

343 1802 438 1866 qnam
457 1789 511 1848 aut
530 1801 601 1845 raro
621 1785 792 1846 admodum
811 1789 931 1864 peccet.
952 1787 993 1845 At
1012 1788 1132 1860 contra,
1188 1787 1407 1849 involuntaria
1429 1787 1589 1848 moraliter
1603 1786 1771 1866 posteriori
1787 1785 1885 1860 modo,
1898 1783 1950 1864 qnia

343 1873 466 1934 occasio
480 1873 623 1952 proxima
637 1876 685 1934 est
698 1872 872 1951 periculum
886 1873 1064 1951 proximum
1079 1890 1135 1932 seu
1189 1893 1247 1937 nec
1261 1877 1416 1938 Mercator
1430 1875 1645 1956 negotiationi,
1669 1893 1729 1936 nec
1747 1874 1810 1936 arti
1822 1892 1878 1934 sua
1889 1871 1950 1934 thir·
1982 1917 1983 1922 ,

342 1963 461 2023 morale
475 1962 639 2041 peccandi,
652 1981 708 2023 seu
723 1960 902 2041 hujusmodi
918 1965 952 2022 ut
966 1961 1036 2041 quis
1050 1960 1082 2021 in
1097 1976 1134 2021 eo
1189 1983 1286 2043 urgns
1310 1963 1454 2026 nuntium
1472 1964 1631 2026 remittere
1657 1963 1724 2024 sine
1752 1964 1844 2041 gravi
1863 1960 1951 2021 incon·
1982 1977 1983 2006 1

343 2051 523 2130 frequenter
543 2069 674 2130 peccare
696 2050 805 2111 soleat.
827 2049 906 2110 Hinc
925 2049 1047 2110 occasio
1062 2067 1136 2127 pec·
1189 2053 1282 2114 modo
1307 2055 1429 2130 potcst3
1453 2070 1541 2128 cum,
1565 2055 1600 2114 ιιι
1620 2051 1760 2131 ponitur,
1779 2047 1954 2130 quaratinde¹
1982 2087 1983 2120 3

344 2139 447 2215 candi,
460 2157 530 2220 quae
544 2139 665 2200 ratione
679 2137 772 2199 unius
786 2136 930 2216 proxima
944 2140 1001 2215 est,
1015 2137 1136 2199 ratione
1190 2147 1321 2220 uterque
1335 2140 1453 2202 victum
1468 2140 1526 2201 sibi
1541 2142 1635 2218 atque
1649 2138 1791 2200 familiae.
1982 2135 1983 2138 ’

344 2226 472 2288 alterius
491 2232 539 2289 est
556 2229 678 2289 remota
692 2229 825 2302 tanturn,
843 2225 905 2287 imo
921 2231 953 2286 et
967 2227 1053 2288 nulla
1068 2243 1136 2286 esse
1229 2229 1284 2292 ilis
1305 2228 1474 2308 premissis
1495 2230 1586 2291 DICO
1608 2230 1637 2288 l.
1656 2227 1690 2289 si
1711 2223 1951 2304 Paenitenspteni·

343 2319 447 2396 potest
469 2321 500 2378 et
521 2316 677 2389 vicissim
702 2333 785 2394 saepe
808 2314 892 2375 enim
912 2315 948 2376 ιιι
972 2318 1006 2376 ιιι
1020 2313 1089 2394 quis
1103 2314 1136 2374 in
1190 2318 1295 2381 tentiae
1311 2320 1513 2380 Sacramenta
1529 2315 1699 2396 aliquando
1716 2315 1866 2395 expiatus,
1879 2313 1952 2372 inea·

344 2403 450 2484 aliquo
471 2403 623 2482 peccandi
647 2401 786 2482 periculo
811 2402 991 2481 frequenter
1014 2401 1137 2481 reipsa
1191 2407 1263 2467 dem
1277 2408 1408 2484 peccata
1426 2404 1608 2484 frequenter
1622 2403 1783 2464 dilabatur
1798 2400 1950 2482 postsingu·

344 2496 464 2570 pecoet,
489 2492 522 2552 in
545 2492 658 2552 eodem
678 2508 742 2551 non
763 2495 913 2568 peccante
936 2489 1055 2562 altero;
1072 2489 1136 2550 imo
1189 2494 1236 2556 las
1251 2489 1483 2567 Confessiones,
1501 2491 1605 2551 necin
1621 2489 1772 2571 praesenti
1787 2487 1952 2551 confessione

345 2598 407 2641 non
432 2596 503 2640 raro
528 2579 651 2655 evenit,
678 2581 712 2639 ιιι
735 2577 846 2638 eadem
870 2577 992 2638 occasio
1016 2576 1136 2638 ratione
1190 2577 1434 2640 vehementioris
1459 2577 1575 2639 doloris
1598 2596 1695 2658 quam
1718 2577 1752 2637 in
1773 2571 1954 2656 prioribnssi·

345 2667 497 2748 ejusdem,
523 2668 617 2728 modo
642 2667 795 2744 proxima,
812 2684 884 2726 oum
904 2666 1023 2727 scilicet
1044 2665 1077 2726 in
1099 2683 1137 2726 ea
1190 2667 1423 2746 gnificationem
1447 2666 1593 2728 ostendat
1615 2671 1646 2726 et
1664 2665 1697 2726 in
1718 2664 1831 2726 iisdem
1843 2665 1953 2724 versam

344 2756 525 2836 frequenter
539 2759 669 2835 peccat;
685 2755 779 2816 modo
794 2759 916 2815 remota
932 2758 1065 2831 tantum,
1083 2757 1137 2816 aut
1191 2754 1357 2835 adjunctis,
1368 2753 1578 2814 absolvendus
1592 2756 1722 2814 nonest.
1736 2751 1889 2819 Probatur,
1902 2747 1954 2829 quia
1981 2797 1982 2800 ,

345 2844 430 2904 nulla
440 2861 568 2923 prorsus
582 2843 633 2920 sit,
655 2859 727 2904 cum
737 2859 849 2920 nempe
864 2841 957 2904 desiit
969 2841 1000 2902 in
1012 2861 1050 2902 ca
1063 2859 1136 2922 pec·
1191 2839 1369 2920 frequentes
1392 2841 1459 2902 ιιιιι
1481 2840 1514 2900 ιιι
1534 2840 1646 2902 cadem
1667 2840 1803 2902 crimina
1816 2837 1953 2920 prolapsio·
1981 2847 1983 2862 ²

345 2949 428 3011 care,
445 2939 500 2993 aut
514 2937 597 2994 certe
611 2931 769 2992 rarissime
785 2933 905 3008 peccat.

384 3026 415 3084 ι.
431 3024 503 3085 Jarn
516 3039 591 3082 vero
614 3020 737 3082 occasio
759 3019 912 3098 proxima,
936 3019 998 3080 elia
1017 3023 1063 3082 est
1081 3038 1137 3082 vo·
1191 3022 1327 3096 arguunt
1344 3019 1410 3081 veri
1430 3019 1546 3080 doloris
1567 3035 1604 3079 ac
1625 3018 1743 3080 sinceri
1764 3015 1903 3098 propositi
1918 3013 1954 3075 de
1982 3049 1983 3054 κ

344 3111 490 3186 luntario,
512 3109 573 3171 alia
595 3107 816 3170 involuntaria.
844 3107 972 3170 Occasio
994 3106 1137 3186 proxima
1190 3106 1325 3182 lectum3
1352 3109 1465 3188 vixque
1492 3105 1560 3167 fieri
1584 3110 1689 3185 potest
1715 3109 1752 3168 ut
1779 3107 1847 3186 ipsa
1870 3107 1955 3166 Sacra·

344 3199 523 3261 voluntaria
537 3197 650 3274 dicitnr
660 3215 707 3272 ea,
721 3214 791 3276 quae
807 3213 869 3256 non
884 3194 1013 3273 physice
1028 3193 1133 3268 modo,
1190 3197 1287 3257 menti
1310 3197 1410 3276 gratia
1434 3197 1537 3258 inanis
1559 3197 1653 3258 toties
1674 3199 1706 3259 et
1726 3195 1869 3257 inefficax
1885 3187 1955 3254 sitad

345 3287 400 3350 sed
423 3288 518 3350 etiam
541 3287 702 3349 moraliter
725 3285 791 3345 sine
812 3284 900 3363 gravi
923 3282 1135 3357 incommodo,
1190 3285 1403 3365 prohibendos
1425 3287 1551 3364 lapsns;
1575 3286 1660 3346 undo
1680 3291 1759 3347 tunc
1778 3285 1954 3346 nonlerear-
1981 3321 1983 3356 ,

346 3378 400 3437 ant
413 3373 521 3449 animi,
534 3380 589 3434 aut
603 3371 754 3452 corporis,
764 3372 813 3432 vel
824 3372 1020 3431 fortunarum
1035 3366 1136 3430 deseri
1190 3380 1375 3451 gumentum
1398 3377 1446 3435 est
1464 3372 1549 3453 quod
1567 3373 1627 3436 rite
1646 3378 1778 3452 paratus
1800 3373 1839 3435 ad
1853 3373 1955 3432 Sacrum
1981 3363 1983 3452 q

345 3467 458 3542 potest,
481 3463 554 3525 licet
574 3463 653 3523 torte
675 3479 738 3522 non
757 3459 823 3520 sine
838 3459 927 3539 gravi
949 3458 1055 3538 aliqua
1069 3475 1137 3518 mo·
1188 3461 1337 3524 'l'ribunal
1352 3480 1513 3544 nunquam
1528 3462 1707 3540 accesserit,
1721 3480 1858 3544 cumque
1872 3461 1955 3522 Sarra·
1981 3513 1983 3538 ι

345 3551 446 3628 ιιιιιι,
471 3550 586 3630 quippe
609 3567 678 3630 quae
700 3567 738 3609 ex
757 3565 855 3626 pravo
869 3549 982 3608 affectu
998 3545 1136 3625 proficis-
1190 3549 1288 3610 menti
1301 3549 1404 3627 gratia
1418 3549 1569 3612 haetenus
1584 3549 1736 3612 carnisse.

346 3641 435 3700 catur
452 3658 459 3700 ι
476 3658 506 3699 v.
519 3658 551 3718 g.
563 3638 587 3698 si
605 3637 674 3717 quis
688 3635 800 3696 artifex
813 3635 961 3715 frequens
975 3633 1006 3694 in
1021 3632 1138 3713 popina
1230 3641 1311 3700 Nota
1331 3641 1436 3699 autem
1456 3640 1484 3697 l.
1503 3637 1587 3716 quod
1611 3635 1686 3714 dixi,
1711 3637 1739 3698 si
1757 3636 1893 3718 poenilaa
1909 3631 1955 3712 [re
1981 3655 1983 3712 ;

345 3725 401 3802 ιιι,
425 3726 531 3807 ibique
552 3727 652 3788 soleat
669 3724 742 3785 vino
758 3728 852 3802 caput
866 3727 1065 3802 mentemque
1080 3721 1136 3782 ob-
1189 3737 1311 3808 quanter
1319 3726 1452 3807 relapsus
1464 3727 1514 3793 sit,
1532 3724 1607 3804 quia
1620 3729 1745 3787 certum
1760 3731 1809 3788 est
1822 3741 1907 3785 unum
1917 3722 1956 3780 aut
1981 3725 1983 3782 ι

345 3833 456 3889 ruere;
478 3815 537 3876 erit
551 3815 578 3875 ei
598 3813 714 3893 popina
730 3812 851 3874 occasio
866 3812 1017 3890 peccandi
1032 3809 1137 3890 proxi·
1190 3817 1323 3876 alterum
1338 3814 1421 3876 intra
1435 3815 1542 3893 plures
1556 3831 1682 3874 menses
1704 3833 1735 3876 v.
1762 3833 1794 3894 g.
1814 3811 1956 3892 legitimum
1981 3809 1983 3894 ξ

344 3923 407 3983 ma,
425 3923 524 3985 eaque
539 3903 674 3965 maxime
689 3902 883 3977 voluntaria,
901 3901 976 3981 quia
989 3905 1023 3962 ut
1036 3903 1134 3978 patet,
1189 3907 1410 3982 argumentum
1425 3921 1488 3964 non
1504 3921 1583 3979 esse,
1600 3921 1662 3983 quo
1678 3902 1848 3966 inducatur
1860 3897 1956 3962 ιιιιιιι
1981 3901 1983 3968 ι

344 3995 448 4070 potest
462 3991 501 4052 ad
516 3991 666 4070 popinam
681 4007 744 4048 non
759 3988 920 4065 accedere,
933 4007 995 4049 non
1005 3987 1135 4067 physice
1189 3990 1290 4051 sarius
1304 3991 1345 4052 ad
1360 3991 1552 4052 credendum
1571 3989 1791 4069 poenitentem,
1817 4007 1871 4050 nee
1887 3989 1957 4047 ania
1979 3971 1983 4080 i,

345 4079 445 4140 solum
469 4097 525 4140 seu
548 4080 656 4156 libere,
682 4078 738 4140 sed
760 4077 922 4138 moraliter
943 4077 1050 4153 etiam,
1075 4077 1135 4136 hoc
1190 4097 1300 4140 verum
1314 4078 1454 4140 dolorem
1469 4079 1622 4156 attulisse,
1639 4097 1697 4140 neo
1711 4078 1880 4140 etiamnum
1891 4073 1956 4134 ιιιιι

345 4171 402 4245 ιιι,
425 4167 469 4228 ιιι
490 4171 525 4229 ut
545 4168 665 4227 nullum
688 4165 792 4247 quoad
816 4165 948 4226 salutern
972 4169 1133 4240 aeternam,
1189 4185 1232 4230 re.
1258 4169 1365 4248 ltaque
1394 4166 1577 4247 hujusmodi
1602 4168 1710 4246 lapsus
1737 4168 1854 4228 innata
1878 4161 1956 4244 polius

345 4255 450 4336 quoad
464 4273 588 4336 eorpus,
606 4256 750 4332 formam,
767 4273 835 4315 ram
847 4254 1044 4330 familiarem,
1061 4253 1135 4314 alia·
1188 4254 1359 4334 fragilitati,
1376 4273 1472 4335 quam
1486 4255 1652 4316 obfirmato
1666 4254 1697 4316 in
1715 4255 1856 4334 nequitia
1873 4250 1954 4312 anino

345 4363 406 4424 que
421 4345 605 4424 temporalia
618 4343 853 4405 bonaindesihi
864 4342 1015 4403 damnum
1029 4358 1136 4402 accer-
1189 4342 1387 4406 adscribendi
1402 4345 1484 4404 sunt.
1512 4345 1620 4423 Neque
1642 4360 1717 4406 vero
1742 4340 1908 4405 differenda
1923 4337 1957 4396 at

346 4437 404 4494 sat.
431 4432 559 4495 Occasio
583 4431 734 4510 peccandi
758 4431 911 4510 proxima,
931 4430 988 4491 sed
1007 4429 1135 4490 minimo
1188 4431 1352 4511 poenitenti
1363 4431 1528 4508 absolutio,
1546 4432 1646 4493 donec
1661 4432 1785 4495 dudum
1799 4449 1819 4491 a
1831 4423 1956 4490 consueta

344 4521 532 4598 voluntaria,
556 4539 593 4581 ea
615 4525 671 4597 cst,
693 4539 763 4599 quae
780 4520 826 4580 vel
841 4519 989 4598 physice,
1005 4518 1056 4578 vel
1070 4535 1135 4580 mo·
1189 4519 1371 4580 criminibus
1385 4519 1509 4596 penitus
1518 4519 1714 4595 abstinuerit,
1724 4519 1823 4580 modo
1833 4517 1862 4578 in
1871 4512 1956 4606 eaderq

345 4610 462 4686 raliter,
479 4609 573 4670 modo
597 4626 669 4670 mox
692 4607 850 4687 assignato
875 4606 975 4668 deseri
998 4623 1059 4667 non
1078 4625 1135 4686 po·
1188 4607 1369 4686 frequenter
1382 4605 1488 4684 lapsus
1502 4624 1565 4667 non
1580 4605 1643 4668 sit:
1665 4605 1740 4685 quia
1766 4609 1795 4666 l.
1821 4601 1957 4666 Paenitent

344 4700 416 4759 test.
440 4696 529 4758 Unde
551 4695 613 4757 alia
631 4698 679 4757 ιιι
691 4694 903 4756 involuntaria
915 4693 1057 4773 physice,
1073 4692 1136 4756 alia
1190 4694 1303 4756 delicta
1317 4693 1423 4755 omnia
1436 4711 1494 4755 sua
1508 4694 1681 4756 declaranti
1694 4693 1772 4756 satis
1788 4697 1835 4754 est
1852 4689 1887 4752 ad
1905 4701 1957 4766 pro

345 4785 524 4857 moraliter;
551 4783 759 4846 involuntaria
782 4783 922 4862 physice,
946 4802 985 4845 ea
1007 4782 1132 4858 dicitur,
1189 4782 1372 4844 merendam
1399 4781 1639 4858 absolutionem,
1662 4782 1688 4844 si
1712 4782 1780 4842 reri
1805 4777 1909 4842 doloris
1928 4753 1983 4834 ati

346 4873 435 4955 cujus
449 4872 581 4935 remotio
601 4873 632 4933 in
647 4872 746 4934 libere
760 4872 917 4952 peccantis
931 4871 1067 4933 bominis
1081 4889 1134 4950 po·
1189 4871 1301 4933 sinceri
1319 4871 1471 4950 propositi
1494 4870 1611 4932 indicia
1632 4870 1776 4950 legitima
1796 4870 1827 4930 in
1847 4877 1957 4948 presens

346 4966 457 5025 testate
481 4961 541 5024 sita
563 4977 625 5022 non
649 4965 706 5021 est.
730 4959 763 5022 Si
785 4959 854 5040 quis
875 4979 905 5021 v.
922 4979 953 5038 g.
971 4979 1010 5020 ex
1027 4959 1136 5021 innata
1188 4960 1376 5022 manifestet.
1400 4959 1474 5033 Quis
1488 4962 1595 5020 autem
1615 4959 1782 5040 negaverit
1804 4949 1955 5036 hujusmodi

346 5051 450 5113 indole
466 5049 596 5129 impuris
610 5067 648 5111 ac
661 5048 848 5128 importunis
861 5047 1083 5112 tentationibus
1097 5047 1137 5110 sit
1188 5047 1305 5108 indicia
1319 5046 1459 5110 exhiheri
1473 5066 1507 5108 re
1521 5047 1591 5126 ipsa
1604 5065 1707 5127 posse,
1723 5051 1889 5127 antequam
1907 5055 1955 5120 pte

346 5139 515 5216 obnoxius,
542 5139 670 5219 quibua,
696 5138 794 5199 ferme
818 5156 943 5218 semper
965 5138 1132 5214 concedet,
1190 5136 1291 5198 nitens
1309 5136 1407 5198 vitam
1430 5136 1462 5198 in
1482 5135 1595 5198 melius
1618 5135 1744 5215 penitus
1766 5123 1955 5222 commutanti

346 5246 409 5289 non
423 5227 1132 5308 cordatantum,sedopereetiampeecando;
1190 5225 1270 5296 Quia
1291 5228 1320 5286 ι.
1347 5225 1415 5288 haec
1438 5224 1545 5286 dilatio
1574 5223 1772 5286 Sacramenti
1799 5217 1954 5286 institutam

346 5313 403 5376 etsi
418 5313 504 5374 nulla
519 5333 556 5375 ex
570 5313 607 5374 iis
623 5331 692 5394 qua
707 5312 851 5375 sensibus
866 5312 1066 5392 objiciuntur,
1083 5329 1136 5374 ao·
1189 5311 1353 5374 manifeste
1376 5315 1551 5392 repugnat:
1568 5331 1671 5392 neque
1698 5309 1786 5372 enim
1808 5309 1952 5372 iusouun

345 5401 440 5462 cedat
457 5401 497 5462 ad
516 5401 712 5479 peccandum
730 5401 888 5463 illecebra.
905 5403 1005 5464 Erunt
1018 5401 1063 5462 illi
1077 5402 1137 5462 hu·
1189 5401 1342 5464 duntaxat
1355 5401 1414 5464 fnit
1436 5400 1477 5462 ad
1499 5400 1732 5480 preteritarum
1758 5412 1900 5462 noxarum
1917 5406 1952 5450 rt·

343 5487 482 5570 jusmodi
504 5489 692 5552 tentationes
715 5489 837 5552 occasio
861 5489 1011 5570 peccandi
1034 5491 1136 5590 proxi·
1189 5488 1382 5569 missionem,
1405 5490 1462 5554 sed
1476 5489 1571 5554 etiam
1585 5489 1627 5554 ad
1645 5490 1785 5553 futuram
1799 5481 1953 5552 carumdem
