3946 6346
277 558 318 617 16
609 551 634 616 E

281 747 374 799 abesse
396 745 549 794 contractus
562 740 688 800 11616166,
705 749 769 788 num
790 738 844 786 961.
865 731 993 783 venditio
1018 742 1073 778 res-

281 817 355 868 cindi
379 817 468 877 potest
490 814 587 860 mutuo
609 821 753 869 consensu,
778 807 800 856 sl
824 804 941 854 adiuerit
964 802 1074 865 pactum

282 884 498 937 commissorium
513 881 556 931 vel
570 879 731 944 adlectionis
747 880 774 928 in
784 877 867 936 diem,
884 872 1075 951 peractionem

282 953 505 1013 redhibitoriam,
532 955 642 1015 propter
664 950 802 1000 1666166666
826 947 896 996 ultra
919 941 1074 1000 dimidium,

282 1039 331 1091 per
344 1024 543 1076 restitutionem
554 1021 583 1070 in
599 1020 742 1082 integrum,
766 1030 793 1067 n.
812 1019 866 1067 913.
882 1015 1021 1066 detractus
1035 1013 1076 1088 est

279 1097 324 1159 166
344 1093 415 1157 6666
435 1091 516 1141 66666
536 1089 685 1153 proximior
693 1086 911 1150 consanguineus
926 1081 960 1132 ad
976 1092 1076 1160 666666-

282 1167 401 1216 dendum
428 1161 614 1211 venditionem
637 1160 678 1209 rei
702 1157 850 1208 immobilis
876 1153 968 1204 661666
988 1155 1075 1216 pretio

282 1249 336 1301 quo
350 1233 385 1283 ab
400 1237 528 1282 extraneo
542 1231 584 1280 rel
602 1231 745 1279 remotiore
757 1226 957 1290 consanguineo
968 1238 1010 1274 res
1024 1222 1076 1273 tuit

283 1309 381 1372 surpta,
397 1305 580 1355 commrmiter
594 1303 624 1353 116
643 1303 715 1352 iutra
729 1313 833 1350 auurrm
852 1301 879 1348 66
900 1297 983 1356 diem,
999 1307 1074 1346 num.

282 1375 557 1432 sitsuccessurum
572 1377 599 1423 66
617 1386 675 1423 666
691 1370 771 1421 alteri
785 1373 875 1434 potest
892 1367 1037 1425 redimere,
1049 1367 1077 1415 et

282 1451 371 1516 potest
401 1448 428 1498 in
461 1445 547 1496 dubio
570 1447 720 1508 emptorem
741 1453 837 1504 cogere
864 1439 898 1489 ad
928 1436 1076 1502 iurandum

283 1519 378 1585 quariti
389 1518 494 1578 emerit,
509 1531 537 1566 6.
556 1517 610 1567 991.
634 1516 774 1565 detractus
798 1509 926 1575 impediri
940 1509 1039 1572 potest,
1053 1505 1075 1555 61

283 1594 390 1655 emptor
402 1601 465 1639 cum
479 1599 613 1638 66666666
628 1584 778 1635 venditoris
792 1583 820 1631 iu
836 1581 1017 1658 instrumento
1032 1589 1077 1640 po·

282 1665 331 1713 nat
349 1659 436 1724 666166
458 1658 576 1722 pretium
599 1667 681 1720 quam
705 1653 761 1718 ipse
781 1653 878 1703 solvat.
903 1649 953 1702 1161
977 1661 999 1698 ιι
1013 1661 1077 1728 cum

283 1735 402 1796 emptore
417 1727 571 1788 conveniat,
597 1729 629 1776 ut
651 1728 754 1789 partem
773 1723 853 1788 pretii
868 1719 1076 1786 postreudrtso·

283 1799 453 1852 nerniactam
464 1797 587 1857 redonet,
614 1797 660 1846 sed
684 1794 729 1844 616
752 1791 932 1843 committitur
945 1788 1034 1849 dolus,
1048 1801 1076 1838 n.

282 1873 336 1923 991.
356 1872 451 1922 Emere
475 1871 502 1917 et
526 1866 643 1917 rendere
675 1877 730 1914 non
760 1861 913 1914 necessario
940 1859 986 1910 616
1010 1858 1077 1908 testo

283 1943 427 2002 nonlicet,
444 1939 497 1990 6161
513 1937 683 1989 6666666666
705 1937 741 1986 616
759 1933 905 1994 contraria,
917 1932 1003 1982 relax
1016 1928 1078 1980 aliis

283 2013 371 2064 causis
385 2013 534 2071 excusetur,
551 2009 569 2058 1.
585 2009 609 2068 ³,
625 2021 650 2071 p.
667 2011 692 2068 1,
702 2019 729 2056 6.
744 2006 799 2056 619.

562 2103 812 2158 ENERGUMENUS.

314 2204 493 2269 Energnmeni
508 2205 617 2268 propter
626 2203 735 2267 peccata
746 2199 847 2250 obsessi
857 2210 873 2248 a
883 2197 1007 2248 demone
1020 2209 1079 2260 pos-

283 2283 347 2328 sunt
360 2287 420 2341 post
435 2274 623 2336 penitentiam
637 2283 699 2322 cum
713 2270 801 2322 666666
815 2267 1011 2321 Eucharistiam
1020 2280 1078 2316 666·

283 2350 382 2413 cipere,
397 2347 414 2396 1.
428 2348 452 2406 6,
469 2361 495 2410 p.
510 2348 534 2406 1,
549 2357 576 2394 6.
587 2346 641 2394 662.

315 2415 494 2480 Energumeni
508 2419 573 2466 6666
584 2413 746 2476 irregulares
764 2413 791 2462 et
803 2408 926 2462 ordinari
939 2423 995 2461 nou
1016 2423 1080 2476 pos·

283 2492 356 2547 sunt,
371 2487 400 2536 in
418 2486 466 2536 buc
482 2489 571 2534 tamen
593 2482 791 2546 irregularitate
815 2481 922 2532 praelati
937 2481 1080 2546 Regularus

284 2560 440 2623 dispensare
456 2557 576 2618 possunt,
592 2553 609 2603 1.
625 2556 649 2614 6,
673 2567 699 2616 p.
719 2554 742 2602 2.
762 2565 789 2602 6.
805 2553 885 2610 2219ς
909 2552 927 2602 l.
943 2553 967 2613 1,
983 2553 1078 2602 6196.

285 2629 390 2682 Sufficit
403 2625 570 2689 dispensatio
586 2623 717 2688 implicita
728 2636 776 2672 seu
790 2623 926 2684 virtualis,
940 2626 969 2673 st
995 2622 1080 2672 semel

285 2703 323 2752 616
338 2700 512 2762 dispensatus
523 2699 563 2746 est
579 2696 828 2760 eapexrralature
839 2696 905 2746 1666
919 2698 994 2746 estre
1005 2694 1081 2746 Ordi-

286 2785 357 2834 nem,
373 2771 391 2821 l.
399 2771 424 2832 6,
439 2782 465 2833 p.
480 2771 504 2830 2,
520 2779 547 2817 6.
558 2769 627 2818 2219.

618 2855 746 2908 EPtlltts.

317 2956 424 3021 Epiikia
438 2958 569 3007 66666666
583 2953 734 3018 prudentie
758 2965 813 3018 quo
827 2966 861 3003 ex
875 2965 954 3017 equo
967 2955 994 3002 et
1008 2951 1081 3004 6666

285 3027 428 3094 ludicatur
453 3025 525 3090 quod
540 3025 622 3074 rerba
637 3023 712 3088 legis,
728 3023 852 3087 quamvis
866 3023 938 3074 61666
955 3024 1018 3086 6166,
1040 3027 1080 3073 ta·

288 3111 351 3149 men
366 3097 448 3147 61666
461 3108 534 3146 6666
548 3106 604 3144 666
622 3093 676 3144 6166
691 3091 860 3153 6666666161.
878 3096 900 3154 1,
915 3105 942 3142 6.
957 3095 1011 3143 629.
1028 3094 1082 3144 611-

288 3169 339 3219 1666
352 3167 386 3217 66
397 3165 618 3228 interpretatione
637 3162 709 3227 quod
724 3164 782 3212 hoec
796 3164 914 3226 exponat
928 3164 1010 3214 rerba
1021 3165 1082 3215 666-

288 3249 369 3296 curu,
391 3231 492 3297 epiilsia
510 3236 602 3283 antem
623 3233 707 3282 616666
725 3234 797 3282 66666
815 3231 858 3294 agi
881 3234 976 3283 contra
1000 3233 1082 3283 rerba

289 3309 361 3359 clara
375 3305 450 3370 legis.
473 3305 493 3354 Α
520 3303 732 3368 presumptione
756 3302 872 3352 licentias
890 3301 991 3368 6111666,
1009 3303 1082 3368 quod

289 3379 346 3428 lure
360 3377 495 3440 supponet
508 3372 596 3437 legem
610 3371 737 3424 etiamad
754 3372 827 3422 hunc
841 3386 932 3422 cusum
947 3387 975 3424 se
990 3378 1083 3425 exten·

290 3451 363 3509 dere,
374 3449 400 3495 et
410 3445 589 3508 obligaturum
610 3444 702 3504 tuisse,
721 3443 774 3494 uisi
795 3443 905 3493 11666616
929 3445 1083 3508 Superioris

289 3521 381 3582 aliqua
396 3517 549 3577 baberetur,
570 3527 624 3578 qua
638 3514 773 3578 permittit
785 3513 829 3578 agi
844 3517 936 3564 contra
952 3528 984 3564 eo
997 3516 1082 3578 quod,

290 3591 313 3641 si
333 3587 556 3650 interrogaretur,
587 3583 726 3634 licentiam
749 3583 838 3642 daretr
864 3582 964 3647 epiilsia
990 3589 1084 3636 autem

291 3660 374 3710 dictet
387 3659 507 3708 mentem
518 3654 691 3718 Logislutoris
705 3666 760 3704 666
775 3653 893 3703 voluisse
908 3657 1084 3720 comprehen-

290 3731 353 3781 dere
364 3740 474 3788 casum,
489 3725 664 3788 quantumvis
677 3723 745 3774 elias
759 3723 849 3774 uerbis
863 3724 943 3775 elaris
959 3738 1084 3792 66661666-

291 3803 415 3859 6666666,
432 3810 459 3847 6.
474 3798 528 3848 829.
553 3796 613 3845 Non
632 3794 715 3845 babet
735 3793 823 3845 locum
844 3795 872 3846 in
892 3794 950 3861 lege
965 3797 1082 3848 66166611

290 3885 340 3922 666
354 3869 457 3927 diviua,
472 3864 525 3914 nisi
540 3865 698 3928 improprie,
712 3867 740 3914 et
754 3864 841 3928 quoad
859 3877 917 3928 uos,
940 3880 967 3916 n.
982 3868 1037 3918 631.
1054 3867 1084 3920 16

290 3944 348 4004 loge
362 3939 482 3990 bumana
497 3935 588 3986 locum
607 3934 699 3998 66666,
719 3945 774 3985 666
793 3939 883 3986 umen
902 3937 925 3988 61
946 3936 1084 4002 legislator

291 4009 449 4074 interrogari
464 4007 558 4073 possit,
575 4020 602 4056 ιι.
617 4007 672 4058 611.

579 4101 796 4155 ErlLErrtcth.

323 4199 488 4268 Epilepticus
502 4199 542 4247 666
557 4195 715 4259 irregularis
730 4195 757 4245 16
773 4193 868 4247 ordine
882 4197 917 4247 ad
934 4199 1084 4264 suscipien-

291 4276 341 4326 dos
354 4271 477 4332 Ordines,
490 4268 508 4319 l.
523 4269 548 4325 1,
569 4269 662 4318 6195.
680 4267 708 4317 16
723 4267 767 4318 616
787 4267 938 4319 Germania
961 4272 1086 4335 partibus

292 4345 382 4409 praxis
410 4345 449 4392 est
468 4342 498 4390 ut
516 4340 678 4390 admittetur
698 4338 731 4388 66
746 4337 860 4388 0661666
888 4339 910 4389 si
935 4353 983 4404 per
1009 4342 1085 4394 bien.

293 4416 371 4466 6166
386 4411 465 4462 166616
479 4411 574 4461 morbo
589 4409 667 4471 11666,
682 4409 771 4459 6195.
787 4409 814 4462 61
830 4421 877 4472 666
888 4417 989 4476 septem
1000 4427 1086 4466 annos

294 4487 362 4537 11666
375 4482 466 4542 inerit,
474 4480 651 4545 probabiliter
665 4483 761 4543 potest,
777 4481 858 4529 611666
873 4493 930 4531 666
943 4483 1085 4536 admonito

294 4557 433 4622 Episcopo,
444 4552 556 4604 0661666
570 4551 716 4615 suscipere,
728 4563 754 4600 n.
770 4553 824 4602 195.
840 4551 868 4600 61
886 4553 1027 4605 ordinatus
1041 4558 1085 4621 sit,

293 4630 321 4678 66
331 4637 391 4676 raro
406 4623 483 4674 66661
497 4635 546 4672 666
561 4624 676 4686 spumet,
693 4619 820 4686 privatim
835 4621 970 4674 celebrere
987 4629 1087 4690 potest,

294 4711 321 4749 6.
336 4697 389 4746 195.

573 4759 799 4812 Episcopatus.

325 4861 500 4924 Episcopatus
513 4860 554 4908 est
570 4858 640 4908 0666
664 4859 691 4907 66
711 4857 925 4924 Sacramentum,
942 4862 960 4912 1.
979 4863 1004 4924 6,
1020 4876 1046 4926 p.
1061 4867 1087 4926 2,

294 4947 322 4984 6.
349 4931 419 4980 2219.
445 4928 621 4992 Episcopatus
644 4931 672 4979 et
692 4927 895 4992 presbyteratus
919 4933 1087 4996 probabilius

294 5005 357 5054 6666
370 5000 485 5052 Ordines
498 4998 631 5059 distincti,
647 5011 673 5049 6.
691 5000 761 5048 2299.
778 5001 949 5054 probabilius
966 5018 1021 5055 uon
1037 5019 1086 5068 po-

293 5076 346 5123 test
359 5069 476 5122 conierri
492 5069 586 5118 eodem
600 5067 644 5118 616
660 5082 723 5118 6666
742 5069 908 5134 6666666616,
925 5086 1001 5124 uum.
1016 5076 1084 5126 2296.

937 544 1058 610 11161111
1080 537 1253 604 GASUUM.
1563 539 1588 600 E

1130 723 1305 786 66616666666
1322 723 1558 788 superioritatem,
1573 735 1600 773 n.
1617 723 1687 774 2219.
1704 723 1880 787 Episcopatus
1889 737 1923 774 sr-

1131 792 1253 842 cundum
1267 789 1375 855 aliquos
1391 795 1431 842 est
1446 792 1587 841 institutus
1603 791 1644 842 Jo.
1659 793 1700 852 21,
1718 805 1744 842 6.
1767 793 1806 853 16,
1825 793 1922 856 666666

1129 861 1251 912 Christus
1265 861 1425 912 6161696666
1443 880 1450 912 r
1466 863 1542 910 pesce
1555 877 1612 910 6666
1628 877 1707 911 ineos.
1733 863 1788 912 Sed
1807 865 1921 927 probabi·

1130 931 1193 982 liter
1206 932 1289 980 etium
1313 934 1354 982 est
1380 931 1524 982 institutus
1543 945 1605 982 cum
1628 931 1800 994 sacerdotio,
1819 945 1846 982 n.
1861 936 1921 983 2211.

1130 1001 1317 1066 praeruperit
1331 1002 1519 1052 Sacerdotium
1533 1016 1582 1053 sex
1592 1003 1737 1052 mensibus
1750 1006 1922 1064 6666662216,

1129 1072 1182 1132 1.1,
1199 1074 1295 1122 6116.
1319 1072 1492 1122 probabilius
1509 1073 1682 1136 praerequirit
1694 1071 1798 1124 saltem
1820 1074 1923 1126 Subdin-

1130 1147 1268 1204 couutnm,
1283 1144 1386 1192 etcum
1405 1143 1507 1192 6166666
1531 1143 1680 1207 Episcopus
1694 1147 1826 1194 66666666
1837 1157 1922 1194 coum·

1130 1213 1279 1264 cretionem
1295 1212 1414 1278 recipere
1431 1213 1504 1262 intra
1518 1215 1572 1262 tres
1591 1226 1709 1274 manses,
1733 1219 1843 1265 6666166
1861 1215 1922 1266 iutra

1129 1285 1299 1334 tresmeuses
1315 1295 1330 1332 a
1345 1281 1390 1332 616
1404 1282 1626 1334 confirmationis
1644 1283 1704 1334 deri
1722 1285 1865 1347 Sacerdos,
1874 1287 1891 1336 1.
1903 1289 1921 1348 1,

1130 1354 1222 1404 6116.
1241 1351 1352 1404 Materia
1367 1352 1426 1415 6166
1440 1366 1496 1404 666
1510 1353 1621 1404 6666616
1636 1353 1784 1418 impositio
1795 1368 1921 1416 manuum,

1130 1423 1148 1474 1.
1162 1423 1186 1482 6,
1203 1435 1228 1486 p.
1246 1421 1270 1482 2,
1282 1433 1309 1471 6.
1324 1421 1394 1472 2118.
1409 1420 1505 1472 valide
1518 1421 1659 1473 coniertur
1672 1421 1708 1474 66
1720 1437 1780 1474 666
1795 1425 1922 1489 Episcopo,

1130 1504 1157 1541 6.
1176 1490 1244 1541 2111.
1260 1488 1381 1540 conferri
1396 1488 1520 1542 6666616
1535 1490 1690 1553 Dominics,
1706 1505 1736 1544 n.
1752 1493 1828 1544 2296.

1437 1607 1622 1662 Episcopus.

1162 1705 1309 1769 Episcopus
1325 1706 1388 1770 plus
1403 1709 1492 1770 potest
1515 1719 1597 1771 quam
1618 1708 1766 1770 Sacerdos,
1790 1707 1809 1760 1.
1828 1711 1851 1770 6,
1868 1725 1890 1775 p.
1901 1714 1921 1772 2,

1131 1789 1158 1825 6.
1174 1777 1243 1826 2121.
1260 1777 1393 1826 Excrccns
1407 1777 1576 1828 pontificalia
1591 1777 1622 1828 16
1639 1779 1765 1842 mortali,
1786 1793 1812 1829 r.
1826 1793 1851 1843 g.
1868 1794 1920 1830 sou-

1132 1846 1261 1896 66666666
1276 1847 1449 1910 Episcopum,
1465 1847 1580 1900 0661666
1599 1848 1783 1910 6661666666,
1798 1855 1857 1912 etc,
1870 1864 1919 1914 per·

1132 1917 1347 1979 catinortaliter,
1373 1931 1429 1968 666
1449 1921 1541 1968 666666
1562 1918 1585 1968 si
1609 1918 1735 1968 conterat
1750 1921 1920 1970 6666666166-

1132 2000 1232 2047 suram,
1247 1987 1390 2037 benedicat
1404 1987 1535 2049 Cbrisma,
1551 1992 1601 2038 etc.
1618 2002 1644 2038 n.
1660 1990 1734 2040 2296.
1752 1990 1784 2040 16
1794 1991 1917 2040 61166166-

1133 2059 1186 2107 6661
1212 2057 1380 2108 pontificalia
1404 2071 1529 2110 exercere
1554 2071 1609 2109 non
1627 2063 1720 2122 potest
1745 2060 1806 2110 sine
1827 2061 1919 2111 11666116

1133 2128 1256 2192 Episcopi
1268 2128 1428 2188 Dioeceaaul,
1446 2132 1473 2177 et
1483 2127 1653 2190 probabilius
1668 2139 1727 2178 nou
1749 2132 1839 2192 potest
1861 2131 1885 2180 iu
1897 2145 1920 2180 66

1133 2211 1182 2248 666
1197 2197 1306 2248 subdito
1322 2197 1444 2248 conterre
1459 2197 1575 2261 primam
1589 2199 1754 2262 Tonsorem,
1766 2202 1855 2262 6259,
1863 2203 1919 2260 2112,

1132 2269 1203 2330 2166,
1220 2269 1293 2318 2695.

1165 2338 1312 2402 Episcopus
1321 2337 1454 2388 inritatus
1469 2337 1503 2388 ad
1518 2337 1705 2389 ordinandum
1718 2339 1748 2389 16
1762 2340 1852 2391 aliens
1865 2343 1920 2391 llio·

1134 2410 1189 2459 6661
1218 2412 1246 2460 et
1259 2423 1322 2460 suos
1344 2411 1371 2458 et
1392 2409 1504 2460 aliunde
1521 2409 1687 2473 generaliter
1700 2410 1832 2462 dimissos
1844 2413 1919 2462 16166-

1134 2479 1228 2528 dinere
1242 2481 1332 2542 potest
1351 2478 1409 2528 siue
1424 2478 1535 2543 speciali
1554 2478 1667 2530 licentia
1688 2479 1818 2545 Episcopi
1837 2481 1919 2541 166161

1133 2550 1169 2598 66
1192 2549 1323 2612 Episcopo
1341 2547 1450 2612 proprio
1467 2549 1655 2612 prescriptam
1679 2551 1917 2603 conditionemim·

1135 2619 1278 2683 plererint,
1293 2632 1309 2668 a
1324 2631 1352 2668 u.
1362 2621 1434 2670 2166.

1166 2689 1313 2752 Episcopus
1335 2701 1391 2738 666
1415 2691 1504 2752 potest
1522 2687 1656 2740 16611666
1671 2690 1803 2753 61666661,
1818 2691 1918 2742 1666666

1135 2759 1163 2808 in
1180 2773 1237 2820 sua,
1253 2763 1330 2809 extra
1352 2757 1464 2809 domum
1486 2759 1602 2822 propria
1624 2759 1811 2812 habitationis
1834 2763 1919 2826 erigere

1134 2828 1217 2880 altare
1238 2828 1332 2892 ibique
1359 2827 1505 2892 celebrare,
1521 2830 1579 2880 sire
1593 2828 1727 2882 celebrari
1737 2832 1835 2894 166666,
1845 2833 1919 2882 ntis

1135 2897 1266 2962 Episcopo
1280 2901 1369 2961 potest
1382 2898 1473 2962 quiris
1487 2899 1630 2948 succedere
1645 2899 1675 2950 iu
1702 2901 1796 2963 altari,
1811 2903 1893 2952 6116

1167 2967 1315 3032 Episcopus
1339 2969 1466 3032 proprius
1480 2973 1605 3032 respectu
1629 2969 1781 3021 ordinandi
1805 2977 1844 3023 est
1859 2973 1919 3035 Epis·

1135 3051 1219 3102 copus
1234 3039 1352 3102 originis
1374 3043 1402 3090 et
1415 3039 1548 3090 domicilii
1566 3039 1610 3089 rel
1627 3040 1771 3104 1166611611,
1787 3043 1919 3106 1166611616-

1136 3123 1219 3174 copus
1243 3107 1389 3160 ordinandi
1409 3111 1535 3159 censetur
1551 3109 1703 3174 Episcopus
1721 3113 1811 3176 pistris
1833 3115 1920 3176 elus,s

1135 3192 1163 3229 6.
1178 3180 1248 3239 2165,
1265 3179 1335 3228 2265.

1166 3250 1314 3313 Episcopus
1329 3251 1469 3298 tonsurare
1484 3260 1540 3298 666
1557 3251 1647 3312 potest
1670 3251 1726 3301 nisi
1744 3250 1918 3302 antecedenter

1135 3319 1286 3379 subditum,
1299 3332 1327 3368 n.
1342 3319 1412 3368 2166.
1428 3318 1478 3368 per
1491 3317 1659 3370 6666661666
1674 3320 1704 3370 16
1717 3321 1811 3372 aliena
1821 3321 1915 3371 61666661

1137 3391 1280 3440 obtentum
1303 3386 1481 3438 beneficiatus
1504 3387 1535 3438 116
1553 3387 1686 3452 Episcopo
1706 3390 1749 3441 illi
1761 3388 1917 3442 subditussd

1137 3459 1263 3510 6116666666
1277 3457 1443 3521 suscipiendi
1459 3456 1585 3519 Ordines,
1602 3459 1626 3508 61
1642 3460 1813 3512 Beneficium
1821 3461 1852 3510 sd
1865 3473 1916 3510 666-

1136 3541 1230 3594 gruam
1245 3528 1308 3578 61666
1323 3527 1550 3578 sustentationem
1569 3527 1702 3580 detractis
1716 3531 1847 3582 oneribus
1858 3527 1917 3578 sudi·

1136 3600 1200 3659 ciat,
1225 3611 1251 3648 n.
1276 3598 1346 3657 2166,
1379 3597 1450 3646 2119.
1483 3595 1598 3647 Ratione
1621 3597 1737 3662 originis
1763 3599 1795 3650 tit
1814 3597 1918 3650 subditus

1137 3669 1270 3732 Episcopo
1294 3665 1322 3716 in
1345 3667 1423 3729 cujus
1445 3665 1559 3717 Dioecesi
1570 3667 1628 3730 ipse
1643 3667 1685 3718 rel
1701 3673 1783 3733 pater
1796 3671 1834 3720 666
1845 3673 1916 3724 ustus,

1137 3737 1249 3789 sednon
1265 3737 1294 3786 in
1309 3748 1361 3800 qua
1376 3739 1457 3786 ustus
1471 3739 1513 3786 est
1526 3736 1653 3799 fortuito,
1667 3752 1696 3789 6.
1711 3741 1787 3802 2122,
1801 3739 1916 3796 662161,

1137 3810 1207 3860 2169.
1222 3807 1336 3858 Ratione
1359 3805 1493 3858 domicilii
1511 3810 1552 3857 est
1570 3808 1702 3860 subditus
1725 3811 1855 3874 Episcopo
1876 3808 1915 3857 loci

1139 3881 1166 3929 16
1182 3891 1236 3942 quo
1246 3878 1379 3929 stabilitor
1393 3877 1507 3938 habitat,
1522 3889 1597 3928 num.
1622 3880 1695 3939 2122,
1711 3881 1787 3940 2112,
1800 3883 1863 3930 2166.
1876 3879 1914 3928 116-

1138 3951 1205 4000 6666
1218 3947 1273 3999 666
1284 3947 1423 4000 domicilia
1434 3949 1576 4012 equaliter
1585 3949 1613 3999 in
1629 3949 1748 4000 diversis
1761 3949 1913 4004 uicesima

1139 4024 1178 4071 est
1191 4018 1316 4070 subditus
1331 4019 1471 4082 utriusque
1492 4019 1626 4082 Episcopi,
1654 4033 1682 4070 6.
1708 4023 1783 4081 ilfi,
1801 4023 1864 4072 2161.
1877 4019 1913 4069 66-

1139 4093 1212 4144 61666
1227 4088 1423 4139 familiaritatis
1437 4087 1534 4138 alieuoe
1544 4087 1676 4140 Dioeoesis
1691 4089 1820 4142 subditus
1836 4089 1913 4140 61166·

1136 4164 1182 4227 166
1197 4159 1320 4225 Episcopi
1339 4157 1475 4220 subditus,
1494 4157 1517 4207 si
1540 4173 1588 4224 per
1601 4159 1754 4212 triennium
1774 4163 1913 4226 completus

1139 4233 1221 4284 inerit
1237 4233 1264 4281 in
1280 4232 1339 4294 ejus
1351 4229 1453 4280 actuali
1467 4229 1587 4292 servitio,
1607 4231 1681 4294 quod
1705 4245 1762 4282 nou
1778 4231 1914 4293 intelligitur

1140 4304 1174 4355 dc
1189 4302 1318 4366 Episcopo
1333 4299 1492 4358 Nullatansi,
1502 4299 1529 4350 id
1545 4304 1586 4350 est
1609 4301 1656 4364 qui
1671 4301 1755 4352 titulo
1770 4299 1913 4353 6661661616

1141 4373 1263 4438 partibus
1278 4369 1429 4418 infidelium
1443 4372 1483 4418 661
1497 4370 1649 4431 ordinatus,
1668 4383 1747 4422 num.
1772 4375 1843 4433 2111,
1861 4371 1912 4420 2161.

1139 4443 1253 4496 Ratione
1277 4439 1433 4504 patrimonii
1457 4445 1505 4490 art
1528 4442 1662 4492 bonorum
1683 4443 1769 4493 etiam
1785 4455 1832 4507 pro
1852 4439 1913 4490 116616

1140 4511 1334 4564 sufficientium
1359 4523 1413 4558 non
1435 4509 1465 4560 ut
1482 4511 1583 4576 aliquis
1606 4511 1733 4562 subditus
1759 4511 1913 4579 Episcopois

1141 4587 1219 4649 cnjus
1232 4579 1346 4632 Dioeeesi
1361 4579 1407 4630 illa
1418 4578 1508 4642 habet,
1524 4595 1574 4632 nec
1588 4583 1694 4632 ratione
1705 4585 1913 4648 prebendeteu·

1141 4654 1250 4720 poralis,
1266 4664 1316 4701 nec
1331 4650 1472 4700 Missurum
1486 4649 1675 4711 fundatarum,
1686 4666 1735 4704 666
1750 4655 1823 4704 616611
1833 4661 1913 4704 mensa

1142 4724 1256 4783 servitii,
1273 4735 1348 4772 uum.
1359 4721 1430 4770 2116.
1445 4722 1498 4772 Nec
1514 4723 1619 4773 ratione
1640 4723 1771 4789 Baptismi
1793 4725 1824 4776 66
1841 4721 1913 4774 subli-

1141 4798 1184 4844 tus
1207 4791 1330 4856 Episcopi
1358 4789 1388 4840 16
1411 4791 1489 4854 cujus
1502 4792 1617 4842 Dioecesi
1640 4807 1701 4843 sum
1722 4795 1856 4858 suscepit,
1873 4789 1912 4840 sisi

1141 4863 1223 4916 tuerit
1237 4865 1330 4921 16666,
1340 4859 1451 4910 1666666
1464 4865 1512 4913 666
1527 4861 1601 4912 61166
1622 4861 1750 4924 16666116,
1774 4877 1845 4914 num.
1857 4861 1911 4912 2111.

1141 4931 1264 4996 Episcopi
1289 4938 1361 4977 nunc
1385 4940 1439 4977 non
1465 4929 1623 4980 immediate
1648 4943 1664 4980 a
1687 4931 1793 4994 Christo
1817 4929 1858 4980 scd
1875 4939 1912 4992 pet

1141 5003 1241 5066 papam
1255 5000 1357 5052 babent
1368 4999 1612 5062 16616616661666ι6,
1623 5014 1651 5050 6.
1662 5001 1731 5051 2261.

1172 5073 1318 5137 Episcopus
1340 5073 1449 5133 accepta
1471 5068 1678 5122 confirmatione
1701 5074 1765 5121 6666
1789 5071 1909 5120 consen·

293 5144 343 5194 Pro
358 5143 449 5193 valore
464 5141 522 5204 6166
536 5139 828 5202 nonrcquiriturcerta
837 5146 979 5206 setasque
995 5147 1086 5196 tamen
1140 5143 1244 5193 tionem
1258 5141 1346 5204 potest
1370 5139 1462 5189 omnia
1482 5152 1543 5202 6666
1566 5143 1631 5189 6666
1653 5140 1857 5200 iurisdictionis,
1874 5134 1908 5186 sed

292 5213 441 5278 requiritur
450 5211 879 5278 pro'turisdictioneacquireuda,
892 5228 918 5264 6.
930 5216 983 5264 231.
994 5213 1086 5264 Chori-
1139 5225 1195 5264 666
1210 5223 1270 5275 quar
1285 5213 1348 5260 6666
1363 5209 1472 5260 0661616
1487 5209 1663 5274 Episcopalis,
1674 5210 1724 5270 1.1,
1741 5225 1769 5260 6.
1784 5211 1834 5260 116.

292 5285 475 5349 Episcopatus,
503 5282 780 5344 drobi-Diaconatus,
804 5284 1085 5349 Archi-Episcopatus,
1171 5283 1318 5348 Episcopus
1342 5279 1369 5330 16
1394 5293 1442 5328 666
1465 5280 1578 5330 61666661
1597 5293 1653 5331 666
1674 5283 1760 5344 potest
1783 5278 1908 5343 approbare

293 5353 501 5413 Patriarcbutns,
531 5352 683 5412 primatus,
708 5353 824 5416 papatus
847 5367 901 5404 nou
932 5355 1086 5418 siguiduant
1139 5354 1310 5407 Sacerdotem
1333 5349 1455 5400 alienum
1474 5363 1521 5413 pro
1543 5349 1758 5401 confessionibus
1779 5347 1907 5406 sumendis

293 5424 495 5483 sacamentum
517 5421 560 5484 rel
584 5421 782 5485 ordinemsed
808 5425 899 5490 potius
922 5425 1084 5490 dignitatem
1139 5424 1193 5474 nisi
1208 5421 1339 5474 subdatur
1353 5417 1393 5478 illi
1408 5417 1504 5478 saltem
1518 5417 1551 5468 66
1567 5419 1742 5486 tempesto,
1753 5434 1779 5484 p
1790 5417 1906 5482 261166
