3976 6348
635 523 687 588 DE
714 525 977 590 utantuoruo.

39 713 125 792 reptent
138 705 314 790 pecuniam,
331 707 458 790 quando
477 710 591 772 milites
605 714 716 791 petunt
729 732 780 774 11-

14 821 15 824 ’
38 801 213 866 1111111111111
225 801 469 879 matrimonium,
482 801 608 863 videtur
625 803 781 864 etiamhoc

14 933 15 936 =
37 893 99 954 icen
112 889 242 967 Principi.
260 891 296 950 R.
314 889 493 968 Principem
513 890 704 952 catholicum
719 910 781 952 non

1576 531 1629 590 191

877 713 895 792 §
915 717 945 775 9.
971 715 1068 775 Docet
1091 717 1174 777 Less.
1203 735 1236 774 m
1260 721 1337 776 acet.
1362 733 1391 776 υ.
1416 709 1632 776 Hoeretr'corum
1671 711 1712 758 ‘¹7⁵

838 800 1027 877 10101111τὶ0,
1053 819 1109 862 cus.
1141 805 1190 878 et,
1217 821 1270 863 cos
1294 801 1464 862 catholicos
1487 820 1630 882 peccare,

839 887 891 968 qui
914 907 1020 948 corum
1038 889 1180 951 ministro
1202 890 1376 952 acatholico
1399 891 1633 952 matrimonium

36 997 98 1059 posse
108 977 268 1056 approbare
283 975 359 1038 talia
372 975 584 1054 Matrimonia,
597 997 699 1057 nequa
714 978 782 1038 haec
837 977 992 1036 attentant
1001 975 1198 1054 contrahere,
1212 977 1421 1056 quiavidetur
1431 996 1497 1038 esse
1512 982 1633 1056 protes-

14 1064 120 1129 ceuseri
139 1081 221 1142 posse
245 1063 369 1140 valida,
398 1065 442 1125 uti
466 1063 541 1124 satis
565 1063 721 1144 colligitur
745 1084 783 1125 ex
837 1061 926 1137 tatio,
939 1079 976 1122 ao
991 1060 1015 1121 si
1026 1062 1077 1123 hic
1091 1063 1222 1124 haberet
1237 1064 1455 1125 auctoritatem
1465 1066 1633 1127 Ecclesias-

36 1155 98 1216 dietis
108 1173 131 1212 1.
144 1155 208 1212 nt.
225 1153 288 1212 Neo
303 1152 482 1230 exemplum
501 1151 614 1230 prioris
634 1151 783 1232 temporis

35 1239 117 1303 adduci
128 1241 221 1316 potest
234 1255 291 1316 pro
306 1239 416 1317 regula
430 1237 585 1314 moderni,
607 1239 681 1318 quia
696 1239 782 1299 Prin-

35 1330 94 1408 cipes
110 1326 227 1388 eutehac
254 1330 345 1388 erant
368 1326 545 1403 acatholici,
572 1346 643 1388 curn
668 1328 782 1409 quibus

34 1418 89 1478 torte
106 1413 309 1476 dissimulabat
332 1414 491 1487 Ecclesia,
521 1433 585 1475 non
614 1415 689 1476 item
712 1434 784 1476 cum

838 1149 943 1226 ticam,
956 1169 1052 1229 quam
1062 1156 1183 1213 certum
1194 1157 1241 1212 est
1255 1170 1317 1212 non
1332 1152 1461 1213 habere.
1475 1155 1514 1213 Et
1525 1171 1634 1232 quam-

838 1237 884 1297 vis
899 1238 1011 1317 aliquis
1022 1239 1089 1318 jam
1104 1243 1176 1300 ante
1197 1241 1402 1301 contraxisset
1416 1260 1522 1302 coram
1538 1244 1634 1302 Paro-

841 1324 899 1384 cho
925 1324 1091 1402 catholico,
1112 1327 1216 1388 adhuc
1240 1327 1315 1388 dicit
1337 1327 1413 1390 Less.
1439 1346 1581 1407 peccare,
1608 1327 1632 1387 si

839 1417 1020 1488 compareat
1047 1431 1154 1473 coram
1175 1413 1317 1475 ministro
1343 1415 1516 1484 acatholico
1543 1414 1633 1475 adhi-

14 1495 15 1568 Ῐ
35 1501 171 1577 catholicis,
194 1501 279 1582 apud
303 1521 381 1581 quos
405 1503 559 1582 ejusmodi
589 1505 783 1566 consuetudo
838 1498 932 1558 bente
952 1499 1171 1560 ceremoniam
1187 1501 1326 1581 aliquam
1345 1502 1539 1580 religiosam,¹
1552 1520 1583 1562 1.
1600 1521 1631 1580 g.

35 1607 154 1670 nunquam
166 1588 365 1668 permittitur.
388 1590 479 1662 Quod
498 1595 604 1652 autem
619 1591 730 1652 attinet
744 1591 784 1651 ad
838 1585 1090 1647 benedictionem
1113 1587 1303 1666 nuptiarum.
1323 1591 1349 1649 E
1370 1595 1480 1650 contra
1500 1587 1635 1669 Verjuys

14 1671 184 1738 {ascusam
206 1681 300 1738 certae
322 1695 454 1738 summae
477 1679 667 1756 pecuniam,
689 1679 784 1740 etiam

36 1763 162 1825 licendum
174 1767 220 1826 est
234 1783 302 1826 esse
312 1764 448 1844 Principi
459 1764 614 1827 catholico
628 1765 781 1828 illicitum.

14 1881 15 1894 .
37 1849 78 1911 dee
90 1850 164 1912 obtul
176 1851 260 1932 quod
281 1852 367 1929 olim,
388 1852 464 1912 dum
483 1853 676 1914 acatholicus
696 1857 783 1931 erat,

14 1987 16 1990 .
36 1937 159 2015 idleeerit,
178 1957 251 2000 nam
271 1943 339 2001 erat
356 1940 526 2002 materialis
546 1945 667 2004 tanturn
689 1942 786 2003 harre·

14 2021 17 2094 ξ
37 2026 99 2102 teus,
116 2031 141 2086 et
156 2027 344 2105 procedebat
361 2027 533 2106 bonafide,
550 2034 664 2108 putans
678 2029 786 2092 matri-

14 2112 111 2174 monia
129 2132 188 2174 esse
212 2118 392 2176 contractus
414 2119 536 2177 tantum
561 2115 677 2194 civiles,
703 2117 788 2178 circe

14 2193 15 2250 Ϊ
37 2217 91 2277 quos
101 2199 217 2262 haberet
230 2204 417 2279 potestatem
432 2201 619 2280 disponendi
632 2223 640 2277 ;
657 2202 716 2264 hoc
731 2222 787 2264 au-

14 2285 142 2364 tenjam
161 2286 330 2349 catholicus
354 2292 465 2367 putare
489 2307 552 2350 non
575 2295 688 2369 potest,
714 2308 787 2350 cum

36 2371 90 2432 sciat
107 2391 163 2434 esse
185 2375 435 2452 Sacramentum,
457 2378 489 2436 et
507 2394 569 2436 non
594 2377 708 2438 cadere
728 2376 786 2437 sub

14 2457 226 2542 dopositionem
255 2463 418 2541 potestatis
445 2464 603 2524 saecularis
629 2483 635 2525 :
662 2481 737 2543 ergo
761 2463 787 2524 si

36 2553 141 2626 acceptet
151 2551 330 2629 pecuniam,
347 2551 482 2612 maxime
497 2555 650 2631 tanquam
664 2553 788 2631 dispen-

14 2637 15 2674 3
36 2635 123 2696 111111
139 2636 368 2717 impedimento,
390 2643 512 2701 certum
536 2643 583 2700 est
606 2658 678 2700 eum
701 2639 788 2700 invo-

14 2737 15 2742 ’
36 2721 372 2806 hreinjurisdictionem
390 2729 550 2806 Ecclesia,
571 2733 604 2788 et
623 2734 788 2808 acceptare

36 2811 162 2888 1111111111
183 2832 240 2894 pro
260 2832 297 2875 eo
321 2815 406 2895 quod
420 2821 570 2894 praestare
590 2834 652 2877 non
671 2821 786 2895 potest.

36 2897 166 2961 11011111
185 2901 362 2980 exemplum
383 2902 422 2963 de
443 2902 641 2980 capitaneis,
664 2922 738 2964 nam
756 2903 788 2963 hi

37 3000 79 3046 uen
90 2985 240 3050 admittunt
258 2989 297 3050 ob
317 2990 558 3067 impedimenta,
579 2990 635 3050 sed
656 2991 789 3067 promis·

35 3072 117 3134 rueab
128 3074 266 3136 omnibus
286 3078 494 3138 contracturis
516 3078 576 3138 hoc
590 3077 669 3138 forte
684 3079 786 3154 titula,

36 3157 96 3234 quod
114 3160 214 3224 milites
234 3163 395 3226 venientes
414 3164 472 3226 sub
491 3165 598 3243 signa,
620 3163 724 3242 tacite,
742 3185 787 3226 se-

37 3247 139 3310 eundum
162 3253 440 3330 consuetudinem,
466 3253 564 3316 velint
591 3253 723 3332 obligari
747 3255 787 3315 ad

14 3337 15 3342 ’
37 3351 80 3395 101
97 3341 331 3402 contrahendum
354 3343 421 3402 sine
441 3342 550 3419 venia,
572 3361 609 3404 eo
629 3343 713 3422 quod
728 3343 788 3402 hoe

36 3421 281 3490 s'tinoornmodum
294 3429 425 3506 militiae,
441 3429 467 3490 si
483 3431 596 3492 milites
611 3449 643 3490 se
659 3431 790 3510 alligent

38 3511 112 3588 11011,
130 3532 255 3598 eamque
278 3535 387 3578 secum
410 3517 442 3577 in
466 3537 613 3597 campum
636 3519 786 3580 trahant:

37 3593 87 3656 hine
100 3599 127 3660 in
142 3605 424 3682 compensationem
443 3605 532 3668 istius
553 3605 668 3682 oneris,
686 3611 717 3667 91
731 3623 788 3685 pro

37 3681 146 3749 tedae
159 3689 208 3751 illa
221 3696 326 3770 potest
340 3694 497 3774 acceptari
512 3694 648 3773 pecunia
660 3714 668 3767 3
686 3696 788 3755 nullus

36 3770 115 3835 sinitis
125 3776 224 3840 titulus
239 3783 377 3844 occurrit
390 3782 422 3842 in
437 3786 543 3843 nostro
555 3801 641 3860 casu,
654 3782 794 3842 maxime

37 3856 150 3923 11110111
166 3865 322 3947 impeditis
343 3874 469 3948 petatur
488 3869 632 3948 pecunia.
655 3871 744 3941 Quod
764 3869 790 3930 si

36 3948 112 4010 11111
132 3953 274 4034 Princeps
298 3957 470 4019 catholicus
492 3959 667 4020 declararet
687 3956 791 4036 prohi-

14 4031 158 4101 11111111
179 4042 334 4123 ejusmodi
361 4045 583 4123 matrimonia,
614 4048 646 4107 et
669 4045 709 4106 ad
732 4045 793 4106 tol-

36 4118 128 4187 lendam
148 4147 276 4208 pravam
299 4132 558 4194 consuetudinem
578 4133 789 4210 contrariam,

14 4215 16 4268 ἶ
36 4223 105 4286 uam
115 4213 245 4278 Ecclesia
261 4219 369 4280 tollere
390 4238 453 4280 non
473 4224 590 4299 posset,
607 4221 674 4298 ipse
689 4219 793 4282 taliter

14 4285 19 4376 1
36 4303 203 4367 armeniis
216 4307 367 4369 mulctam
381 4308 573 4387 imponeret,
590 4312 696 4388 posset
710 4309 792 4369 hanc

14 4393 15 4414 ³
36 4385 139 4468 exigere,
153 4395 306 4456 consentit
324 4396 407 4456 enim
426 4397 576 4474 Ecclesia,
595 4401 638 4474 ut,
656 4396 708 4457 ubi
724 4397 793 4475 ipsa

36 4487 115 4548 perse
132 4499 188 4542 non
206 4486 330 4560 potest,
356 4484 451 4545 etiam
475 4505 494 4547 a
517 4487 670 4564 potestate
696 4503 792 4546 saecu-

36 4557 220 4645 bn'urgeatur
233 4570 410 4632 observatio
430 4573 536 4650 legum
556 4573 791 4650 canonicarum,

36 4650 58 4707 tt
72 4651 297 4735 transgressores
321 4661 492 4739 puniantur
515 4680 552 4722 ao
577 4661 794 4722 deterreantur

37 4735 105 4798 etam
119 4743 225 4808 additis
242 4747 367 4808 mulctis
386 4747 576 4825 pecuniariis
593 4768 599 4810 :
620 4749 675 4809 sed
692 4752 725 4809 ut
739 4749 793 4810 ha·

14 4817 118 4904 ¹beatur
136 4832 210 4893 ratio
236 4833 382 4910 mulctae,
409 4851 471 4894 non
496 4833 614 4897 debent
637 4833 793 4914 ejusmodi

14 4915 197 5058 {glestnmonia
218 4919 409 5002 approbari,
435 4921 490 4982 sed
513 4941 530 4982 e
554 4925 664 4985 contra
688 4921 796 5002 prohi-

14 5013 16 5106 ,
64 5017 92 5064 u.

14 5155 16 5184 1

14 5211 16 5248 l

59 5330 247 5387 tltetormaudse
261 5335 307 5385 hae
321 5333 441 5386 doctrine
459 5339 522 5387 sunt
539 5338 618 5402 juxta
632 5335 795 5388 declaratio-

40 5405 83 5478 lth
94 5401 216 5457 Benedicti
226 5406 296 5466 xlv,
307 5409 335 5456 et
349 5407 554 5458 instructionem
562 5423 640 5472 seper
649 5406 797 5457 1111111111-

40 5473 322 5529 aucmentacione
335 5477 361 5526 to
370 5477 510 5539 Hellanda'o,
522 5481 546 5528 et
559 5479 645 5542 Belgio
659 5481 796 5540 contractu,

839 1682 878 1734 tr.
898 1675 946 1750 13,
963 1683 1024 1734 ort.
1041 1677 1071 1750 ’1,
1088 1674 1164 1735 dicit
1184 1694 1251 1736 1111
1273 1677 1361 1754 praxi
1384 1694 1584 1738 communem
1603 1676 1633 1735 in

840 1759 1029 1837 quibusdam
1053 1762 1194 1840 partibus
1209 1763 1394 1840 Hollandiae,
1411 1768 1446 1824 ut
1459 1781 1565 1824 coram
1580 1763 1634 1824 tali

839 1846 981 1909 ministro
1002 1857 1216 1928 compareant,
1233 1869 1292 1912 nec
1312 1851 1349 1911 11
1366 1869 1403 1912 10
1426 1871 1493 1912 1111
1515 1852 1635 1931 profes-

840 1935 960 1994 sionem
975 1936 1052 1998 ritus
1068 1937 1218 2016 haretici,
1236 1957 1273 2000 eo
1289 1939 1375 2018 quod
1389 1939 1487 1999 rerba
1501 1937 1634 1997 ministri

841 2025 1040 2101 appreountis
1062 2024 1239 2087 habeantur
1252 2046 1309 2106 pro
1332 2026 1414 2087 civili
1437 2030 1490 2086 aut
1509 2025 1636 2103 politica

840 2115 962 2172 tantum
977 2112 1198 2190 gratulatione,
1212 2113 1345 2192 ideoque
1360 2132 1396 2175 eo
1411 2111 1523 2190 magis,
1534 2111 1637 2192 inquit

841 2198 983 2259 hrsdeck
997 2209 1067 2260 torn.
1084 2204 1114 2268 E,
1122 2219 1157 2280 p.
1175 2205 1203 2269 2,
1219 2210 1259 2262 tr.
1276 2205 1306 2278 t,
1322 2201 1358 2262 de
1371 2199 1505 2260 Metram.
1522 2218 1586 2280 cop.
1603 2203 1633 2277 8,

841 2288 903 2366 51,
921 2287 995 2367 quia
1019 2286 1157 2348 haeretici
1182 2289 1291 2350 dicunt
1313 2288 1549 2350 matrimonium
1572 2305 1636 2348 non

842 2391 910 2434 esse
926 2376 1177 2437 Sacramentum.
1195 2377 1284 2448 Quod
1298 2377 1324 2437 si
1339 2376 1480 2436 minister
1494 2376 1566 2436 talis
1580 2375 1638 2436 ad-

842 2461 1003 2523 hiberetur
1017 2467 1140 2523 tantum
1151 2463 1190 2524 ob
1201 2464 1361 2541 politicam
1370 2481 1509 2540 causam,
1522 2481 1635 2541 nempe

842 2554 877 2611 ut
897 2550 958 2610 tale
977 2551 1212 2611 matrimonium
1235 2552 1320 2630 apud
1344 2570 1453 2613 omnes
1474 2554 1637 2628 reputetur

841 2637 1027 2717 legitimum,
1040 2643 1075 2699 ut
1089 2638 1235 2718 legitimae
1251 2658 1393 2718 personae
1404 2638 1637 2719 conjungantur

843 2731 877 2786 ut
899 2725 1112 2803 impediantur
1132 2726 1249 2806 nuptiae
1274 2727 1454 2806 illegitima,
1478 2729 1512 2787 ut
1532 2727 1636 2805 proles

843 2817 1032 2874 censeantur
1046 2812 1197 2890 honestae,
1215 2821 1248 2876 ut
1264 2815 1406 2876 hortetur
1420 2814 1459 2874 ad
1474 2814 1637 2874 matrimo-

843 2901 886 2960 nii
900 2901 1007 2978 tidem,
1023 2901 1140 2963 fatetur
1153 2901 1232 2962 Lesa.
1250 2907 1318 2963 tum
1339 2920 1401 2962 non
1416 2901 1516 2962 videri
1531 2919 1588 2980 per
1603 2919 1636 2962 se

843 2989 973 3065 malum,
986 2988 1060 3049 licet
1074 3007 1181 3049 coram
1191 2989 1243 3050 illo
1255 2989 1351 3050 verba
1362 2988 1552 3050 matrimonii
1567 3007 1637 3067 pro-

843 3076 1018 3136 nuntianda
1032 3083 1146 3153 essent,
1163 3081 1195 3139 ct
1209 3077 1318 3138 concio
1341 3077 1381 3138 ah
1403 3076 1454 3138 illc
1477 3075 1634 3153 habenda,

843 3163 892 3224 rel
908 3163 1019 3242 aliquae
1034 3183 1143 3242 preces
1167 3164 1348 3242 recitandas,
1366 3163 1536 3225 dummodo
1553 3165 1638 3225 nulla

844 3251 967 3312 interna
993 3252 1043 3312 111
1068 3257 1197 3313 externa
1219 3253 1397 3314 reverentia
1421 3257 1452 3314 et
1476 3251 1637 3313 veneratio

844 3338 998 3400 habeatur
1013 3340 1094 3400 illius
1109 3341 1251 3401 concioni
1275 3342 1325 3401 vel
1349 3339 1493 3418 orationi,
1511 3339 1637 3420 qualem

844 3426 1009 3487 acatholici
1024 3434 1173 3505 proestare
1189 3429 1314 3490 solent:
1338 3428 1382 3488 sic
1405 3427 1499 3504 enim,
1523 3427 1636 3507 inquit,

844 3515 1024 3576 Praedicans
1039 3519 1105 3576 tum
1120 3517 1289 3578 adhibetur
1307 3520 1342 3578 ut
1362 3535 1498 3595 persona
1511 3515 1640 3595 politica

846 3607 980 3679 tantum,
997 3605 1028 3664 et
1043 3603 1126 3663 idem
1147 3609 1194 3665 est
1217 3623 1253 3665 ac
1272 3605 1298 3664 si
1317 3604 1399 3665 inter
1413 3604 1555 3665 ethnicos
1570 3603 1639 3681 quis

845 3690 992 3770 conjungi
1018 3691 1148 3753 deberet
1162 3709 1268 3753 coram
1284 3692 1483 3753 sacrificulo:
1509 3707 1571 3750 non
1593 3691 1641 3750 est

845 3785 950 3841 tamen
966 3780 1054 3840 lacile
1070 3782 1316 3859 permittendum
1330 3781 1426 3842 etiam
1439 3779 1524 3859 apud
1535 3777 1640 3840 Minis-

845 3871 929 3928 trum
944 3867 1164 3945 acatholicum,
1181 3869 1239 3930 nisi
1262 3869 1343 3930 absit
1364 3868 1490 3930 omnino
1510 3865 1641 3928 scanda-

845 3955 911 4014 lum
926 3960 958 4014 11
975 3954 1156 4034 impendeat
1169 3975 1266 4034 grave
1282 3957 1433 4017 damnum
1450 3975 1457 4015 :
1481 3957 1520 4016 Et
1533 3954 1558 4014 si
1577 3954 1641 4014 tor-

846 4043 931 4102 mula
955 4043 994 4104 ab
1019 4044 1063 4103 eis
1087 4044 1229 4105 adhiberi
1254 4045 1345 4105 solita
1366 4061 1439 4104 eum
1465 4041 1640 4103 ltlinistrum

846 4131 993 4192 Ecclesia
1008 4132 1102 4208 dicat,
1120 4136 1301 4210 asseratque
1320 4131 1360 4192 ab
1375 4149 1412 4192 10
1428 4129 1495 4192 dari
1510 4128 1641 4190 firmita-

846 4221 910 4279 tem
932 4219 1132 4280 matrimcnio
1157 4226 1214 4282 etc.
1237 4238 1299 4280 non
1322 4219 1381 4280 erit
1401 4219 1532 4280 licitum.
1553 4220 1638 4279 Less.

847 4325 904 4367 cos.
923 4309 959 4367 15
977 4306 997 4369 ⁴.

892 4394 1141 4470 «Matrimonia,
1168 4413 1237 4473 quae
1261 4394 1293 4454 in
1316 4395 1393 4456 locis
1417 4395 1642 4458 loedcratorum

849 4481 1002 4543 Ordinem
1023 4482 1161 4543 dominio
1177 4485 1207 4543 in
1223 4482 1330 4562 Belgio
1346 4484 1495 4564 subjectis
1510 4485 1580 4545 iniri
1595 4503 1642 4544 so-

849 4572 915 4633 lent
936 4571 1000 4632 siae
1025 4571 1107 4632 inter
1129 4572 1299 4634 Hareticos
1322 4591 1360 4632 ex
1383 4578 1516 4653 utraque
1541 4577 1640 4652 parto,

850 4659 915 4718 sive
931 4659 1011 4720 inter
1033 4658 1221 4719 Haereticum
1236 4679 1274 4720 11
1289 4679 1352 4721 una
1366 4665 1455 4740 parte
1475 4662 1595 4738 Virum,
1613 4668 1644 4721 et

848 4747 1041 4808 Catlrolicam
1055 4749 1218 4808 Feminam
1234 4767 1272 4808 11
1286 4750 1357 4827 alia,
1383 4754 1439 4809 aut
1452 4750 1520 4810 vice
1538 4767 1641 4826 11111,

849 4852 911 4895 101
926 4839 1052 4896 servata
1065 4836 1167 4897 torma
1188 4855 1206 4897 a
1226 4839 1321 4898 Sacro
1336 4837 1519 4900 Tridentino
1534 4837 1644 4899 Conci·

849 4921 890 4983 lio
915 4923 1110 5002 praescripta,
1140 4927 1246 4986 utrum
1269 4925 1375 4987 aalide
1398 4924 1545 4987 habenda
1570 4925 1643 5004 sint,

849 5029 908 5072 nec
923 5030 972 5089 11,
990 5011 1044 5072 diu
1059 5013 1256 5092 multumque
1278 5013 1487 5092 disceptatum
1502 5017 1559 5090 est,
1577 5012 1645 5074 ani-

850 5340 881 5456 1111
896 5335 1074 5400 contradendo,
1098 5337 1165 5387 edita
1179 5337 1220 5386 die
1235 5340 1326 5402 quarte
1345 5337 1491 5388 Novernbrls
1515 5340 1582 5388 litt.
1607 5339 1646 5390 En

851 5423 859 5457 1
883 5421 935 5458 ani.
