3974 6348
688 605 740 670 DE
767 603 959 668 CENSURIS

74 824 85 859 u
97 797 161 863 llll.
176 797 217 860 Ex
227 793 351 858 defectu
369 794 517 872 lenitatis
534 793 652 856 scilieet
663 812 699 854 ex
713 791 799 854 licita

46 886 212 963 mutilatione,
236 885 287 946 rel
309 884 480 946 homicidio
495 884 525 944 in
541 883 623 944 helle
635 882 732 964 justo,
749 881 799 942 rel

42 974 141 1055 judicio.
156 973 238 1046 Quod
252 973 324 1034 idae
344 973 453 1034 statuit
475 971 626 1047 Ecclesia,
651 971 725 1050 quia
746 971 799 1031 Sa-

45 1062 128 1122 cerd0s
139 1060 211 1140 gerit
223 1077 394 1140 persenam
408 1059 533 1135 Christi,
551 1059 616 1138 qui,
633 1061 740 1136 utpote
755 1059 801 1117 le·

45 1148 167 1226 uissimus,
182 1148 338 1208 neminem
363 1165 501 1226 unquam
525 1145 615 1207 laesit.
642 1147 690 1207 Ad
717 1145 798 1205 hanc

44 1241 123 1296 aulem
135 1235 306 1314 requiritur,
323 1237 357 1295 ut
372 1233 486 1295 occisio
503 1239 558 1294 aut
580 1231 736 1294 mutilatio
760 1231 799 1292 de

45 1324 104 1383 lacto
127 1325 285 1402 aequatum
310 1321 393 1382 unde
421 1339 484 1381 uon
507 1320 621 1381 suflicit
640 1319 797 1396 volunt-as,

16 1419 18 1458 l
43 1429 85 1470 nee
95 1410 250 1470 vulneratio
265 1410 382 1488 gravia,
399 1411 477 1470 Bon.
494 1408 523 1470 d.
540 1413 571 1484 7,
587 1429 616 1490 q.
637 1411 676 1482 43
697 1409 796 1468 Tana.

16 1565 18 1572 ‚
43 1497 64 1558 d.
76 1502 98 1573 6,
110 1519 136 1580 p.
151 1499 195 1575 lo,
210 1497 278 1559 dab.
298 1501 345 1560 tl.
366 1497 449 1560 (sude
463 1497 604 1558 recalces:

69 1609 80 1642 u
91 1588 110 1647 l.
127 1589 187 1646 Neu
200 1588 234 1647 fit
248 1585 441 1666 irregularis,
459 1587 511 1665 qui
527 1585 651 1646 mutilat
673 1585 723 1644 vel
747 1601 800 1645 oe-

43 1672 346 1734 ciditindesensionem
361 1672 697 1751 inculpatamhonoris,
714 1671 797 1748 vitae,

42 1761 171 1839 castitatis,
183 1763 317 1839 atc.,.vel
333 1761 426 1823 etiam
441 1761 586 1839 proximi,
600 1761 675 1841 quia
688 1761 799 1840 injure

42 1866 87 1908 nou
105 1849 237 1911 statuitur
260 1849 488 1929 irregularitas,
514 1849 573 1910 nisi
597 1851 637 1910 eb
665 1849 798 1910 homici-

41 1935 105 1996 dium
117 1936 144 1996 iu
157 1936 234 1998 bello
246 1936 344 2017 justu,
361 1938 411 1999 vel
422 1938 554 2017 judicio,
566 1940 665 1999 Tanu.
678 1937 699 1997 l.
715 1956 738 1997 e.

69 2025 122 2084 ull.
135 2025 314 2103 lrregularis
328 2025 363 2086 tit
377 2025 408 2085 in
423 2023 517 2103 belle,
540 2025 592 2104 qui
613 2024 737 2086 mutilat
751 2025 798 2086 vel

41 2110 127 2172 occidit
146 2114 269 2191 propria
296 2131 413 2186 manu;
440 2132 503 2175 uon
532 2117 637 2174 autern
662 2112 799 2174 Clericus

16 2198 176 2284 larbortans
202 2201 242 2262 ad
271 2201 393 2264 fortiter
420 2201 625 2282 pugnandum
653 2201 685 2261 in
717 2201 799 2261 bello

38 2284 100 2364 justo
120 2287 222 2367 (secus
242 2293 349 2350 tamen
371 2289 396 2348 si
420 2288 462 2349 ad
486 2288 692 2350 occidendum
716 2289 800 2349 hunc

40 2374 166 2436 velillum
192 2377 222 2436 in
246 2377 457 2456 particulari).
478 2377 564 2438 Idem
589 2382 636 2440 est
653 2378 692 2438 de
715 2380 799 2438 Duce

40 2463 172 2541 exercitus,
187 2465 337 2543 tubicine,
355 2470 413 2528 ete.
431 2468 510 2527 Bon.
523 2485 558 2547 p.
578 2469 606 2527 d.

67 2573 78 2607 u
95 2553 136 2612 lll.
152 2555 185 2612 lu
200 2553 320 2634 judicie
339 2553 425 2634 justo
441 2554 631 2634 irregulares
642 2556 733 2633 fiunt,
747 2555 799 2636 qui

40 2637 193 2703 ιιιιιειιειιι
207 2642 258 2704 vel
273 2642 504 2704 mutilationem
517 2648 729 2722 cooperantur
748 2662 800 2703 ac-

16 2739 18 2752 ’
38 2723 84 2784 tire
101 2733 127 2787 et
142 2729 319 2807 efficaciter,
337 2733 368 2791 at
391 2730 543 2809 proxime,
564 2749 622 2810 per
643 2733 798 2792 actionem

16 2895 17 2898 Ἴ
39 2829 66 2871 ει
84 2821 180 2877 ustura
206 2837 265 2879 sua
288 2818 330 2878 ad
363 2818 394 2878 id
418 2819 606 2881 ordinatam.
632 2820 751 2881 Dicitur
773 2821 796 2880 l.

16 2925 18 2952 ι
42 2902 206 2982 adametur
220 2911 255 2968 ut
268 2907 371 2968 Judex
392 2907 496 2968 ferens
520 2907 718 2969 sententiam.
737 2910 799 2968 No-

16 3017 18 3058 3
39 2988 113 3050 brius
124 3011 188 3054 eam
202 2995 354 3065 scribens,
369 2996 504 3058 ministri
520 3001 721 3076 exequentes,
738 3000 800 3057 tes-

16 3125 18 3130 .
39 3080 80 3153 tes,
92 3085 142 3141 ete.
161 3082 281 3144 Dicitur
294 3085 333 3145 ll.
349 3084 461 3161 Actioe,
478 3085 579 3161 idest,
593 3103 630 3144 en
644 3089 734 3162 parte
750 3103 798 3145 ee·

16 3199 17 3232 3
39 3161 195 3242 oideutium;
213 3170 288 3250 quia
300 3189 360 3232 neu
371 3172 407 3231 nt
416 3170 608 3250 irregularis,
622 3171 675 3250 qui
685 3189 718 3230 sc
732 3178 799 3232 tan-

16 3269 18 3338 3
37 3253 86 3311 tuus
97 3254 326 3338 habutpassive,
339 3261 370 3319 et
380 3263 517 3336 exparte
532 3257 601 3338 ejus
618 3258 670 3338 qui
687 3259 800 3319 eccidi-

16 3385 18 3444 Ι
38 3343 83 3415 tur,
98 3346 126 3403 ul
140 3346 351 3407 confessarius
366 3347 495 3408 hortans
510 3347 550 3408 ad
570 3347 731 3408 fatendam
746 3366 801 3408 ve-

16 3447 18 3536 ι
37 3426 144 3508 liutem,
166 3435 215 3494 rel
231 3435 498 3514 acquiescendum
516 3437 680 3497 sententiae
691 3436 796 3516 justae,

16 3537 19 3586 l
38 3527 109 3588 {luam
121 3537 177 3580 uon
191 3527 295 3600 potest
310 3523 435 3584 differre
450 3523 509 3584 nisi
529 3524 738 3603 appellatione
753 3523 801 3583 in-

16 3589 106 3696 lidat,
121 3609 206 3670 eom.
228 3614 262 3670 et
282 3611 374 3672 nien.
389 3629 421 3691 p.
444 3615 474 3686 a,
492 3619 513 3672 t.
529 3615 579 3688 ea,
600 3613 639 3672 ιι.
656 3615 703 3675 oe.
721 3612 801 3672 utei-

16 3691 800 3856 =attaumauuueuuesu

16 3809 18 3860 ξ
102 3827 109 3856 t
716 3834 724 3856 r

16 3875 18 3936 l
37 3865 251 3950 dtineguluris;
279 3893 337 3935 nee
359 3806 507 3937 assisteJns
521 3875 686 3955 supplicio,
704 3877 728 3936 si
743 3893 800 3936 sua

16 3957 173 4030 ipraseutia
198 3961 229 4020 in
254 3961 332 4022 illud
357 3980 421 4024 non
449 3962 569 4022 inlluat.
603 3961 722 4022 Dicitur
747 3965 798 4024 lV.

16 4031 161 4123 idedeina,
176 4047 251 4128 quia
271 4049 324 4129 qui
345 4053 464 4111 remote
485 4052 608 4110 tanturn
630 4067 801 4128 cooperan-

16 4117 19 4214 ξ
37 4131 82 4208 tur,
96 4151 149 4195 nou
162 4136 241 4200 fiunt
255 4137 464 4216 irregulares,
490 4141 525 4199 ut
544 4137 595 4217 qui
618 4136 739 4216 gladios
754 4138 800 4198 fa-

16 4215 18 4322 l
37 4215 104 4280 daut
114 4225 163 4302 eut
176 4225 332 4298 vendunt3
350 4225 424 4286 item
442 4225 603 4304 legislator
617 4225 701 4304 leges
717 4226 800 4304 capi-

16 4305 95 4369 lteles
112 4311 261 4386 condens,
287 4313 534 4374 concionatoria
556 4331 671 4392 genere
694 4312 800 4375 dicens

35 4397 183 4470 puniendos
196 4420 265 4463 esse
280 4401 513 4474 malefactorem
527 4401 740 4462 Confessarius
755 4401 800 4462 in-

37 4485 184 4567 terrogatus
206 4490 246 4552 de
269 4509 335 4567 reo,
360 4509 400 4551 an
420 4496 556 4552 mortem
576 4494 752 4567 mereatur,
774 4490 798 4552 si

36 4576 196 4651 respoudeat
212 4577 354 4658 judicem
377 4577 443 4639 sine
458 4577 638 4656 acceptioue
653 4597 799 4656 persona-

36 4673 89 4720 nur
101 4663 180 4742 fungi
197 4666 315 4727 debere
327 4685 383 4728 suo
398 4684 539 4744 munere,
558 4666 630 4746 quia
645 4667 677 4726 hi
692 4685 800 4729 omnes

36 4753 210 4814 multandum
219 4773 316 4816 causa
324 4761 454 4817 remota.
465 4757 576 4816 Essent
586 4755 800 4834 autemproni·

35 4849 84 4912 nu,
101 4839 225 4923 ideoque
244 4843 444 4922 irregulares,
463 4843 490 4904 si
505 4843 580 4922 quid
594 4842 734 4904 facerent
747 4847 801 4904 aut

35 4921 602 5012 dicereutinparticulari,exquemors
613 4929 800 5012 alicujussa·

36 5020 167 5096 nentur,
183 5023 238 5080 aut
252 5019 348 5080 etiam
362 5020 600 5095 acceleraretur,
613 5038 641 5079 v.
654 5037 683 5097 g.
696 5017 802 5098 siquis

35 5099 177 5166 efficaciter
191 5111 319 5186 urgeret
333 5125 420 5168 reum
429 5113 463 5168 ut
473 5107 590 5167 scalam
605 5105 799 5183 ascenderat,

35 5187 118 5251 med
133 5191 191 5255 boc
205 5194 296 5254 illurn
306 5193 440 5273 juvaret,
462 5195 512 5254 vel
532 5193 556 5253 si
569 5191 669 5272 judici
683 5192 715 5252 in
730 5209 804 5271 par-

35 5271 133 5338 talari·
151 5281 366 5361 responderet,
391 5282 474 5342 hunc
496 5299 564 5342 esse
588 5281 800 5358 plectendum.

65 5367 218 5432 »Possunt
245 5374 351 5431 tamen
380 5369 512 5432 subinde
540 5367 635 5430 etiam
662 5369 802 5447 proxime

36 5464 213 5532 moperautes
222 5458 368 5519 excusari
379 5458 418 5520 ab
433 5457 674 5538 irregularitate,
685 5477 715 5518 v.
725 5477 756 5536 g.
772 5460 801 5517 t.

1590 607 1647 667 351

858 793 980 853 tantum
996 790 1201 868 advertentis,
1227 809 1258 851 v.
1281 809 1312 871 g.
1334 789 1359 852 si
1384 779 1468 853 dicat
1486 790 1649 854 Confessa-

854 879 935 940 rius:
951 898 1173 959 properemus;
1186 885 1240 940 aut
1254 879 1374 960 infliget
1384 879 1574 960 jumentum,
1585 897 1647 960 quo

853 985 925 1027 reus
940 967 1074 1028 vehitur.
1086 970 1116 1027 2.
1128 966 1160 1028 Si
1175 967 1353 1046 cooperatio
1365 967 1404 1028 sit
1414 967 1505 1028 valde
1521 966 1645 1047 exigua,

854 1061 889 1117 ut
903 1055 927 1116 si
940 1055 1051 1136 jubeat
1065 1073 1153 1116 reum
1168 1056 1272 1116 adhuc
1283 1074 1379 1116 unum
1389 1056 1524 1135 gradum
1539 1073 1647 1116 ascen-

855 1143 951 1216 dere;
975 1143 1049 1222 quia
1075 1141 1238 1203 minimum
1266 1147 1429 1223 reputatur
1449 1161 1506 1222 pro
1530 1142 1645 1220 nihilo,

855 1233 935 1294 Aril.
955 1237 986 1294 ει
1001 1235 1095 1293 Henr.
1112 1232 1197 1310 apud
1211 1234 1326 1294 Bonae.
1350 1253 1380 1314 q.
1403 1235 1434 1309 d,
1457 1251 1490 1314 p.
1518 1235 1546 1310 l,
1567 1252 1598 1294 u.
1615 1235 1644 1293 9.

854 1320 932 1379 Item
947 1320 1038 1381 Suar.
1055 1321 1132 1398 Deg.
1149 1322 1226 1398 Lay.
1244 1323 1303 1381 etc.
1320 1323 1430 1382 contra
1444 1321 1539 1400 Vasq.
1554 1323 1644 1382 Turr.

853 1409 943 1468 Hurt.
961 1409 1083 1486 Bauny,
1110 1413 1169 1469 etc.
1196 1407 1249 1486 qui
1269 1412 1398 1470 censent
1419 1425 1457 1469 ex
1480 1407 1647 1470 homicidio

854 1494 1011 1555 neminem
1026 1495 1093 1556 lieri
1107 1495 1323 1574 irregularem,
1350 1496 1407 1556 nisi
1434 1500 1600 1558 concurrat
1614 1501 1648 1559 ut

853 1581 997 1660 publicus
1011 1582 1154 1644 minister
1164 1581 1305 1662 justitiae,
1322 1582 1387 1644 sivo
1404 1582 1444 1643 ad
1459 1601 1561 1645 causae
1575 1603 1648 1662 pro-

854 1669 1026 1747 bationem,
1044 1671 1108 1731 sive
1132 1671 1363 1745 executionem
1388 1672 1435 1732 vel
1453 1677 1488 1734 ut
1510 1673 1648 1753 privatus

854 1757 968 1837 injuste
983 1762 1014 1820 et
1028 1777 1100 1818 cum
1115 1761 1256 1836 peccate.
1270 1759 1369 1830 Quam
1381 1759 1568 1821 senteutiam
1578 1779 1648 1840 pro·

854 1847 991 1907 habilem
1006 1851 1113 1909 censet
1131 1847 1221 1908 Dian.
1243 1865 1276 1928 p.
1300 1850 1329 1926 3,
1353 1857 1393 1909 tr.
1418 1847 1502 1926 aa.
1519 1855 1557 1912 79
1572 1853 1602 1910 et
1617 1849 1647 1910 in

855 1934 928 1995 add.
946 1937 981 1996 ll.
1000 1939 1036 1996 15
1051 1945 1123 2016 etp.
1140 1939 1170 2013 8,
1187 1945 1227 1996 tr.
1245 1939 1274 2012 7,
1292 1935 1329 1997 Il.
1346 1939 1396 1998 61.

893 2047 907 2080 u
923 2022 1001 2083 Hinc
1016 2029 1132 2103 negant
1145 2023 1212 2083 fieri
1228 2023 1432 2102 irregularem
1450 2045 1457 2086 ε
1475 2030 1503 2087 t.
1522 2027 1648 2088 Confes-

854 2110 972 2170 sarium
995 2111 1045 2171 vel
1073 2111 1168 2172 alium
1193 2129 1443 2192 quemcumque,
1470 2114 1522 2193 qui
1547 2113 1648 2176 furem

855 2198 1009 2268 hortatur,
1026 2201 1060 2260 ut
1074 2199 1190 2259 scalam
1206 2199 1366 2275 ascendat,
1386 2205 1480 2279 caput
1494 2208 1649 2282 supponat

854 2286 895 2346 ad
910 2287 1006 2348 ictum
1021 2287 1250 2366 excipiendum.
1277 2291 1307 2348 2.
1329 2289 1420 2366 Dum,
1438 2289 1491 2368 qui
1508 2292 1646 2353 carnifici

855 2375 941 2452 dicit,
958 2381 993 2436 ut
1006 2376 1123 2456 aliquid
1139 2379 1234 2455 aptet,
1256 2393 1317 2457 que
1338 2375 1429 2438 citius
1448 2378 1649 2459 extinguatur

855 2483 937 2525 reue.
954 2465 983 2524 3.
1002 2463 1059 2536 Qui
1077 2463 1153 2524 dum
1167 2481 1238 2524 reus
1253 2464 1294 2524 ad
1308 2464 1496 2544 supplicium
1511 2467 1645 2546 ducitur,

855 2552 995 2633 suggerit
1018 2553 1102 2613 viam
1125 2553 1312 2614 breviorem.
1333 2557 1362 2614 t.
1385 2553 1442 2626 Oui
1464 2555 1581 2634 vendit,
1597 2559 1647 2618 vel

855 2642 1033 2702 commodat
1047 2640 1174 2717 scalam,
1191 2641 1292 2718 funaS,
1309 2659 1399 2702 enses
1418 2643 1450 2703 at
1463 2646 1576 2704 catera
1590 2641 1647 2703 ius·

853 2731 1028 2801 trumenta;
1046 2727 1140 2789 etiam
1164 2727 1216 2807 qui
1241 2727 1362 2788 furcam
1380 2728 1464 2790 fecit.
1480 2732 1510 2791 5.
1528 2729 1586 2802 Qui
1606 2729 1648 2790 in·

854 2822 1032 2896 terrogatus
1056 2833 1075 2878 a
1094 2815 1213 2898 judice,
1234 2835 1273 2877 au
1294 2821 1437 2878 teneatur
1460 2837 1548 2879 reum
1572 2837 1647 2880 eon-

857 2907 1017 2982 demuare,
1026 2904 1187 2984 respoudit
1196 2905 1343 2968 tenerit.
1356 2907 1436 2966 Eum
1449 2907 1501 2986 qui
1511 2908 1646 2969 carnitlci

856 2995 978 3072 putanti
994 3011 1180 3072 suspensum
1195 2993 1263 3073 jam
1282 3011 1349 3054 esse
1369 2998 1538 3072 mortuum,
1554 2995 1647 3076 signi·

854 3083 959 3144 ficavit
973 3082 1077 3143 adhuc
1100 3081 1221 3160 vivere,
1243 3101 1281 3142 eu
1305 3100 1366 3162 que
1391 3083 1514 3144 calcans
1534 3083 1647 3146 iterum

854 3170 934 3250 pede
950 3169 1073 3232 occidit.

894 3281 909 3316 u
923 3257 1040 3319 Dicitur
1058 3261 1095 3318 V.
1115 3257 1174 3319 Per
1183 3259 1322 3336 actionem
1336 3278 1374 3319 ec
1388 3267 1493 3320 nodare
1506 3281 1576 3330 suu,
1592 3269 1644 3324 ele.

856 3347 885 3408 id
896 3351 953 3425 est,
971 3366 1040 3426 quae
1054 3366 1111 3426 per
1125 3367 1158 3408 sa
1173 3349 1214 3409 sit
1228 3365 1324 3408 causa
1337 3348 1408 3409 talis
1423 3351 1561 3429 effectus,
1574 3352 1648 3430 quia

856 3435 984 3495 allectus
1012 3454 1070 3513 per
1097 3434 1241 3496 accidens
1271 3452 1333 3496 non
1362 3435 1534 3514 imputatur
1561 3435 1647 3500 danti

856 3541 985 3601 operam
1013 3523 1056 3583 rei
1083 3524 1198 3585 licitae:
1221 3524 1294 3584 hinc
1313 3541 1375 3584 non
1398 3525 1434 3584 lit
1454 3525 1645 3606 irregularia,

857 3611 963 3671 dicens
978 3611 1115 3671 carnifici
1129 3631 1135 3671 :
1149 3629 1240 3672 neruo
1256 3614 1285 3672 te
1300 3611 1431 3690 impedit
1445 3613 1548 3674 faeere
1559 3618 1648 3675 tuum

856 3699 1004 3774 officium,
1022 3718 1080 3780 ege
1095 3719 1200 3760 meum
1215 3699 1294 3774 seci;
1317 3718 1373 3761 nec
1393 3702 1521 3763 ludices
1540 3704 1649 3765 liccle-

856 3788 982 3864 siastici,
1000 3789 1208 3868 degradatum
1226 3789 1387 3851 tradentes
1407 3789 1536 3850 brachio
1552 3809 1649 3853 seecu-

855 3875 933 3949 lari,
959 3895 1017 3938 nec
1031 3877 1142 3938 Clerici
1153 3883 1336 3938 accusantes
1360 3877 1496 3958 aliquem
1511 3877 1542 3938 in
1554 3897 1649 3941 eausa

856 3965 1021 4042 criminali,
1051 3965 1146 4026 modo
1180 3985 1325 4045 expresse
1356 3969 1585 4044 protestentur,
1615 3987 1647 4028 se

856 4070 918 4113 non
941 4053 1115 4132 intendere,
1136 4056 1171 4114 ut
1189 4054 1337 4132 puniatur
1357 4071 1453 4132 poeua
1474 4057 1645 4136 sauguinis,

856 4143 912 4203 scd
927 4146 1049 4204 tantum
1059 4147 1094 4203 ut
1112 4142 1170 4202 sibi
1185 4143 1235 4201 vel
1251 4141 1314 4202 suis
1328 4141 1470 4219 satisfiat,
1486 4143 1536 4202 vel
1551 4142 1648 4222 impe-

857 4229 984 4293 diantur
1005 4231 1089 4290 mala
1112 4229 1170 4291 sibi
1195 4235 1249 4290 aut
1277 4229 1346 4291 aliis
1374 4229 1581 4292 imminentia.
1608 4233 1644 4294 V.

855 4320 932 4380 Bon.
949 4339 979 4402 q.
996 4322 1025 4395 d,
1043 4319 1120 4379 Tau.
1134 4315 1156 4378 I.
1169 4337 1194 4378 e.
1212 4325 1265 4380 ete.
1285 4340 1299 4374 o

1123 4617 1361 4682 abnuunt.

897 4838 1003 4913 Oooest.
1032 4843 1082 4902 dd.
1099 4873 1138 4884 -
1154 4839 1233 4914 Ouid
1251 4847 1394 4923 prcetmae
1422 4841 1462 4904 sit
1486 4839 1648 4908 notandum
1675 4889 1716 4934 494

855 4927 932 4988 circo
946 4925 1075 5006 desectas
1089 4928 1222 4990 enimse?
1237 4931 1271 4990 R.
1291 4931 1309 5008 ἓ
1334 4933 1361 4991 l.
1388 4932 1444 5004 Qui
1460 4933 1556 4993 semel
1571 4933 1649 4996 dcli-

855 5015 937 5077 ravit
951 5035 988 5076 ex
1004 5034 1099 5078 causa
1113 5017 1152 5077 de
1168 5037 1200 5078 se
1220 5019 1371 5080 habituali
1386 5024 1417 5082 ει
1430 5028 1645 5102 parmanente,

857 5103 977 5165 etiamsi
1000 5123 1083 5165 nuuc
1102 5107 1253 5184 probetur
1276 5108 1412 5186 perfecte
1436 5113 1575 5186 sanatuS,
1602 5119 1649 5174 est

857 5191 1038 5269 irregularis
1053 5191 1083 5252 in
1100 5193 1208 5254 ordine
1219 5194 1257 5255 ad
1269 5193 1401 5256 Ordines
1415 5194 1645 5274 suscipiendos:

857 5285 961 5359 petest
974 5280 1121 5340 tamenin
1133 5280 1247 5342 Ordine
1259 5281 1480 5344 antecedenter
1489 5289 1646 5362 suscepto,

857 5365 1050 5442 ministrare,
1075 5368 1165 5428 Suar.
1189 5367 1266 5428 Bon.
1290 5369 1381 5428 Leur.
1406 5387 1438 5448 p.
1464 5371 1497 5442 d,
1523 5389 1552 5451 q.
1576 5371 1645 5431 232.

857 5453 934 5515 Diei
948 5473 985 5514 ex
1000 5472 1095 5515 eausa
1110 5453 1148 5514 de
1163 5473 1196 5515 se
1211 5453 1379 5526 habituali;
1397 5473 1471 5518 narn
1494 5457 1549 5533 qui
1571 5455 1650 5518 deli-

37 5535 163 5605 stuata
178 5544 448 5624 indeliberatieue,
470 5549 524 5608 aut
538 5563 610 5606 cum
632 5544 804 5624 semiplena
859 5543 940 5604 ravit
953 5559 990 5602 ex
1004 5541 1125 5619 morbo,
1151 5543 1201 5604 vel
1224 5542 1290 5618 ira,
1314 5559 1376 5603 non
1394 5547 1442 5604 est
1454 5543 1646 5624 irregularis,
