3974 6348
762 407 779 426 f

759 501 764 514 Ι
773 501 788 514 ἰι

760 529 773 542 Ι.

746 494 755 516 'w
794 505 824 529 ru-
864 496 881 513 P'

745 537 746 547 ι
794 529 840 618 ¹¹:³¹2]
855 591 874 623 Ἥ

745 637 749 646 “
840 635 864 660 'ns

705 465 730 513 *f

700 518 714 547 ft

708 555 806 610 oss

336 564 394 648 roo
881 594 886 613 ,
998 553 1073 618 un
1096 549 1148 616 vr.
1171 551 1272 614 rans
1294 549 1346 615 ur.

731 628 755 686 a
770 615 838 687 Νι

334 767 443 815 coram
470 748 580 814 ludica
608 747 640 808 in
667 744 770 824 prima
797 741 947 804 instantia
973 737 1130 802 servanda
1182 736 1298 817 prima,
1321 739 1355 799 et
1374 736 1514 798 secunda
1535 733 1685 799 instantia
1699 731 1881 798 demandata
1897 733 1945 798 fue
1967 729 1970 750 ¹

334 839 489 923 praefinita
508 839 644 912 fuerunt,
670 834 765 896 etiam
788 849 895 894 coram
909 831 1008 892 altero
1030 829 1061 890 in
1080 847 1130 889 se·
1183 829 1268 902 rant,
1286 843 1400 904 nempe
1415 824 1447 886 in
1463 824 1603 907 quolibet
1621 824 1768 906 judiciali
1786 829 1852 886 actu
1864 825 1943 898 citato,

334 928 563 1002 cundaexacte,
575 942 612 986 ac
622 922 789 1001 diligenter
797 919 1021 994 custodientur,
1034 916 1128 977 citato
1185 917 1216 974 et
1227 913 1335 974 audito
1361 912 1523 975 defensore
1547 911 1752 990 matrimonii,
1770 913 1945 993 quietudioe

335 1017 369 1078 in
384 1015 524 1097 quolibet
538 1011 647 1095 judieii
671 1015 743 1072 actu
758 1008 921 1070 defensore
939 1003 1128 1068 Matrimonii
1184 999 1284 1061 tertiae
1315 1000 1471 1062 instantiae
1494 999 1662 1080 deputatus
1698 1000 1803 1062 fuerit.
1828 1001 1946 1062 Defensor

335 1105 389 1185 qui
415 1121 491 1166 uoce
520 1106 552 1164 et
574 1100 689 1178 scripto
714 1095 903 1160 Matrimonii
935 1093 1129 1156 validitatem
1187 1091 1293 1148 autem
1304 1087 1505 1162 matrimonii,
1522 1088 1667 1168 quemad
1683 1105 1946 1168 munussuumgra·

335 1199 472 1270 strenue,
498 1208 535 1252 ac
557 1207 614 1269 pro
636 1187 754 1249 viribus
776 1184 924 1260 tuebitur,
946 1186 978 1243 et
991 1181 1017 1240 si
1032 1179 1131 1260 judex
1189 1176 1250 1237 tiso
1265 1175 1494 1254 beundumpro
1509 1177 1694 1252 amoreDei,
1711 1181 1743 1239 et
1757 1176 1946 1257 proximiutili·

340 1281 372 1342 in
400 1278 540 1342 secunda
566 1276 715 1339 instantia
741 1274 835 1336 fuerit
861 1268 1127 1350 MetropolitanuS,
1191 1268 1266 1341 tate,
1282 1264 1468 1326 etceolesiae
1483 1265 1659 1327 reverentia
1672 1266 1706 1325 in
1720 1263 1850 1326 Domino
1863 1264 1947 1325 erbor-

336 1373 391 1432 aut
425 1367 514 1431 Sedis
549 1363 736 1445 Apostolicae
773 1361 916 1438 Nuntius,
954 1363 1008 1421 aut
1041 1357 1131 1435 cpis—
1188 1354 1304 1426 tamur,
1322 1350 1347 1411 si
1362 1368 1491 1429 operam
1506 1369 1595 1412 suam
1611 1351 1678 1412 sine
1692 1351 1847 1427 mercede,
1862 1342 1971 1412 autea-f

336 1472 433 1535 copus
455 1451 588 1514 vicinior
616 1448 808 1511 matrimonii
834 1447 979 1507 defensor
999 1445 1055 1522 sit,
1077 1441 1130 1521 qui
1185 1439 1263 1500 lario
1279 1439 1385 1517 aliqua
1398 1456 1436 1498 ex
1450 1455 1546 1500 causa
1560 1438 1708 1501 exhibere
1723 1437 1947 1510 recusaueritab

336 1545 377 1606 ab
413 1543 481 1621 ipso
508 1541 611 1602 fuerat
646 1538 825 1616 deputatus,
843 1599 847 1608 ,
864 1532 1131 1615 quemadmodum
1185 1525 1399 1604 ipsiuscausae
1414 1525 1524 1588 lodice
1539 1527 1567 1587 ei
1584 1527 1804 1605 constituatur,
1825 1531 1854 1588 et
1872 1525 1905 1587 ab
1922 1541 1948 1584 ea

336 1632 412 1714 ipsis
426 1630 576 1709 deputare
590 1627 788 1702 mandamus,
805 1627 839 1685 ut
853 1641 923 1704 quae
938 1641 957 1683 a
971 1620 1067 1682 Nobis
1081 1637 1131 1679 su·
1182 1619 1284 1693 parte,
1301 1632 1372 1695 quae
1387 1632 1443 1692 pro
1458 1614 1618 1677 validitate
1632 1614 1825 1677 matrimonii
1844 1615 1907 1693 agit
1928 1612 1945 1671 si

337 1719 442 1801 perias
457 1715 624 1779 constituta
639 1717 721 1790 sunt,
740 1729 893 1792 peragere
908 1710 1024 1790 possit;
1041 1708 1066 1769 si
1077 1725 1131 1768 au·
1185 1702 1245 1780 ipsi
1260 1701 1392 1763 facultas
1407 1701 1457 1778 sit,
1474 1701 1627 1776 solvatur;
1653 1703 1701 1763 sin
1715 1702 1821 1762 minus
1833 1719 1851 1762 a
1864 1699 1947 1763 lodice

337 1813 402 1870 tem
412 1803 509 1886 judex
523 1803 553 1865 in
570 1801 865 1864 secundainstantia
875 1799 1036 1880 eritjudex
1048 1815 1131 1872 eom7
1185 1791 1294 1870 primae
1308 1791 1358 1852 vel
1372 1790 1528 1868 secunda,
1547 1791 1595 1852 vel
1615 1790 1715 1852 tertiae
1739 1790 1886 1852 instantia
1902 1805 1949 1849 rea

338 1894 509 1970 missarius,
527 1892 576 1953 cui
591 1911 610 1952 a
625 1891 705 1954 Sede
720 1889 900 1970 Apostolica
914 1906 1016 1950 causas
1027 1885 1131 1964 cogni·
1185 1879 1306 1958 pective
1334 1879 1632 1956 subministrabitur,
1658 1879 1711 1959 qui
1736 1879 1900 1958 pecuniam,
1922 1893 1949 1937 ex

338 1983 382 2044 tio
398 1980 591 2042 demandata
612 1979 661 2056 sit,
691 1983 722 2041 et
741 1979 793 2058 qui
817 1975 967 2038 Tribunal
987 1978 1019 2035 et
1037 1972 1133 2053 juris-

339 2068 509 2130 dictionem
525 2067 717 2128 ordinariam
732 2082 794 2126 non
809 2065 935 2140 habeat,
952 2067 984 2124 et
1005 2065 1133 2140 propte-

344 2165 400 2210 rea
427 2153 533 2209 careat
555 2147 720 2208 defensore
751 2143 959 2220 matrimonii,
989 2141 1132 2203 volumus

343 2240 378 2299 ut
411 2235 463 2297 illo
501 2234 665 2295 defensore
708 2231 897 2294 matrimonii
939 2233 1046 2292 utatur
1079 2227 1132 2306 qui

343 2323 529 2388 constitutus
544 2323 637 2385 fuerit
650 2322 690 2384 ab
704 2320 881 2396 Ordinario,
898 2319 929 2379 in
944 2317 1033 2397 cujus
1052 2315 1133 2376 Dioe-

340 2413 405 2476 cesi
418 2429 545 2475 causam
560 2415 737 2490 cognoscet,
755 2409 876 2472 etiamsi
896 2408 980 2469 idem
1003 2405 1133 2467 Ordina-

341 2499 406 2560 rius
432 2499 481 2576 ait,
512 2499 564 2579 qui
592 2499 727 2577 primam
754 2496 941 2558 sententiam
968 2495 1001 2555 in
1022 2493 1133 2555 eadem

1185 1967 1291 2028 multis
1306 1983 1434 2028 suorum
1449 1967 1664 2028 Tribunalium
1679 1967 1834 2042 redactas,
1857 1968 1899 2026 vel
1916 1985 1948 2026 re

1187 2054 1349 2133 digendas,
1366 2058 1398 2115 et
1411 2053 1442 2114 in
1458 2073 1554 2133 opera
1568 2055 1621 2134 pia
1635 2055 1813 2135 erogandas
1826 2053 1950 2134 inhujus

1186 2143 1271 2204 modi
1287 2148 1429 2221 sumptus
1443 2143 1600 2204 insumere
1622 2149 1782 2222 poterunt.
1808 2145 1878 2206 cum
1895 2159 1948 2202 vero
1971 2169 1972 2172 ¹

1186 2231 1313 2293 ludices
1327 2248 1429 2294 causae
1444 2236 1535 2295 erunt
1548 2234 1566 2295 J
1569 2233 1675 2294 udices
1685 2231 1898 2308 commissarii,
1910 2227 1948 2311 qui
1971 2241 1972 2274 f

1187 2338 1289 2399 neque
1303 2319 1405 2381 forum
1421 2321 1549 2396 habent,
1572 2327 1604 2382 et
1626 2325 1856 2400 consequenter
1875 2335 1950 2400 aeque

1187 2405 1354 2485 pecuniam
1377 2427 1413 2468 ex
1437 2409 1561 2470 mulctis
1576 2409 1753 2485 collectam,
1777 2403 1972 2482 volumus,ao{

1187 2494 1385 2572 mandamus,
1411 2499 1445 2557 ut
1467 2495 1625 2557 defensori
1647 2496 1839 2557 matrimonii
1853 2495 1952 2556 satisfiat

1188 2599 1226 2640 ex
1240 2581 1373 2659 pecunia
1386 2584 1574 2644 muletarum
1588 2583 1670 2644 illius
1680 2581 1837 2662 Episcopi,
1849 2580 1952 2662 incujus
1971 2564 1973 2626 Ψ

1188 2668 1431 2732 Dioecesiludex
1441 2671 1678 2731 commissarius
1682 2670 1776 2750 juxta
1786 2669 1870 2734 Sedis
1878 2673 1951 2751 Apes·
1971 2657 1973 2736 ἶ

1189 2756 1289 2820 tolioae
1303 2755 1487 2817 mandatum
1498 2755 1652 2836 judicium
1667 2756 1837 2819 exercebit.
1971 2757 1973 2832 f

1228 2867 1243 2903 a
1268 2847 1425 2906 Hactenus
1440 2843 1567 2924 quidem
1578 2845 1683 2924 quoad
1696 2863 1810 2906 causas
1823 2842 1953 2906 matrimo-
1971 2835 1973 2900 l

1190 2933 1299 3010 niales,
1316 2949 1386 3013 quea
1400 2937 1488 2994 extra
1510 2934 1685 2993 Romanam
1704 2932 1829 2993 curiam
1843 2935 1952 3011 pertrao
1971 2903 1973 3018 1

341 2605 437 2649 causa
451 2586 709 2666 pronuntiaverit.

381 2677 535 2738 Instructo
549 2680 655 2736 autem
669 2674 700 2734 in
716 2674 799 2734 bunc
812 2672 942 2734 modum
954 2667 1092 2751 judicio,
1108 2665 1133 2726 si

341 2763 480 2826 secunda
493 2763 647 2824 sententia
660 2762 749 2824 alteri
769 2760 938 2823 conformis
953 2757 1057 2826 fuerit,
1074 2755 1135 2815 hoc

343 2853 440 2929 est,si
454 2852 486 2912 in
500 2851 742 2931 secundaeque
758 2851 790 2911 in
810 2851 870 2911 hac
892 2849 994 2927 prima
1016 2844 1135 2906 nullum

346 2956 384 3001 ac
397 2938 520 3000 irritum
534 2936 768 2999 matrimonium
779 2936 956 3018 judicatum
978 2931 1081 3007 fuerit,
1105 2931 1137 2990 et

348 3027 388 3089 ab
403 3045 528 3106 capara
546 3026 596 3088 vel
619 3025 765 3087 defensor
787 3043 843 3104 pro
867 3042 925 3086 sua
946 3017 1136 3084 conscientia
1190 3022 1320 3080 tantur:
1354 3018 1459 3098 quoad
1482 3037 1593 3082 causas
1614 3037 1688 3080 vero
1711 3039 1781 3100 quae
1802 3017 1973 3086 Romala-3

347 3134 409 3178 non
419 3114 587 3177 crediderit
597 3112 886 3192 appellandum,vel
896 3108 1136 3190 appellationem
1191 3106 1353 3185 captandae
1367 3112 1449 3183 sunt,
1474 3125 1546 3171 cum
1563 3127 1673 3169 earum
1687 3109 1824 3188 cognitio
1838 3109 1866 3169 iu
1878 3107 1953 3186 prima
1972 3135 1973 3140 ¹

346 3201 599 3286 prosequendam
612 3201 739 3261 minime
750 3199 916 3276 censuerit,
927 3199 959 3258 in
969 3199 1133 3276 potestate,
1153 3183 1162 3202 ’
1190 3194 1338 3257 instantia
1360 3196 1401 3256 ad
1421 3197 1453 3258 S.
1472 3198 1507 3256 a.
1525 3198 1560 3257 ll.
1583 3196 1782 3258 cardinalem
1803 3196 1833 3256 in
1853 3177 1974 3275 prefatai

349 3295 382 3352 et
395 3288 522 3352 arbitrio
538 3287 708 3368 conjugum
722 3287 763 3348 sit
775 3305 873 3348 novas
882 3285 1007 3364 nuptias
1016 3288 1137 3344 contra·
1191 3283 1287 3360 Urbe,
1299 3282 1428 3363 ejusque
1439 3283 1607 3362 suburbiis,
1625 3287 1657 3345 et
1670 3283 1813 3346 districtu
1828 3281 1953 3351 vicarium
1972 3277 1974 3386 p

346 3378 433 3453 here,
450 3374 621 3436 dummodo
637 3373 729 3434 alicui
744 3391 854 3434 eorum
869 3372 908 3434 ob
932 3370 1059 3450 aliquod
1080 3370 1136 3429 im·
1193 3372 1339 3431 Nostrum
1352 3371 1384 3431 in
1400 3371 1612 3449 spiritualibus
1626 3390 1684 3451 pro
1700 3377 1839 3451 tempore
1851 3371 1952 3450 spectet,
1972 3387 1974 3452 l

346 3464 561 3546 pedimentum
575 3462 625 3523 vel
641 3462 814 3542 legitimam
830 3477 958 3522 causam
967 3459 999 3520 id
1007 3457 1138 3520 vetitum
1192 3457 1378 3518 mandamus
1392 3475 1429 3519 ac
1440 3457 1599 3537 jubemus,
1623 3462 1659 3520 ut
1680 3460 1785 3520 omnia
1803 3463 1834 3521 et
1845 3455 1950 3536 singola,
1972 3459 1974 3528 l

346 3572 410 3616 non
424 3552 473 3630 sit,
489 3554 627 3630 potestas
640 3555 746 3610 tamen
770 3553 840 3628 post
863 3548 994 3610 alteram
1014 3551 1139 3608 senten·
1193 3563 1262 3625 quae
1286 3546 1316 3605 in
1336 3546 1404 3606 aliis
1425 3545 1528 3607 causis
1551 3552 1640 3608 extra
1663 3550 1835 3609 Romanam
1856 3529 1974 3622 conani

346 3643 424 3705 tiam
438 3638 642 3716 conformem,
663 3644 698 3699 ut
718 3655 824 3716 supra,
850 3636 1035 3717 conjugibus
1057 3634 1140 3695 facta
1192 3632 1420 3712 pertractandis
1443 3633 1626 3713 prescripta
1648 3633 1786 3713 fuerunt,
1815 3651 1912 3712 nempe
1930 3623 1974 3718 oti

347 3729 551 3809 intelligatur,
574 3733 605 3788 et
631 3727 732 3788 lecom
755 3725 880 3802 habeat,
906 3726 991 3786 salvo
1016 3741 1140 3802 semper
1190 3721 1344 3802 judicium
1359 3721 1643 3800 peragaturcitato,
1656 3727 1688 3787 et
1698 3723 1805 3784 audito
1818 3722 1953 3785 Defensore
1972 3719 1974 3764 ἲ

350 3824 382 3882 et
395 3819 485 3880 firmo
500 3817 682 3877 remanente
700 3813 783 3893 jure,
808 3832 864 3874 seu
887 3811 1050 3892 privilegia
1065 3829 1141 3872 cau·
1193 3808 1384 3870 matrimonii
1397 3809 1438 3870 ab
1452 3809 1564 3870 eodem
1577 3810 1737 3872 cardinali
1752 3810 1868 3874 Vicario
1880 3807 1955 3884 depu-
1972 3809 1974 3860 i

348 3923 455 3967 aarum
468 3901 757 3978 matrimonialium,
775 3919 845 3981 quae
860 3901 900 3962 ob
915 3899 1140 3980 cujuscumque
1194 3898 1416 3977 tatc,aliaque,
1429 3903 1578 3978 utsupra,
1592 3900 1722 3961 omnino
1736 3901 1955 3974 servantiam

348 3991 499 4072 temporis
518 3991 642 4070 lapsum
665 4007 826 4070 nunquam
840 3992 1005 4051 transeunt
1027 3988 1058 4048 in
1073 4004 1141 4048 rem
1195 3986 1290 4048 etiam
1311 3985 1341 4044 in
1365 3986 1434 4046 aliis
1458 3987 1559 4049 causis
1580 3987 1697 4066 quaein
1719 3988 1819 4067 prima
1837 3969 1974 4048 instantia*

347 4081 538 4162 judicatam
562 4078 617 4139 sed
631 4078 657 4138 si
672 4095 754 4139 nova
768 4096 828 4154 res,
855 4095 924 4157 quae
947 4094 1010 4136 non
1024 4075 1142 4135 deduc-
1196 4093 1234 4134 ex
1248 4091 1401 4135 consensu
1425 4075 1573 4154 partium,
1598 4074 1649 4136 vel
1668 4075 1701 4135 in
1716 4075 1849 4136 secunda
1860 4089 1907 4152 per
1918 4085 1955 4146 ap·

348 4173 395 4239 ta.
409 4167 460 4228 vel
473 4167 619 4246 ignorata
633 4163 737 4236 fuerit,
753 4164 929 4241 detegatur,
941 4161 1057 4223 resumi
1072 4179 1142 4239 pos·
1196 4163 1397 4242 pellationem
1421 4163 1461 4223 ad
1484 4163 1597 4225 Sedem
1623 4164 1846 4242 apostolicam,
1869 4159 1955 4222 amiso
1972 4175 1974 4252 p

348 4260 432 4330 sunt,
457 4257 490 4315 et
511 4270 618 4314 rursus
641 4251 673 4311 in
693 4250 876 4331 judicialem
897 4249 1143 4312 controversiam
1197 4250 1314 4326 medio,
1333 4249 1559 4328 interpositam,
1579 4250 1626 4311 vel
1640 4251 1672 4310 in
1688 4251 1778 4314 tertia
1792 4243 1974 4330 camarado-f

349 4341 502 4404 revocari.
519 4338 610 4412 Quod
628 4338 653 4398 si
669 4356 688 4398 a
711 4338 850 4400 secunda
871 4338 1026 4399 sententia
1049 4353 1144 4415 super
1198 4340 1352 4407 feruntur,
1370 4357 1448 4418 quas
1463 4355 1572 4400 omnes
1589 4337 1726 4419 judicari
1740 4339 1874 4401 volumus
1885 4331 1974 4432 relinp

351 4430 505 4504 nullitate,
518 4427 568 4488 vel
578 4427 678 4487 altera
688 4444 761 4505 pars
768 4425 983 4505 appellaverit,
996 4424 1143 4505 uthujus·
1197 4427 1446 4506 Congregatione
1461 4429 1493 4489 S.
1512 4429 1549 4489 R.
1562 4429 1597 4488 ll.
1610 4427 1821 4490 Cardinalium
1834 4441 1914 4504 super
1923 4419 1956 4478 iu·

351 4516 437 4578 modi
465 4514 515 4588 sit,
547 4518 583 4574 ut
609 4513 645 4590 ei
662 4513 749 4574 salva
773 4513 972 4592 conscientia,
998 4514 1144 4575 defensor
1200 4515 1431 4594 terpretatione,
1457 4522 1489 4577 et
1511 4516 1695 4579 executione
1719 4511 1974 4580 concilii'frideu·i

351 4601 541 4666 matrimonii
576 4601 840 4680 acquiescendum
872 4619 934 4663 non
962 4604 1061 4681 putet,
1094 4600 1144 4662 vel
1198 4605 1265 4681 tini,
1282 4605 1332 4665 vel
1347 4604 1378 4664 iu
1393 4621 1560 4666 causarum
1574 4605 1685 4668 Palatii
1701 4604 1799 4668 Nostri
1813 4591 1974 4682 auditumst

353 4690 428 4771 quia
440 4691 498 4753 sibi
513 4689 637 4752 videtur
650 4689 813 4752 manifeste
833 4689 959 4771 injusta,
985 4691 1036 4752 vel
1056 4691 1145 4751 inva-
1199 4693 1369 4755 dummodo
1385 4693 1488 4770 nobis,
1502 4696 1685 4757 etflomano
1695 4693 1830 4758 Pontifici
1844 4708 1892 4772 prc
1900 4692 1955 4750 aa
1973 4697 1974 4700 ’

351 4778 427 4856 lida,
443 4779 494 4839 vel
509 4778 583 4858 quia
597 4778 691 4839 fuerit
703 4778 770 4840 lata
785 4778 816 4839 in
831 4778 924 4841 tertia
938 4778 1096 4856 instantia,
1114 4781 1146 4838 et
1198 4798 1274 4860 pore
1285 4779 1377 4859 justis
1392 4797 1430 4839 ex
1446 4779 1548 4840 causis
1563 4797 1625 4841 non
1640 4782 1783 4843 videatur
1794 4769 1956 4860 particularis

352 4865 600 4930 sitrevocatoria
615 4865 743 4928 alterius
757 4867 962 4946 precedentis
984 4885 1079 4946 super
1092 4883 1145 4926 va·
1199 4867 1406 4945 Congregatio
1431 4869 1463 4929 S.
1489 4869 1525 4929 a.
1552 4869 1587 4929 ll.
1612 4868 1829 4945 Cardinalium,
1852 4866 1894 4928 rel
1913 4863 1974 4940 le}

352 4954 472 5018 liditate
493 4954 525 5014 in
544 4953 684 5016 secunda
706 4954 855 5016 instantia
878 4959 1033 5031 emanata,
1057 4954 1147 5014 volu·
1199 4971 1300 5016 manae
1316 4955 1415 5015 curiae
1426 4955 1630 5016 Praelatorum
1643 4955 1827 5036 deputanda.
1843 4953 1974 5034 cumae-l

353 5059 424 5104 mus
443 5044 479 5103 ut
498 5040 589 5101 firma
602 5045 783 5102 remanente
798 5040 922 5120 utrique
937 5040 1063 5121 conjugi
1074 5057 1146 5118 pro·
1199 5047 1262 5104 tem
1278 5059 1373 5103 eausa
1386 5059 1481 5121 super
1494 5043 1686 5104 matrimonii
1701 5043 1833 5105 nullitate
1846 5035 1953 5120 agitahr
1972 5035 1974 5096 l

354 5130 472 5191 bitione
491 5128 532 5190 ad
559 5128 637 5191 alias
659 5129 840 5190 transeundi
864 5131 1001 5210 nuptias,
1021 5146 1099 5209 quas
1120 5125 1146 5188 si
1200 5135 1251 5193 tur
1264 5131 1296 5190 in
1311 5131 1395 5192 dicta
1418 5131 1668 5210 congregatione
1690 5133 1722 5194 s,
1738 5133 1772 5193 fl.
1789 5133 1822 5193 Ε,
1838 5097 1974 5193 cardinal

355 5217 539 5281 ‘imitabere
554 5217 621 5280 &¹¹⁸5
645 5216 771 5292 simini,
788 5218 902 5296 pinnis,
919 5224 954 5280 ut
967 5219 1145 5299 praesertssc
1199 5220 1276 5282 lium
1286 5218 1414 5281 concilii
1423 5219 1598 5282 Tridentini
1613 5223 1824 5300 interpretum,
1840 5216 1953 5281 defensor
1972 5193 1974 5274 i

355 5304 473 5368 anobis
487 5305 661 5369 constitutis
673 5305 800 5368 subesse
823 5306 1031 5384 decernimus,
1052 5321 1148 5367 causa
1201 5309 1394 5371 matrimonii
1407 5287 1974 5388 acardinaliPraefeetoejusdemcou·t

355 5395 388 5454 in
415 5394 519 5471 tertia,
549 5396 599 5456 vel
620 5399 732 5476 quarta
752 5395 900 5458 instantia
927 5399 1168 5474 cognoscatur„
1200 5396 1408 5475 gregationis;
1442 5397 1468 5458 si
1492 5416 1567 5459 vero
1587 5399 1618 5458 iu
1634 5395 1738 5458 Palatii
1754 5395 1843 5458 nostri
1861 5371 1974 5464 auditoi

356 5483 487 5546 servatis
510 5482 675 5563 diligenter
698 5483 855 5562 omnibus,
879 5501 949 5564 quse
970 5502 989 5544 a
1011 5482 1101 5547 nobis
1116 5482 1148 5544 in
1202 5483 1260 5560 rio,
1287 5485 1327 5545 ab
1348 5484 1499 5547 auditore
1522 5487 1647 5547 Decano
1662 5483 1780 5564 prefati
1793 5473 1949 5544 'l'ribunelis3
