4186 6348
729 559 780 620 DE
808 559 839 620 S.
869 558 1077 622 GRUGIATAE
1105 557 1245 620 BULLA.
1729 557 1788 618 409

147 745 376 822 Comminatius,
401 753 434 805 ut
449 743 591 826 precem
613 752 714 806 contra
739 741 935 825 delinquentes
991 744 1152 821 Crucium,
1169 742 1401 824 chyrographa,
1418 745 1473 803 aut
1486 741 1694 803 instrumenta
1712 759 1786 822 par-

143 835 174 894 in
198 832 395 896 cruciatam?
415 835 509 912 Resp.
535 850 626 911 posse
641 831 812 910 procedere
827 836 936 893 conae
991 832 1122 898 tinentia
1136 831 1296 911 primario,
1313 835 1368 893 aut
1388 829 1575 892 secundario
1598 828 1639 891 ad
1661 829 1788 891 Crucia-

142 922 222 998 illos,
238 921 349 982 iisdem
364 919 476 999 poenis,
489 918 936 999 quibusqueelibctEoclesias·
990 926 1066 997 mm,
1089 925 1123 981 ut
1143 919 1343 981 manifestent
1363 918 1594 994 commissario,
1619 921 1674 980 aut
1697 916 1787 980 alteri

141 1008 204 1071 tica
222 1008 412 1089 jurisdictio,
441 1026 541 1087 usque
568 1007 608 1068 ad
635 1006 839 1067 relaxandum
859 1006 938 1067 deli·
992 1007 1183 1088 personareb
1199 1025 1234 1068 eo
1250 1007 1406 1086 deputatae
1418 1007 1524 1066 statim
1538 1023 1575 1066 ao
1590 1004 1711 1084 possint
1724 1003 1786 1066 sub

142 1102 274 1179 quantes
288 1095 430 1156 saculari
442 1094 585 1172 brachio,
610 1094 635 1154 si
656 1111 750 1172 poena
764 1093 875 1172 capitia
886 1094 936 1174 ju·
991 1097 1092 1177 pmnis
1106 1094 1293 1174 pecuniariis
1308 1095 1340 1154 in
1361 1093 1536 1155 subsidium
1557 1093 1709 1155 cruciata
1729 1093 1786 1154 ad-

141 1185 255 1248 dicarit
269 1183 392 1264 dignos.
988 1184 1175 1266 judicandis
1188 1203 1196 1256 ;
1214 1183 1384 1262 Episcopos
1398 1201 1472 1243 vero
1487 1185 1519 1243 et
1531 1181 1608 1242 alios
1627 1183 1785 1258 Praelatos,

181 1271 339 1351 Quoeritor
360 1269 492 1348 secunde,
522 1271 641 1352 quinam
661 1279 802 1352 putentur
818 1268 937 1332 atne
992 1274 1049 1336 sub
1063 1291 1157 1352 poena
1176 1273 1383 1351 supousionis,
1399 1276 1430 1333 et
1444 1270 1601 1332 interdicti
1616 1272 1656 1332 ab
1672 1271 1784 1333 Eccle-

139 1364 248 1426 cictam
262 1359 455 1442 delinquere?
469 1362 560 1438 Resp.
578 1359 799 1438 lmpedicntes,
817 1363 871 1419 aut
887 1376 938 1418 re·
993 1363 1047 1424 sia
1062 1362 1226 1441 ingressu3
1242 1361 1379 1441 reliquos
1393 1378 1469 1420 vero
1483 1359 1541 1420 sub
1556 1377 1651 1437 poena
1665 1376 1789 1421 excom-

140 1452 275 1513 finentes
303 1447 585 1528 promulgationem
613 1449 729 1521 Bullae;
760 1449 932 1527 rapientes,
991 1446 1784 1524 manicationislatasentcntiae,aquasolusPon·

140 1544 194 1602 aut
217 1538 411 1600 occultantes
434 1536 518 1596 bona
535 1535 575 1596 ad
590 1537 765 1598 Cruciatam
780 1535 936 1616 partinen-
991 1536 1065 1599 tifex
1080 1537 1178 1615 possit
1194 1536 1367 1597 absolvere.
1385 1535 1442 1607 Oui
1457 1538 1563 1596 autem
1587 1533 1706 1614 aliquid
1726 1533 1784 1594 bo-

140 1633 205 1700 tes;
237 1627 431 1703 opponentes
459 1641 492 1682 se
520 1621 691 1703 privilegiis
722 1622 937 1685 ministrorum
992 1642 1114 1700 norum,
1132 1642 1201 1704 qum
1216 1623 1361 1700 diximus,
1378 1623 1512 1684 scienter
1525 1620 1701 1698 retinuerit,
1720 1639 1786 1683 non

141 1713 314 1784 Cruciatae3
340 1713 544 1786 remorantes,
571 1715 625 1771 aut
648 1711 802 1772 malitioso
828 1730 937 1790 percu·
992 1713 1106 1792 poterit
1116 1712 1279 1788 beneficio,
1292 1729 1393 1791 neque
1405 1709 1512 1790 gratiis
1522 1709 1662 1787 gaudere
1674 1709 1784 1768 Bullae.

140 1803 252 1863 tientes
269 1817 332 1875 eos,
350 1798 403 1878 qui
417 1798 458 1859 ad
472 1797 587 1858 bellum
603 1803 715 1860 contra
730 1799 873 1859 lnftdeles
887 1817 937 1858 va·
1032 1801 1108 1861 Aliae
1132 1801 1306 1875 facultates,
1328 1817 1407 1878 quas
1426 1798 1522 1859 habet
1545 1795 1785 1862 Commissarius

142 1892 229 1967 dunt,
248 1886 427 1959 nevadant;
445 1890 476 1947 et
490 1885 566 1947 alios
581 1885 802 1948 similes.lnter
815 1905 868 1947 eos
883 1905 939 1946 au·
992 1889 1095 1969 quoad
1111 1888 1341 1967 expeditionem
1356 1885 1709 1962 Bullae,velinferuntur
1723 1885 1788 1946 suf-

140 1985 215 2054 tem,
241 1975 294 2056 qui
310 1975 350 2034 ad
363 1973 481 2034 bellum
500 1976 645 2052 pergunt,
663 1992 725 2034 non
741 1977 813 2035 sunt
828 1991 938 2033 nume·
991 1977 1132 2038 ficienter
1146 1996 1183 2037 ex
1204 1977 1273 2054 ipsa
1291 1976 1390 2051 Bulla,
1408 1975 1457 2034 vel
1474 1972 1543 2052 jam
1564 1973 1595 2033 in
1618 1974 1680 2036 boc
1703 1972 1786 2034 libro

141 2064 233 2128 randi
258 2063 291 2140 ii,
318 2062 371 2142 qui
392 2078 449 2139 pro
464 2060 618 2138 stipendio
634 2068 786 2139 pugnant,
804 2061 861 2122 nisi
876 2061 938 2122 sint
991 2069 1132 2128 tractatae
1148 2069 1232 2126 sunt.

142 2169 309 2231 pauperes,
336 2152 367 2210 et
390 2151 463 2210 cant
477 2147 645 2224 substituti,
667 2153 698 2209 et
711 2148 797 2209 missi
812 2149 852 2209 ab
868 2148 938 2210 aliis

141 2241 174 2301 in
189 2240 342 2302 Cruciataa
365 2236 559 2309 subsidium
585 2237 659 2318 quia
682 2237 725 2314 hi,
751 2238 803 2318 qui
817 2237 938 2297 vadunt

141 2348 198 2409 pro
213 2326 380 2408 stipendio,
396 2326 421 2386 si
437 2343 499 2386 nen
514 2328 586 2385 sunt
600 2341 765 2405 pauperes,
783 2343 845 2388 non
860 2343 936 2406 gau·
1252 2363 1450 2428 DUBIUM
1479 2364 1513 2425 Η

141 2417 217 2478 dant
231 2416 328 2478 Bullee
342 2413 524 2494 privilegiis.
1518 2409 1525 2424 '

183 2503 334 2580 (tueritne
354 2501 452 2570 tertio,
477 2519 515 2562 on
536 2519 630 2582 pente
650 2502 843 2584 pecuniaria,
865 2521 939 2584 quos

139 2591 266 2673 imponit
282 2589 510 2657 Cernrniesnn'us,
527 2588 649 2650 debeant
662 2609 719 2670 pro
734 2591 848 2671 intepro
865 2591 937 2653 Cru-

142 2689 230 2744 aare
243 2678 417 2760 applicari?
431 2678 649 2755 Respondetur
663 2678 859 2740 affirmative.

183 2768 335 2844 Quaeritur
356 2774 462 2850 qrcurte
485 2785 524 2826 an
537 2785 632 2846 poenoe
654 2767 796 2848 impositae
809 2766 846 2828 ab
860 2765 937 2828 crdi-

139 2859 239 2922 nuriis
258 2876 314 2939 pro
328 2873 507 2937 qnocnmque
519 2854 634 2932 delicto,
656 2855 775 2916 debeant
789 2856 939 2938 applicari
1034 2861 1185 2938 Quaeritur
1195 2861 1303 2944 prime,
1315 2879 1354 2922 on
1368 2862 1458 2943 pessit
1472 2862 1504 2922 in
1518 2860 1789 2941 irrequies-italides

142 2945 314 3011 Cruciatur?
337 2947 429 3022 Resp.
457 2943 547 3019 Olim,
577 2963 685 3006 omnes
709 2962 819 3023 poenas
836 2945 938 3024 appii·
992 2951 1183 3031 dispensare?
1207 2951 1298 3028 Resp.
1326 2947 1538 3024 affirmative,
1567 2947 1705 3027 exeeptis
1728 2947 1789 3008 illis

141 3036 261 3098 eandm
286 3033 401 3109 fuisse,
432 3051 515 3093 nurse
539 3050 613 3092 vero
637 3032 801 3093 dimidium
816 3051 935 3095 earum.
993 3056 1062 3118 quae
1085 3037 1258 3118 procedunt
1279 3053 1317 3095 ex
1339 3033 1511 3096 homicidio
1536 3034 1725 3112 voluntario,
1750 3033 1788 3095 si·

140 3124 394 3203 praecipiturque
423 3121 594 3190 Ordinarjis
622 3120 655 3181 in
679 3121 793 3182 virtute
822 3125 938 3182 sanctae
992 3125 1107 3200 monia,
1124 3123 1280 3202 apostasia
1295 3141 1314 3183 a
1327 3123 1400 3198 fide,
1416 3122 1542 3200 haeresi,
1561 3127 1617 3184 aut
1630 3123 1715 3184 mala
1730 3124 1789 3184 Or-

140 3211 340 3288 obedientiae,
366 3213 401 3270 ut
416 3209 574 3288 applicant
588 3227 660 3285 eas3
687 3209 937 3272 ordinariorum·
993 3213 1101 3274 dinam
1115 3211 1306 3290 acceptione,
1323 3214 1377 3272 aut
1392 3229 1429 3270 ex
1444 3209 1655 3272 celebratione
1670 3210 1784 3285 Missae,

140 3319 207 3382 que
230 3298 321 3360 dictis
342 3296 488 3358 standum
511 3301 557 3358 est
571 3297 675 3376 quoad
690 3316 800 3359 aarum
814 3296 938 3377 quanti·
992 3305 1023 3363 et
1043 3300 1175 3362 aliorum
1197 3299 1381 3360 Divinarum
1402 3299 1597 3375 officiorum,
1622 3317 1693 3359 cum
1716 3299 1786 3378 quis

139 3393 250 3461 tatem
267 3387 371 3468 quoad
384 3385 566 3447 fidelitatem
576 3405 662 3464 vero,
680 3387 821 3448 Pontifex
836 3385 937 3466 injun·
992 3405 1124 3449 censura
1139 3392 1220 3448 esset
1233 3385 1347 3464 ligatus
1362 3385 1394 3446 in
1404 3390 1623 3463 contemptum
1639 3385 1785 3447 clavium.

139 3479 189 3558 git
203 3476 401 3555 Religionum
411 3473 594 3552 ordinariis,
607 3474 833 3555 committitque
848 3477 937 3534 Com·
993 3479 1097 3539 Potest
1110 3493 1184 3536 vero
1209 3475 1390 3554 dispensare
1412 3474 1443 3534 in
1469 3473 1610 3554 reliquis,
1628 3493 1699 3554 qum
1717 3492 1788 3554 pro-

139 3563 296 3630 missorio,
322 3565 357 3622 ut
379 3561 526 3641 inquirat,
552 3579 592 3622 an
606 3563 741 3624 fideliter
755 3581 787 3624 se
803 3566 936 3642 gerant3
993 3566 1108 3626 cedunt
1122 3583 1161 3624 ex
1181 3563 1305 3640 delicto,
1322 3566 1357 3624 ut
1371 3561 1491 3641 possint
1513 3562 1648 3623 retinere
1671 3563 1790 3623 beneti-

140 3658 173 3716 ct
187 3657 222 3714 ut
235 3650 334 3731 possit
348 3651 388 3711 ad
402 3649 585 3711 fidelitatem
607 3651 807 3730 compellere.
996 3653 1055 3729 cia,
1074 3655 1106 3713 et
1118 3653 1280 3731 percipere
1294 3651 1415 3712 fructus
1430 3668 1550 3727 eorum,
1563 3649 1696 3711 delendo
1712 3649 1760 3710 inf
1777 3683 1789 3694 -

185 3739 342 3814 Qumitur
367 3737 484 3818 quinto,
513 3755 653 3817 quomam
680 3737 825 3819 officiales
847 3740 940 3820 possit
993 3740 1088 3800 miam
1103 3742 1134 3799 et
1149 3738 1390 3814 inhabilitatem,
1419 3755 1488 3818 quar
1504 3737 1544 3798 ab
1559 3736 1789 3816 irregularitate

143 3827 366 3894 commissarios
378 3824 526 3890 Generalis
538 3827 667 3908 elegere?
679 3830 773 3907 Resp.
791 3831 825 3890 ln
841 3829 938 3890 omni·
993 3825 1207 3905 proveniebat,
1225 3829 1256 3886 et
1279 3826 1471 3886 restituendo
1491 3824 1676 3887 exercitium
1698 3823 1790 3886 Ordi-

141 3919 203 3980 bus
225 3913 399 3978 Provinciis
420 3929 512 3992 posse
534 3914 649 3992 eligere
669 3914 934 3992 Commissarium,
994 3933 1069 3976 num
1085 3932 1147 3976 non
1161 3914 1243 3976 male
1258 3918 1471 3992 acceptorum.

141 4001 377 4081 subdelegaudo
393 4001 483 4060 eisin
502 4005 580 4076 toto,
604 4003 654 4063 vel
668 4001 699 4061 in
715 4006 835 4080 partem
850 4021 939 4064 suam
1035 4003 1188 4078 (inuritur
1200 4001 1337 4078 amande,
1354 4002 1529 4082 inquorum
1543 4001 1642 4081 sonno
1652 4003 1744 4082 possit
1759 4003 1790 4062 in

141 4090 418 4173 jurisdictionem,
444 4092 475 4149 ct
499 4089 641 4150 Notarius
665 4089 704 4150 ad
729 4089 880 4171 quidquid
906 4093 939 4152 in
994 4092 1037 4153 tri
1059 4089 1333 4171 irregularitatibue
1356 4087 1554 4170 dispensare?
1578 4094 1672 4168 Resp.
1699 4090 1789 4162 Quod

142 4183 203 4242 boo
217 4177 344 4258 negotio
361 4195 393 4236 se
418 4175 597 4238 obtulerint.
616 4176 677 4239 Sed
698 4180 763 4238 tam
788 4178 939 4239 Commis·
994 4178 1214 4260 dispensando,
1235 4180 1266 4237 et
1286 4177 1502 4255 componendo
1522 4176 1637 4250 simul;
1661 4176 1721 4238 hoo
1743 4179 1790 4238 est

143 4267 253 4345 sarias,
271 4283 367 4346 quam
382 4263 528 4325 Notarius
543 4264 773 4343 approbaturus
789 4270 836 4328 est
850 4266 938 4329 Ordi-
994 4265 1183 4345 imponendo
1205 4263 1344 4342 aliquam
1367 4281 1496 4342 poenam
1519 4265 1735 4342 pecuniariam
1757 4263 1789 4323 in

142 4355 249 4417 narius
263 4351 411 4433 prudenti
423 4351 553 4431 judicio.
572 4354 677 4414 Potest
691 4353 786 4414 etiam
801 4355 939 4435 compel-
994 4353 1167 4415 subsidium
1181 4351 1344 4428 cruciata,
1362 4367 1432 4430 quae
1454 4350 1595 4412 succedit
1614 4369 1671 4431 pro
1694 4367 1790 4430 poena

142 4444 207 4505 lare
221 4458 438 4523 quoscumque
453 4441 608 4518 Notarios,
625 4444 660 4502 ut
678 4441 846 4504 exhibeant
860 4442 939 4521 chy·
992 4442 1244 4522 irregularitatis.

141 4530 299 4611 rographa
314 4527 355 4589 ad
370 4529 430 4590 hoc
444 4529 605 4608 negotium
626 4530 826 4609 pertinentia.
844 4532 935 4591 Com·
1036 4531 1185 4607 (inuritur
1198 4529 1294 4605 tertio,
1310 4548 1350 4589 cn
1370 4529 1432 4589 leuc
1452 4528 1629 4610 dispunctio
1643 4529 1743 4589 relect
1758 4528 1790 4590 in

141 4619 303 4682 missariua
318 4623 423 4679 autem
439 4617 598 4679 Generalis
614 4636 675 4678 non
691 4623 793 4697 potest
810 4618 892 4698 cogi,
905 4622 941 4681 ut
993 4620 1064 4701 sore
1076 4619 1220 4681 externo?
1244 4617 1463 4696 Respondotur
1484 4617 1682 4678 affirmative.
1710 4617 1790 4688 Ouia

141 4710 323 4787 compareat
350 4724 458 4768 coram
478 4705 539 4766 alio
553 4706 671 4784 [iudice
687 4723 782 4786 quam
807 4707 939 4768 Pontio·
994 4709 1135 4770 Pontifex
1151 4724 1211 4767 non
1223 4710 1362 4767 coarctat
1371 4704 1551 4767 facultatem
1566 4704 1787 4767 commissario

141 4815 189 4873 ce,
206 4813 308 4875 neque
322 4793 547 4870 commissarii,
560 4797 592 4854 et
609 4794 728 4855 Notarii
744 4793 938 4872 subdelegati
993 4795 1033 4857 ad
1048 4795 1151 4856 forum
1165 4797 1287 4856 tantum
1302 4793 1470 4854 internum.

141 4901 247 4944 coram
274 4882 336 4942 alio
370 4899 472 4960 quam
496 4881 714 4943 Commisaario
740 4881 881 4943 Generali
906 4882 937 4942 in
1035 4881 1188 4957 Ouoeritnr
1206 4888 1324 4961 quarto,
1346 4899 1383 4940 on
1404 4879 1502 4942 ualeat
1519 4878 1789 4962 quondedelictum

139 4970 234 5032 rebus
248 4970 290 5030 ad
304 4969 486 5032 Cruciatum
502 4970 725 5047 spectantibus,
743 4968 818 5029 dum
834 4970 878 5028 eis
892 4971 939 5029 at·
992 4979 1031 5032 est
1039 4969 1215 5053 publicum?
1229 4969 1447 5047 Respondotur
1457 4969 1653 5030 affirmative.
1668 4969 1787 5032 Eadem

138 5059 259 5132 tendit;
277 5056 421 5139 quamvis
435 5055 492 5118 hos
518 5057 638 5136 possint
651 5057 763 5136 punire
782 5057 937 5120 ordinarii
994 5061 1126 5122 ratione.

137 5147 292 5222 locorum,
323 5143 488 5224 inquibus
516 5145 712 5224 delinquunt,
738 5145 769 5205 in
793 5145 934 5223 materia,
1035 5146 1351 5227 Onoeritorqurnto,un
1362 5146 1455 5227 pessit
1465 5145 1632 5228 dispensare
1644 5145 1790 5209 Commis-

139 5252 211 5314 quac
225 5234 266 5296 ad
280 5232 457 5294 Cruciatam
472 5250 534 5294 non
551 5233 716 5311 pertineat.
990 5237 1089 5298 sarius
1101 5236 1129 5296 in
1139 5234 1242 5316 aliquo
1252 5233 1462 5314 impedimento
1471 5234 1785 5302 occultomatrirnonii.

1020 2551 1064 2614 De
1077 2550 1279 2633 facultatibus,
1296 2570 1368 2633 qum
1382 2551 1466 2613 lubet
1479 2549 1578 2633 quoad
1594 2549 1760 2614 aninturnrn

1321 2646 1456 2710 sulutem.

181 5321 333 5396 Qnoentur
346 5329 439 5395 sento,
463 5339 622 5401 quamnam
637 5328 809 5398 potestatem
830 5319 938 5384 babeat
988 5333 1145 5407 postquam
1160 5322 1284 5384 invalide
1304 5330 1487 5384 contractum
1501 5331 1541 5383 est
1553 5329 1568 5383 f
1581 5326 1674 5402 Resp.
1692 5326 1786 5385 Posse

138 5407 368 5471 Commissorius
382 5409 415 5468 in
435 5407 639 5491 recolligendis
662 5407 813 5470 Cruciatur
831 5408 936 5470 bonu?
992 5411 1174 5489 dispensare
1198 5409 1229 5469 in
1253 5409 1477 5488 impedimento
1502 5409 1662 5471 affinitatis
1682 5411 1787 5490 quoad

138 5499 233 5580 Resp.
251 5500 345 5559 Posse
361 5497 531 5562 admonere
553 5515 661 5562 omnes
678 5495 829 5559 habentes
850 5497 934 5561 bona
991 5499 1129 5580 primum
1144 5501 1175 5560 et
1188 5497 1361 5563 secundum
1371 5497 1517 5576 gradum,
1529 5497 1614 5578 quod
1627 5497 1790 5580 precessit
