4186 6348
716 525 768 590 DE
797 525 829 591 S.
860 525 1072 590 CEUCIATAE
1099 524 1243 594 Bubus.
1722 529 1777 592 avt

136 701 168 764 in
182 703 370 770 stationibus
385 711 502 788 Romae,
523 728 585 773 non
605 714 652 774 est
674 711 719 776 ita
738 711 829 775 lacile
843 713 928 775 dictu
1024 717 1054 776 l.
1073 714 1164 787 Quod
1179 714 1317 795 quinque
1337 715 1457 778 Altaria
1479 714 1600 794 possint
1617 715 1735 777 visitari
1750 714 1782 775 in

136 790 167 851 io
183 795 448 858 lanlaauctorum
470 798 632 862 varietate.
654 801 759 882 Aliqui
777 800 869 862 nimis
889 800 929 862 ad
989 801 1120 863 diversis
1139 803 1295 881 Ecclesiis,
1322 803 1396 883 quia
1422 804 1513 865 bulla
1540 821 1602 865 non
1631 808 1781 880 coarctat,

137 878 289 957 pietatem
302 884 393 960 proni
416 903 479 946 non
502 886 639 948 contenti
654 893 728 950 sunt
741 907 805 950 una
823 887 930 951 Indul-
991 891 1075 971 quod
1090 890 1120 950 in
1136 909 1199 952 una
1213 891 1349 954 debeant
1361 891 1491 954 visitari.
1508 889 1591 953 Idem
1605 911 1636 952 n.
1652 894 1702 954 35.

135 968 244 1046 gentis
264 971 436 1050 assignata,
453 974 509 1035 sed
528 975 670 1053 pluribus
689 976 720 1036 in
740 996 929 1058 unaquaque
1025 983 1056 1040 5.
1073 979 1162 1050 Quod
1177 979 1202 1039 si
1216 979 1249 1038 in
1264 997 1327 1039 uns
1337 978 1477 1040 Ecclesia
1490 979 1549 1040 loci
1560 982 1634 1040 sunt
1643 979 1782 1059 quinque

136 1055 196 1118 die.
215 1059 336 1138 Regula
354 1061 494 1124 omnium
514 1062 688 1126 certissima
707 1068 816 1142 estes,
834 1085 930 1146 quam
984 1068 1106 1129 Altaria
1141 1073 1173 1128 et
1204 1067 1235 1127 in
1259 1066 1321 1127 alia
1344 1067 1484 1128 Ecclesia
1506 1084 1568 1127 non
1592 1069 1665 1126 sunt
1691 1067 1782 1145 plura

135 1141 165 1202 in
180 1141 250 1222 ipsa
262 1147 353 1208 Bulla
367 1149 604 1211 commissarius
619 1152 696 1230 tigit,
718 1153 772 1213 nbi
792 1154 931 1234 assignat
984 1171 1081 1234 quam
1103 1154 1177 1231 duo,
1203 1155 1258 1214 aut
1280 1172 1394 1231 unum,
1420 1171 1483 1214 non
1506 1153 1546 1215 sit
1566 1153 1779 1214 necessarium

135 1228 201 1289 dies
217 1233 388 1312 nonaginta
402 1240 548 1314 quatuor,
574 1237 605 1296 in
630 1238 745 1317 quibus
772 1241 931 1302 obtinetur
984 1240 1110 1302 visitare
1125 1241 1260 1320 primam
1274 1241 1457 1318 Ecclesiam,
1483 1259 1553 1322 quae
1576 1240 1777 1319 habetquin-

135 1318 333 1398 Indulgentia
346 1322 488 1400 plenaria
510 1324 542 1384 ia
566 1326 753 1387 stelionibus
767 1329 854 1389 urbis
869 1331 931 1390 Ro·
984 1346 1060 1408 que;
1081 1329 1137 1388 ssd
1160 1329 1303 1389 sufficere
1326 1328 1453 1390 visitare
1477 1326 1643 1409 quinquies
1665 1345 1776 1404 unum,

135 1421 206 1477 maa
220 1405 273 1484 qui
285 1406 451 1470 diessunt:
468 1411 928 1494 omnesdiesousdrsgesimae,
984 1419 1039 1477 aut
1062 1414 1124 1476 duo
1143 1415 1263 1476 Altaria
1290 1433 1360 1494 quse
1387 1415 1512 1510 sunt'in
1528 1413 1676 1476 secunda.
1694 1413 1780 1476 Idem

136 1492 307 1554 Dominicis
322 1495 418 1556 etiam
441 1495 584 1572 inclusis3
601 1504 666 1564 tots
679 1503 839 1564 Pascbatis
855 1503 931 1564 heb·
984 1523 1015 1564 n.
1031 1507 1081 1580 ll,
1097 1523 1169 1564 cum
1183 1507 1295 1582 Nugno
1311 1507 1342 1564 et
1357 1503 1425 1564 aliis
1444 1522 1558 1565 comm.

139 1579 276 1643 domada
290 1601 389 1664 usque
404 1585 445 1645 ad
459 1586 654 1650 Dominicam
676 1589 707 1650 in
731 1591 817 1653 Albis
832 1591 931 1653 inclu-
1023 1594 1053 1652 6.
1071 1591 1201 1652 Nomine
1225 1590 1435 1652 Ecclesiarum
1461 1610 1532 1671 qum
1555 1591 1676 1654 visitari
1704 1608 1778 1670 pos-

136 1666 220 1740 sive;
239 1689 348 1734 omnes
362 1673 557 1737 Festivitates
572 1679 675 1740 Beatae
695 1679 842 1759 Virginis,
860 1700 929 1762 quse
983 1683 1065 1757 sunt,
1084 1677 1214 1758 intelligi
1229 1677 1280 1739 hic
1294 1678 1464 1756 AEdiculsS,
1482 1681 1626 1741 Oratoria
1639 1680 1776 1761 privata,

136 1759 706 1840 communiternumsrsnturnovem3
720 1768 799 1828 ¹dies
823 1769 928 1831 Sancti
983 1766 1171 1845 Hospitalis,
1195 1765 1322 1844 Templa
1349 1766 1551 1844 Regularium
1572 1771 1605 1829 et
1638 1767 1779 1840 Sacella;

136 1845 233 1905 Marci
247 1847 473 1928 Evangelistoe;
501 1850 568 1912 dies
591 1854 805 1929 Ascensionis3
822 1857 929 1936 vigilis
984 1853 1058 1933 quia
1071 1853 1103 1913 in
1117 1853 1340 1914 favorabilibus
1358 1853 1464 1925 omnia
1478 1853 1547 1916 loca
1563 1855 1634 1933 ista,
1653 1855 1780 1917 nomine

137 1933 337 1997 Pentecostes
351 1954 424 1997 cum
443 1956 498 1998 sex
521 1939 631 2002 diebus
650 1941 736 2003 illam
750 1943 929 2005 immediate
983 1940 1781 2020 Ecclesiarumcomprehenduntur,atdocentlloc-

137 2021 357 2101 sequentibus;
373 2028 438 2086 tres
452 2025 518 2088 dies
535 2031 723 2108 Temporum
737 2032 929 2111 Septembris
983 2035 1067 2091 tores
1081 2032 1210 2108 agentes
1223 2028 1263 2088 de
1278 2028 1474 2090 immunitate
1489 2029 1718 2091 Ecclesiastico.
1742 2031 1781 2090 Et

137 2111 253 2171 altres
275 2110 342 2174 dies
366 2115 556 2192 Temporum
584 2117 761 2193 Adventus;
793 2126 928 2199 quatuor
983 2120 1120 2192 Tuscus,
1147 2120 1178 2178 et
1200 2115 1376 2177 Alexander
1404 2118 1576 2178 extendunt
1604 2117 1780 2179 doctrinam

136 2195 232 2258 etiam
246 2197 408 2261 Adventus
431 2202 618 2278 Dominicae3
642 2205 709 2267 dies
730 2207 847 2269 Natalis
867 2211 930 2269 Ilo-
984 2205 1088 2282 istam
1112 2205 1255 2285 quamvis
1288 2204 1410 2268 Sacella
1433 2205 1638 2268 etAEdiculae
1662 2205 1780 2267 sintin

136 2285 223 2362 mini,
241 2303 314 2348 oum
328 2287 428 2350 tribus
442 2289 553 2352 diebus
569 2291 748 2357 immediate
771 2298 929 2376 sequenti·
983 2294 1099 2370 lundis,
1126 2292 1256 2372 campis,
1283 2292 1392 2372 hortis,
1419 2297 1474 2356 aut
1496 2293 1694 2370 carceribus,
1717 2295 1778 2356 etc.

136 2373 212 2447 bus;
229 2374 298 2436 dies
313 2377 564 2442 circumcisionis
578 2386 610 2442 et
625 2383 828 2462 Epiphaniae,
852 2387 930 2466 Sep·
982 2380 1096 2442 Mando
1111 2400 1142 2442 u.
1159 2383 1208 2458 32,
1226 2399 1264 2444 ex
1279 2381 1369 2442 Suar.

136 2462 329 2542 tuagesimae.
354 2467 564 2546 sexagesima
588 2471 619 2530 et
642 2471 925 2552 Quinquagesimae.
1022 2473 1052 2530 7.
1070 2469 1161 2540 Quod
1180 2469 1222 2530 ad
1245 2467 1432 2530 obtinendas
1455 2468 1666 2549 indulgentias
1689 2469 1777 2546 istas,

135 2553 174 2612 Et
187 2551 272 2612 ultra
285 2551 352 2614 baec
373 2554 471 2632 addit,
501 2557 585 2635 quod
603 2559 731 2640 reliquis
745 2561 840 2623 etism
855 2563 928 2622 anni
983 2555 1118 2618 sufficiat
1128 2555 1254 2618 visitare
1263 2556 1437 2618 Ecclesiam
1447 2556 1610 2620 fundatam
1621 2575 1693 2618 cum
1704 2573 1781 2618 auc-

136 2637 247 2700 diebus
262 2638 395 2703 habetur
408 2643 499 2706 statio
516 2648 633 2722 Romae,
651 2653 682 2709 et
695 2647 739 2710 ibi
750 2650 930 2711 obtinentur
984 2645 1110 2707 toritate
1125 2643 1282 2723 Episcopi,
1300 2645 1444 2725 quamvis
1459 2662 1521 2705 non
1543 2644 1583 2706 sit
1600 2645 1777 2712 benedicta.

135 2725 353 2805 indulgentiae,
369 2747 439 2808 qum
454 2730 549 2792 etism
571 2733 753 2796 obtinentur
773 2736 927 2798 visitando
983 2731 1057 2811 quia
1071 2732 1139 2792 haec
1153 2732 1295 2794 absolute
1320 2735 1367 2792 est
1389 2731 1539 2810 Ecclesia,
1563 2735 1595 2793 st
1610 2733 1776 2812 privilagio

136 2813 275 2894 quinque
289 2816 408 2878 Altaria
422 2817 536 2880 virtute
551 2820 705 2900 privilegii
718 2823 825 2885 Bullse.
839 2825 928 2898 Quod
982 2820 1100 2901 gaudet
1123 2819 1281 2881 Ecclesiae.
1311 2821 1390 2881 Item
1408 2821 1544 2882 sufficiat
1566 2821 1693 2883 visitare
1721 2823 1780 2883 Ec·

136 2901 282 2964 ultimum
304 2901 483 2966 condebat
505 2905 637 2984 intelligi
659 2909 698 2968 de
726 2909 929 2988 indulgentiis
983 2908 1111 2970 alesiam
1124 2907 1334 2983 interdictam,
1350 2906 1511 2986 violatam,
1528 2912 1583 2971 aut
1601 2910 1775 2988 pollutam,

135 2987 294 3067 plenariis,
311 2988 385 3070 quia
398 2989 424 3051 si
438 2991 587 3070 plenarie
602 2992 714 3073 lorent,
731 2996 848 3059 frustra
871 3016 930 3059 nu·
983 2996 1057 3076 quis
1070 2995 1295 3076 impedimenta
1319 2994 1386 3056 haec
1409 3012 1472 3057 non
1491 2997 1671 3076 prohibent,
1688 2998 1774 3078 quod

135 3078 288 3137 metasset
305 3074 457 3157 illasque
477 3078 659 3142 obtinentur
680 3100 739 3161 per
755 3087 836 3146 totos
859 3085 929 3148 illos
982 3080 1014 3140 in
1029 3081 1082 3142 illa
1094 3083 1151 3144 fiat
1164 3083 1276 3144 oratio·

136 3161 307 3241 nonaginta
321 3167 457 3244 quatuor
469 3167 646 3229 nominatos
661 3168 738 3247 dies,
755 3189 827 3232 cum
850 3173 928 3234 faoi·
1023 3173 1053 3232 8.
1071 3172 1161 3243 Quod
1176 3171 1298 3233 Altaria
1312 3189 1382 3252 quse
1401 3172 1520 3234 visitari
1536 3173 1652 3236 debent
1668 3175 1708 3236 ad
1724 3173 1780 3238 ob-

134 3249 194 3312 lius
212 3251 431 3326 essetdicere;
449 3253 593 3316 omnibus
607 3256 680 3317 anni
702 3256 812 3319 diebus
827 3258 926 3321 indul·
983 3257 1127 3320 linendas
1149 3260 1225 3320 istas
1249 3259 1471 3340 indulgentiae,
1497 3260 1613 3323 debent
1636 3281 1704 3324 esse
1725 3282 1804 3344 ap··

134 3339 274 3419 gentiam
288 3339 421 3402 obtineri
436 3343 620 3422 plenariam.
982 3346 1116 3424 probata
1131 3348 1171 3409 ab
1186 3347 1290 3427 aliquo
1309 3348 1441 3410 Praelsto
1455 3348 1707 3428 jurisdictionem
1724 3351 1779 3412 ha-

173 3428 222 3490 Ad
237 3427 426 3492 obtinendas
440 3430 536 3510 igitur
550 3432 607 3494 has
628 3433 799 3496 stationum
822 3438 928 3498 Romae
982 3435 1088 3503 bento.
1106 3439 1140 3497 nt
1154 3435 1186 3496 in
1201 3435 1261 3496 illis
1275 3436 1377 3498 Missae
1392 3437 1543 3499 celebrari
1560 3438 1690 3517 possint,
1704 3440 1780 3514 qaia

134 3515 358 3596 Indulgentias,
380 3519 519 3600 quinque
542 3520 709 3598 Ecclesia,
733 3527 788 3584 aut
810 3523 929 3586 Altaria
983 3522 1032 3583 his
1047 3525 1173 3602 proprie
1198 3525 1345 3587 convenit
1367 3544 1482 3587 nomen
1497 3531 1529 3588 et
1543 3527 1679 3588 essentia
1693 3529 1779 3591 Alta·

135 3603 273 3685 quinque
283 3605 439 3668 visitanda
452 3613 535 3669 sunt.
549 3610 638 3681 Quod
650 3610 676 3670 si
691 3629 751 3672 nec
764 3615 810 3674 lot
823 3613 928 3674 Eccle-
983 3611 1075 3672 rium.

134 3693 197 3771 sia,
214 3711 274 3754 nec
289 3697 334 3756 tot
348 3695 468 3757 Altaria
482 3696 513 3757 in
527 3698 595 3760 loco
611 3697 737 3776 suerint,
751 3702 929 3763 unaEccle·
1022 3703 1051 3761 9.
1079 3699 1168 3771 Quod
1193 3700 1336 3779 quamvis
1360 3699 1391 3760 in
1413 3701 1573 3763 Altaribus
1599 3721 1662 3764 non
1685 3704 1780 3766 luerit

135 3781 189 3857 sia,
205 3782 257 3842 vel
272 3781 378 3842 Altara
393 3801 502 3861 unum,
520 3785 686 3866 quinquies
702 3787 853 3866 visitetur,
871 3789 930 3850 ibi·
983 3787 1141 3849 celebrata
1166 3788 1278 3866 Missa,
1305 3787 1440 3850 sufficiat
1465 3789 1507 3850 sd
1534 3789 1779 3853 celebrationem

136 3889 193 3950 que
212 3869 315 3932 oratio
337 3871 403 3948 liat,
419 3875 450 3935 et
464 3890 521 3950 pro
538 3872 668 3936 victoris
690 3875 728 3936 da
750 3876 929 3939 infidelibus
984 3892 1051 3935 esse
1066 3873 1232 3952 destinata,
1250 3873 1325 3956 quia
1345 3875 1492 3936 convenit
1510 3875 1570 3936 illis
1593 3876 1675 3938 ratio
1690 3878 1779 3940 Alta-

135 3957 327 4037 reportanda
349 3965 381 4020 et
402 3979 460 4039 pro
486 3962 602 4024 unione
630 3963 711 4024 iuter
738 3964 929 4028 Christianos
983 3962 1077 4024 rium.
1102 3964 1141 4023 Et
1162 3961 1284 4024 addunt
1305 3963 1402 4024 Trull.
1427 3966 1458 4025 et
1479 3963 1666 4043 Henriquez,
1692 3965 1778 4044 quod

135 4046 294 4125 Principes
308 4047 504 4110 stabilienda.
522 4051 611 4111 Unde
626 4051 811 4114 resolvitur:
984 4049 1104 4112 etiamsi
1120 4067 1183 4110 non
1199 4049 1336 4112 habeant
1349 4049 1515 4112 actualiter
1537 4069 1637 4129 aram,
1654 4056 1690 4113 ut
1704 4070 1778 4114 con-

171 4141 202 4199 l.
219 4132 312 4208 Quod
327 4136 471 4214 quamvis
493 4136 555 4200 sint
578 4138 715 4219 quinque
734 4140 881 4204 Ecclesia
896 4142 928 4203 in
982 4136 1075 4215 tingit
1088 4137 1202 4215 saepius
1215 4137 1247 4197 in
1262 4137 1421 4200 Altaribus
1435 4155 1601 4216 pagorum,
1620 4143 1676 4201 sut
1692 4139 1777 4202 loco·

135 4245 196 4288 uno
206 4226 289 4300 loco,
302 4223 417 4286 suflicit
427 4224 564 4306 quinque
575 4227 694 4290 Altaria
704 4228 841 4305 visitare,
854 4231 928 4310 quis
982 4242 1053 4286 rum
1080 4225 1296 4303 desertorum,
1323 4224 1397 4305 quin
1427 4242 1484 4303 per
1510 4224 1687 4288 absentiam
1714 4245 1778 4288 srae

134 4331 278 4375 uuumex
289 4310 926 4394 duobusdisjunctiveinjungitur3blendo
982 4312 1152 4388 dubitetur,
1171 4313 1255 4392 quod
1269 4311 1404 4374 sufficiat
1424 4312 1484 4374 ista
1499 4313 1619 4374 Altaria
1636 4313 1775 4392 visitare,

133 4401 164 4463 d.
178 4406 227 4479 20,
243 4419 274 4462 u.
291 4402 343 4462 32.
981 4419 1039 4462 nec
1054 4399 1260 4476 examinetur,
1277 4419 1317 4460 an
1333 4400 1471 4461 habeant
1484 4417 1585 4478 aram,
1602 4418 1713 4464 necue.

172 4494 202 4551 2.
218 4487 311 4562 Quod
325 4487 351 4548 si
365 4487 427 4550 sint
440 4488 579 4569 quinque
593 4491 722 4568 Altaria,
736 4511 798 4553 non
813 4493 928 4556 sufficit
1021 4492 1069 4552 10.
1087 4489 1176 4561 Quod
1191 4490 1217 4549 si
1232 4489 1347 4550 alicubi
1364 4489 1516 4550 remansit
1529 4489 1650 4566 Altarc,
1666 4489 1698 4550 in
1714 4509 1776 4570 quo

132 4577 260 4640 visitare
274 4595 374 4638 unum
395 4576 572 4657 quinquies,
595 4579 670 4657 quia
692 4579 752 4642 hoc
774 4600 837 4643 non
854 4601 927 4662 per-
981 4577 1140 4658 quondam
1163 4577 1291 4640 Missam
1312 4579 1472 4639 celebrare
1496 4576 1601 4654 licuit,
1626 4578 1682 4639 sed
1708 4577 1775 4658 jam

132 4666 276 4743 mittitur,
299 4657 508 4745 nisi‘qusndo
532 4684 594 4728 non
617 4674 690 4729 sunt
713 4669 868 4750 quinque,
893 4674 927 4733 ut
980 4665 1139 4742 nonlicet,
1156 4684 1218 4727 non
1233 4666 1369 4727 sufficiat
1392 4666 1517 4727 visitare
1534 4665 1642 4727 Altare
1658 4666 1718 4728 hoc
1733 4667 1774 4728 ad

132 4756 267 4818 habetur
280 4754 313 4815 in
327 4754 428 4815 Bulla.
449 4754 534 4816 Idem
548 4775 578 4814 n.
595 4757 644 4818 39.
980 4753 1165 4816 obtinendas
1180 4755 1404 4834 indulgentias.
1423 4753 1548 4831 Mando,
1564 4773 1595 4814 u.
1613 4756 1663 4816 37.

170 4847 200 4907 3.
225 4842 318 4916 Quod
341 4841 366 4902 si
390 4858 452 4903 non
480 4842 694 4922 sintquinque
718 4843 849 4922 Altaria,
869 4846 925 4907 sed
1020 4843 1068 4902 ll.
1091 4841 1163 4902 Dies
1186 4842 1356 4903 stationum
1378 4842 1551 4921 computari
1581 4842 1727 4904 amedia
1741 4843 1774 4904 in

131 4932 204 5010 duo,
221 4928 363 5004 auttria,
379 4927 516 4990 debeant
530 4929 703 4992 omniaista
718 4931 925 4993 Altariavisi-
978 4929 1116 4989 mediam
1139 4933 1275 5007 noctem,
1292 4929 1368 4990 etin
1384 4947 1582 5010 quacumque
1607 4928 1669 4990 diei
1693 4931 1775 4992 hors

131 5023 189 5086 lad
204 5017 380 5100 repetendo
399 5016 608 5078 visitationem
622 5017 654 5078 in
669 5019 739 5096 illis,
762 5039 924 5100 quousque
979 5016 1143 5079 visitentur
1163 5017 1303 5094 Altaria,
1329 5017 1449 5096 possint
1475 5015 1677 5095 indulgentie
1702 5035 1773 5080 con·

131 5110 173 5171 ad
186 5106 367 5190 quinarium
382 5122 547 5165 numerum
571 5106 789 5184 perveniatur;
817 5127 925 5188 quam-
979 5122 1073 5165 cessae
1088 5123 1145 5184 pro
1159 5105 1213 5166 illo
1228 5105 1278 5166 die
1294 5104 1437 5166 obtineri.
1452 5103 1533 5166 Idem
1543 5123 1624 5166 uum.
1636 5107 1687 5182 la,
1700 5123 1772 5172 cum

131 5197 178 5258 vis
190 5194 292 5257 Iliaua
306 5196 339 5255 et
352 5191 649 5265 Quintanadvennas
663 5194 797 5256 doceant
809 5196 925 5274 proba·
978 5192 1080 5254 Villal.
1099 5193 1194 5254 Rodr.
1212 5192 1317 5266 Quint.
1337 5197 1398 5255 etc.

130 5283 244 5358 biliter,
271 5281 357 5362 quod
384 5279 510 5359 quando
534 5279 654 5340 Altaria
676 5281 716 5342 ad
745 5282 924 5360 quinarium
1018 5285 1067 5342 lt.
1085 5281 1174 5353 Quod
1189 5281 1242 5361 qui
1256 5280 1581 5342 visitatunumAltsre
1592 5281 1769 5362 quinquies,

131 5387 298 5434 numerum
334 5385 398 5429 non
428 5366 635 5446 perveniunt,
665 5369 799 5431 sufficiat
825 5389 922 5434 unum
978 5388 1040 5432 non
1064 5375 1157 5450 egeat
1178 5369 1371 5449 distinguere
1394 5369 1587 5432 visitationes
1614 5370 1767 5450 sugenda,

131 5458 297 5544 quinquies
311 5455 444 5518 visitari.
460 5454 541 5518 Iden
556 5473 587 5517 c.
603 5458 652 5518 39.
979 5459 1029 5520 vel
1043 5457 1293 5543 genuflectendo,
1309 5461 1365 5520 aut
1384 5457 1564 5524 inclinando
1588 5462 1694 5539 caput,
1715 5463 1770 5528 aut
