3968 6346
326 503 385 569 tta

330 693 421 754 Queat.
437 691 477 742 tt.
492 717 523 726 -
537 689 606 750 Quid
621 688 776 742 addendam
791 689 827 741 sit
841 691 912 740 cirea
925 688 1044 743 dissolu-

362 764 464 815 tionum
479 761 513 810 ob
523 757 637 813 crimem
809 756 814 765 '
1090 761 1119 810 34

330 835 421 900 Queat.
442 832 481 884 tn.
497 831 610 896 -Quid
630 832 780 884 notandum
802 833 838 884 444
861 831 930 884 41444
955 833 1043 884 varias

342 903 535 962 ’4444414444
551 913 613 965 qum
625 903 691 952 torte
705 904 928 966 superveniunt..
959 912 966 948 2
1092 905 1124 954 34

332 975 423 1036 Queat.
439 975 477 1021 46.
488 971 589 1031 —Quid
606 973 754 1022 notandum
770 973 805 1022 sit
815 973 885 1022 circa
896 986 990 1022 causas
1001 971 1043 1022 vel

361 1044 480 1094 etelectus
496 1043 639 1106 ignoratos.
1091 1044 1121 1094 36

332 1115 422 1176 044441.
438 1116 475 1163 nt.
492 1140 517 1148 -
532 1113 601 1171 Quid
616 1111 772 1162 addendum
788 1113 823 1162 444
841 1113 911 1163 44444
926 1112 1042 1162 dissolu·

362 1189 463 1235 tionem
479 1183 513 1232 ob
529 1183 680 1246 ingressum
695 1183 852 1246 Religionis,
870 1182 1043 1244 444411404-

360 1256 437 1304 dines
452 1252 605 1315 444444,441
619 1254 694 1304 alind
709 1254 934 1317 impedimentum
949 1267 1043 1317 super·

360 1325 481 1374 verriana.
1092 1323 1123 1372 39

332 1397 423 1458 Queat.
444 1397 482 1444 28.
498 1421 529 1430 —
543 1395 581 1444 44
601 1398 628 1444 44
645 1393 780 1458 quomodo
798 1396 898 1458 peccet,
914 1393 962 1456 qni
980 1407 1045 1444 nee·

360 1467 425 1517 dum
442 1465 583 1514 dissolutis
597 1465 777 1528 sponsalibus,
793 1467 820 1513 et
835 1465 920 1513 invite
936 1477 1044 1526 sponsa,

361 1552 394 1587 ex
407 1537 514 1586 sincero
524 1536 617 1585 animo
628 1537 683 1586 Deo
698 1536 795 1585 melius
810 1534 946 1585 serviendi
961 1535 1044 1584 susci·

361 1609 400 1672 pit
414 1618 503 1656 sacros
518 1605 638 1655 Ordines.
1089 1603 1119 1652 tn

331 1679 422 1739 (44441.
438 1679 477 1726 29.
492 1702 523 1712 ·-
538 1675 607 1735 Quid
623 1675 772 1724 notandum
787 1675 822 1725 sit
840 1675 910 1724 circa
928 1674 1044 1724 dissolu-

362 1749 463 1797 tionem
487 1746 655 1809 spousnlinm
678 1759 726 1810 per
748 1743 951 1795 Matrimonium
979 1758 1045 1794 coa·

361 1819 476 1868 tractum
492 1831 552 1866 cum
569 1817 631 1866 elia.
1090 1815 1120 1864 lt

332 1889 422 1950 Queat.
441 1889 478 1936 36.
496 1913 525 1923 -
542 1886 612 1945 Quid
625 1884 781 1936 addendum
796 1885 832 1936 444
845 1885 917 1934 circa
931 1883 1047 1937 dissolu·

363 1960 464 2008 tionem
484 1957 519 2008 ob
533 1958 685 2008 ensentium
699 1957 801 2020 sponsi,
816 1956 858 2008 vel
873 1957 987 2006 nimiam
1002 1955 1047 2004 di·

362 2029 502 2080 lationem.
1093 2025 1123 2074 44

332 2102 423 2163 Queat.
446 2100 485 2148 31.
511 2125 541 2134 -
557 2097 627 2158 Quid
650 2095 806 2147 addendum
829 2097 865 2146 sit
888 2096 958 2145 circe
979 2094 1047 2146 elius

363 2183 459 2218 causas
472 2168 639 2219 dissolvendi
650 2168 796 2230 sponsalia.
1094 2165 1124 2216 44

332 2241 423 2302 Queat.
438 2242 478 2289 32.
489 2267 519 2275 -
529 2239 568 2288 lo
583 2239 649 2301 qnid
661 2240 785 2287 teneatur
798 2237 845 2301 qui
859 2252 921 2288 cnm
934 2236 1047 2288 4414444

361 2313 433 2375 jueta
447 2323 526 2361 cansa
541 2311 627 2360 resilit
640 2323 656 2359 e
672 2308 853 2373 sponsalibus.
1093 2307 1123 2358 45

625 2479 644 2530 C
654 2481 673 2530 Α
686 2479 704 2530 P
714 2479 735 2530 U
745 2479 765 2530 ‘l
792 2477 801 2528 4
813 2479 832 2528 l.

494 2615 530 2662 444
549 2615 729 2662 utrumnam
747 2611 898 2660 sanaballat
918 2611 960 2660 sa.

332 2788 394 2838 Dua.
414 2786 432 2838 1.
443 2811 474 2823 -
485 2785 605 2849 04444441,
621 2800 677 2850 quoe
690 2785 747 2850 ejus
760 2785 876 2846 44444444,
891 2780 1047 2846 [44444414
1095 2850 1126 2899 ⁴6

364 2869 451 2906 auter.

333 2929 424 2991 Queat.
435 2929 474 2978 34.
490 2955 521 2966 --
535 2927 605 2988 Quid
620 2929 751 2990 preterea
774 2925 810 2975 eil
826 2925 977 2974 notandum
994 2923 1048 2973 cir·

365 3013 393 3048 ou
411 2999 565 3060 essentiam,
585 3011 746 3048 consensum
769 3000 797 3046 et
815 2995 906 3056 linem,
922 3008 977 3058 quo
993 2994 1048 3042 iui-

365 3069 630 3118 tnrMatrimonium.
1095 3061 1126 3110 47

336 3139 427 3200 Quasi.
443 3139 482 3188 34.
499 3138 613 3196 -Quid
627 3135 783 3188 addendum
800 3136 835 3185 444
848 3135 918 3185 eirca
935 3147 1051 3184 444444-

368 3221 427 3258 4444
444 3212 471 3258 44
486 3208 688 3258 matrimonium
709 3207 938 3256 conditionatum.
1096 3205 1124 3254 M

335 3278 425 3341 Qaoeet.
439 3279 479 3329 36.
490 3303 521 3314 -
530 3278 600 3338 Quid
611 3278 757 3328 dicendum
772 3278 807 3327 444
817 3277 851 3327 444
866 3275 1049 3330 Matrimonlo,

366 3350 437 3414 quod
457 3347 623 3398 acatholicus
635 3348 773 3398 contrahit
786 3348 837 3398 aab
855 3345 1012 3398 conditione
1025 3345 1048 3394 44

368 3420 467 3481 conjnx
481 3421 588 3468 4444444
602 3416 697 3467 44414144.
1096 3415 1127 3464 tt

336 3491 427 3553 (44444.
448 3490 488 3538 36.
506 3513 537 3524 -
550 3488 621 3546 Quid
642 3487 794 3538 notandum
815 3487 851 3540 sit
870 3488 941 3538 cirne
962 3487 1050 3546 illum,

367 3559 414 3622 qui
430 3557 491 3607 liuto
505 3560 610 3608 1444444
622 3559 766 3608 consentit.
1096 3554 1128 3603 56

336 3630 481 3692 04444441.
501 3627 617 3686 -Quid
639 3627 791 3678 notandum
814 3626 850 3677 sit
867 3627 938 3677 circe
957 3625 1050 3676 Mutri-

367 3699 501 3760 mouium,
516 3699 588 3761 qarod
604 3699 675 3749 inter
688 3699 815 3748 absentes
828 3697 1009 3748 contrahitur.
1098 3695 1128 3744 53

336 3772 427 3834 Quoeet.
437 3771 476 3819 33.
488 3771 566 3818 -du
580 3769 633 3820 tale
648 3767 850 3819 Matrimonium
872 3767 943 3818 44444
951 3767 1050 3817 44444·

367 3845 406 3892 444
416 3843 674 3900 contrectum,nnna
685 3844 745 3903 poet
753 3837 941 3890 'tridentinum
952 3837 1050 3887 hebeat

367 3911 503 3962 rationem
514 3911 689 3961 Sacramenti.
1098 3905 1128 3955 Ml

336 3981 428 4044 Queat.
451 3981 490 4030 34.
505 4005 536 4016 -
549 3980 590 4030 ln
604 3979 806 4030 Matrimonium
825 3977 908 4029 444441
930 3978 981 4028 rite
996 3977 1049 4028 ini·

370 4055 438 4114 4444,
454 4055 551 4103 44444
569 4050 741 4112 dissolutum,
762 4050 846 4114 possit
861 4051 932 4100 iuter
942 4049 1050 4100 eosdem

368 4123 468 4187 sapius
477 4122 550 4172 iniri.
1098 4119 1126 4168 M

337 4197 428 4259 Quoest.
444 4194 483 4244 46.
498 4219 529 4228 -
543 4191 722 4251 Quandonem
732 4192 973 4254 presumatur,ant
985 4201 1053 4254 quo·

368 4265 449 4316 modo
463 4264 601 4328 probetur,
622 4263 695 4328 quod
712 4263 915 4314 Matrimonium
939 4262 974 4311 sit
997 4261 1050 4311 iai-

368 4341 436 4386 tum.
1098 4331 1126 4382 M

338 4409 428 4470 044444.
444 4407 482 4456 41.
493 4431 524 4444 -
537 4408 578 4456 44
590 4405 792 4456 Matrimonium
802 4417 850 4468 pro
870 4403 927 4454 loro
943 4403 1051 4454 interno

369 4477 529 4539 invelidum,
551 4477 635 4542 possit
657 4489 706 4540 pro
729 4477 786 4526 loro
809 4478 920 4526 externo
948 4474 1051 4525 censeri

368 4549 500 4610 ualidum,
518 4550 544 4598 44
559 4548 624 4612 quid
640 4552 698 4596 tum
712 4547 748 4596 sit
761 4545 905 4610 agendum.
1097 4545 1128 4595 62

339 4620 480 4682 (1444444.
495 4643 526 4654 -
540 4620 580 4668 114
591 4620 659 4669 ratio
673 4618 838 4670 sacramenti
849 4618 885 4668 sit
895 4615 1051 4680 separabilis

368 4703 385 4738 4
407 4689 512 4738 rationo
535 4688 730 4738 indissolubilis
743 4689 897 4737 contractus
911 4687 1053 4737 matrimo-

370 4757 450 4808 nialis
465 4759 536 4808 inter
546 4758 646 4819 lldcles,
657 4759 713 4808 4444
729 4757 885 4821 baptizatos.
1097 4758 1127 4807 63

340 4831 433 4892 Queat.
457 4831 495 4879 43.
519 4853 551 4865 -
573 4831 613 4880 Aa
643 4829 844 4879 Matrimonium
868 4827 940 4876 inter
962 4825 1053 4890 bapti-

371 4904 460 4950 zatam
492 4903 520 4950 et
553 4912 609 4950 non
639 4901 808 4963 baptizatum
834 4899 870 4948 eit
896 4901 1053 4951 Sacramen-

370 4977 438 5023 tum.
1098 4970 1129 5019 64

339 5043 430 5104 (44444.
442 5041 479 5090 ll.
496 5065 526 5075 -
540 5039 609 5099 Quid
627 5041 778 5091 notandum
795 5040 829 5090 eit
843 5039 914 5091 cirea
928 5051 1053 5090 eonsum-

370 5112 518 5162 mationem
533 5112 708 5162 Matrimonii.
1099 5109 1129 5160 64

339 5182 754 5247 (14444.45.-04441441414441444
768 5182 882 5232 44444444
897 5182 1053 5233 Ministrnm

372 5255 400 5303 in
415 5254 588 5304 Sacrameuto
602 5252 777 5302 Matrimonii.
1099 5251 1130 5300 65

341 5326 432 5387 Queat.
443 5325 481 5374 46.
497 5324 652 5383 -Quinem
662 5325 717 5373 sint
731 5323 860 5388 speciales
875 5323 984 5378 41144444
996 5325 1053 5376 Ma·

372 5395 502 5444 trirnonii.
1100 5395 1130 5445 at

342 5465 408 5518 Dua.
425 5465 454 5516 tl.
470 5466 546 5516 —De
559 5479 606 5514 mu
619 5465 783 5516 Matrimonii.

882 496 1002 566 INDEX
1023 493 1161 566 RERUM
1183 492 1428 564 attitulatus

1148 740 1154 752 ,
1176 688 1245 744 4144.
1258 687 1277 740 4.
1293 713 1325 726 -
1337 687 1376 738 Aa
1395 702 1456 738 aeas
1473 689 1644 753 Matrimonii,
1655 691 1709 752 siae
1720 691 1873 760 4444444444·

1206 762 1272 824 94144
1287 756 1421 813 4444441444.
1905 767 1926 820 44

1177 831 1269 954 (lazet.
1287 832 1327 882 41.
1343 855 1375 868 -
1387 831 1427 882 Ex
1445 841 1500 896 quo
1520 829 1573 886 444
1591 841 1658 884 usna
1680 831 1836 900 Matrimonii
1846 834 1875 886 eit

1244 902 1306 951 4444.
1335 920 1343 939 .
1595 931 1597 938 ·
1647 912 1651 920 ·
1685 929 1695 943 ·

1177 969 1271 1034 Qnoeal.
1284 972 1322 1021 18.
1338 995 1370 1007 -
1383 970 1453 1030 Quid
1463 971 1598 1035 agendum
1609 972 1653 1033 sit,
1669 974 1691 1022 si
1702 979 1763 1038 post
1775 979 1876 1026 contrac-

1207 1044 1265 1090 tum
1282 1041 1486 1091 Matrimonium
1501 1043 1660 1092 suboriatur
1673 1044 1786 1095 dubium
1805 1047 1835 1098 de
1849 1047 1875 1096 il·

1207 1113 1259 1161 lius
1278 1111 1378 1162 velare.
1908 1121 1927 1169 a

1176 1183 1268 1245 (tuost.
1281 1183 1318 1232 49.
1330 1182 1437 1242 -Qaid
1453 1183 1533 1233 liceat
1549 1184 1669 1248 conjugi,
1684 1185 1707 1234 si
1721 1191 1782 1250 post
1795 1187 1877 1238 444444

1207 1253 1356 1302 secumdum
1371 1254 1575 1304 Matrimonium
1593 1256 1709 1318 incipiat
1725 1257 1841 1308 dubitare
1849 1259 1877 1310 de

1207 1323 1263 1372 vita
1276 1320 1373 1387 prioris
1383 1325 1514 1388 coangis.

1179 1393 1269 1455 Queat.
1285 1395 1323 1442 5⁰.
1341 1420 1371 1429 -
1381 1394 1421 1444 44
1436 1408 1500 1444 4444
1511 1393 1678 1446 Matrimonii
1693 1413 1727 1448 ex
1746 1401 1814 1448 44444
1827 1411 1877 1462 gre·

1208 1464 1325 1513 41444444,
1337 1464 1515 1524 4414444441
1526 1465 1620 1514 mortis
1629 1467 1766 1518 sitlicitus
1776 1469 1877 1532 conjugi,

1208 1535 1255 1597 qui
1270 1535 1397 1595 scienter,
1413 1536 1454 1584 vel
1479 1535 1572 1585 sallem
1588 1537 1748 1599 ignoranter
1760 1541 1878 1590 contrarii

1209 1605 1424 1664 Matrimonium,
1445 1621 1507 1656 cnm
1525 1607 1724 1670 impedimento
1738 1611 1877 1670 dirimente,

1210 1674 1282 1738 qirod
1298 1678 1353 1724 tarn
1369 1676 1423 1724 cilo
1438 1677 1570 1725 removeri
1588 1690 1643 1726 non
1659 1683 1758 1742 potest.
1906 1681 1927 1730 tt

1180 1748 1272 1810 Queat.
1297 1748 1336 1795 51.
1357 1771 1388 1782 -
1411 1747 1449 1796 liu
1470 1747 1589 1808 steriles,
1609 1749 1675 1798 item
1695 1750 1746 1810 illi,
1770 1750 1811 1814 qni
1831 1753 1878 1814 post

1211 1816 1415 1867 Matrimonium
1435 1817 1498 1867 iucti
1512 1821 1575 1868 sunt
1599 1819 1719 1869 ennarchi
1739 1826 1785 1870 444
1805 1821 1878 1884 impo-

1209 1892 1307 1950 tentes,
1323 1887 1398 1941 licite
1414 1891 1521 1940 tentent
1541 1901 1619 1939 usam
1644 1891 1816 1954 Matrimonii,
1829 1895 1876 1941 444·

1208 1963 1272 2022 gam
1287 1971 1315 2008 se
1330 1957 1380 2010 ela.
1907 1963 1927 2010 u

1179 2031 1270 2093 (44444.
1294 2031 1333 2078 34.
1349 2053 1379 2066 -
1394 2029 1434 2078 44
1458 2029 1513 2080 44444
1536 2029 1628 2094 aliqua
1642 2035 1774 2096 tempore,
1796 2033 1877 2096 quibus

1210 2105 1286 2150 actus
1300 2099 1450 2164 conjugalis
1463 2101 1618 2164 specialiter
1632 2103 1668 2152 sit
1682 2103 1799 2153 illicitus.
1909 2101 1927 2149 a

1180 2173 1271 2236 044444.
1282 2173 1321 2220 Ml.
1332 2197 1363 2206 —
1372 2170 1442 2229 Quid
1460 2175 1590 2234 praeterea
1604 2173 1639 2223 sit
1647 2172 1802 2224 addendum
1814 2171 1873 2222 circe

1197 2236 1319 2306 'peccata
1334 2240 1488 2302 conjugum.

1180 2310 1271 2372 Qaoest.
1287 2311 1326 2359 54.
1341 2335 1371 2345 -
1386 2309 1456 2368 Quid
1479 2309 1636 2362 addendum
1650 2312 1687 2363 sit
1704 2313 1774 2363 41444
1787 2314 1877 2378 peccata

1211 2379 1365 2430 viduarum.
1907 2379 1926 2428 44

1180 2451 1296 2570 Mg'pss'
1307 2477 1338 2486 —
1351 2451 1390 2502 Aa
1403 2455 1474 2502 actae
1497 2453 1640 2518 conjugalis
1657 2455 1692 2504 rit
1711 2456 1841 2521 preceptio
1858 2453 1877 2501 et
1907 2519 1927 2566 ῃ

1259 2523 1324 2570 t'tas‘l

1181 2591 1272 2653 Qaoesi.
1282 2591 1534 2651 55.—Qnandonam
1545 2593 1669 2644 debitum
1684 2593 1758 2645 licite
1767 2593 1877 2644 reddetur

1211 2662 1319 2724 conjugi
1335 2661 1429 2712 illicita
1445 2665 1556 2727 petenti.
1907 2659 1927 2708 49

1181 2734 1272 2795 044444.
1283 2735 1355 2782 56-
1369 2734 1439 2793 Quid
1454 2735 1608 2797 specialiter
1616 2735 1651 2785 sit
1666 2734 1876 2785 notendnmcirce

1213 2803 1300 2863 illum,
1310 2803 1356 2866 qni
1371 2807 1434 2854 onte
1445 2805 1488 2854 vel
1499 2806 1526 2854 iu
1537 2807 1713 2856 Matrimonia
1727 2807 1800 2856 vovit
1813 2803 1876 2854 44444-

1212 2879 1305 2935 tetem,
1321 2875 1515 2937 virginitatem,
1539 2877 1705 2939 caelibatum,
1720 2877 1877 2940 Religionem,

1213 2959 1302 2994 sacros
1316 2947 1440 2996 Ordines.
1907 2943 1925 2992 u

1182 3017 1272 3080 044444.
1288 3019 1326 3065 54.
1338 3043 1368 3052 -
1378 3017 1418 3066 ln
1428 3018 1527 3081 cotrlnx
1545 3016 1654 3068 adulter
1667 3017 1712 3070 rel
1729 3019 1876 3070 incestuosa

1213 3086 1311 3136 babeat
1323 3088 1368 3151 jus
1380 3085 1414 3136 ad
1430 3088 1563 3151 capariam.

1182 3157 1272 3219 Quoeet.
1283 3159 1321 3207 53.
1338 3183 1368 3192 -
1382 3155 1452 3216 Quid
1467 3157 1613 3206 dicendum
1629 3157 1674 3217 sit,
1688 3158 1710 3207 si
1726 3155 1876 3208 Matrimonia

1212 3226 1523 3292 supervenietcognetio
1537 3227 1697 3292 spiritualis.

1182 3299 1273 3362 Queat.
1283 3301 1322 3348 59.
1337 3297 1446 3358 —Quid
1459 3301 1588 3361 preeteroe
1607 3298 1763 3350 addendum
1776 3299 1809 3348 sit
1819 3297 1876 3347 ura

1212 3370 1371 3432 petitionem
1386 3372 1413 3419 et
1422 3369 1603 3420 redditionem
1617 3368 1715 3422 debiti.

1183 3440 1273 3558 Qndoest.
1288 3441 1327 3490 66.
1343 3465 1374 3477 -
1398 3439 1468 3499 Quid
1491 3440 1526 3489 ed
1550 3440 1623 3490 hunc
1644 3453 1737 3492 casum
1749 3441 1783 3490 ait
1802 3439 1876 3490 dicen·

1233 3525 1287 3561 444.

1181 3580 1245 3632 Dua.
1264 3583 1306 3631 111.
1319 3607 1348 3618 -
1362 3581 1401 3632 Aa
1424 3581 1558 3648 atquibus
1580 3596 1613 3631 44
1633 3583 1716 3632 courir
1737 3579 1814 3646 possit
1831 3575 1879 3641 fien'

1212 3653 1359 3703 diuortium.
1912 3652 1924 3679 ³⁴

1183 3725 1274 3786 Qaaeet.
1284 3727 1324 3774 61.
1340 3749 1369 3760 -
1379 3723 1449 3784 Quid
1465 3727 1594 3787 praeterae
1610 3725 1646 3773 sit
1659 3723 1805 3774 notandum
1819 3720 1875 3770 eirca

1214 3795 1354 3846 uinculum
1389 3799 1418 3846 44
1454 3794 1723 3846 indissolubilitatem
1755 3792 1876 3843 matrimo-
1906 3853 1925 3902 ω

1213 3879 1262 3914 444.

1183 3937 1274 3998 Queat.
1294 3937 1333 3986 64.
1358 3963 1389 3972 -
1411 3936 1482 3996 Quid
1504 3935 1658 3986 notandam
1681 3935 1716 3986 414
1740 3935 1806 3984 circe
1824 3936 1877 3983 ten·

1214 4021 1265 4070 pus
1291 4007 1450 4070 bimestris,
1479 4006 1551 4071 quod
1582 4005 1742 4058 conceditur
1767 4004 1876 4067 conjuge·
1905 4063 1925 4112 ω

1214 4078 1257 4126 444.

1184 4149 1275 4212 Queat.
1290 4149 1329 4198 644
1345 4147 1456 4208 —Qnid
1473 4151 1605 4214 praterea
1614 4148 1648 4198 411
1662 4145 1811 4198 addendam
1820 4141 1876 4194 44444

1214 4219 1376 4269 divortium.

1478 4413 1604 4468 CAPUT
1631 4414 1683 4467 lll.

1358 4552 1395 4598 ltss
1416 4553 1617 4600 tutantur-:ltus
1637 4547 1801 4598 antumnali

1183 4685 1247 4738 Dua.
1261 4687 1280 4738 l.
1293 4713 1324 4722 -
1334 4687 1394 4748 Qnoe
1407 4685 1458 4734 4444
1471 4681 1653 4749 impedimenta
1667 4678 1819 4748 4449εά44414
1833 4678 1877 4726 tot·
1899 4735 1928 4789 m

1184 4762 1329 4912 0444144464.
1345 4855 1376 4909 .-
1394 4826 1465 4887 Quid
1480 4791 1609 4910 praterea
1633 4821 1826 4946 sitluotteadum
1837 4816 1877 4868 cir·
1898 4878 1928 4930 m
1967 4827 1969 4902 f

1185 4899 1455 5036 Qucgsngg'edr—moelnila
1470 4901 1787 5034 igiffimpffiemffioa
1799 4956 1874 5012 44444·
1968 4977 1969 5022 3

1215 5043 1345 5094 dandum.
1897 5020 1925 5073 ¹¹¹
1967 5039 1969 5098 t

1185 5116 1277 5177 044444.
1292 5115 1331 5163 66.
1347 5138 1378 5149 -
1392 5111 1462 5172 Quid
1482 5109 1634 5162 notandum
1657 5108 1693 5160 sit
1713 5107 1779 5158 circa
1800 5109 1875 5167 poenll

1215 5188 1330 5236 statutus
1346 5185 1438 5232 contra
1453 5195 1509 5236 eos.
1533 5181 1580 5246 qui
1603 5177 1763 5232 4444444444
1784 5171 1821 5224 rei
1838 5182 1873 5250 aa·

1216 5256 1315 5376 aisltunt
1341 5251 1525 5314 Matrimonlo,
1551 5251 1682 5316 neglectis
1706 5245 1924 5354 4444144444·υτ
1967 5263 1969 5322 5

1185 5339 1330 5459 0444444186ἱῖ.
1347 5420 1377 5431 -
1392 5393 1462 5454 Quid
1479 5391 1550 5442 cirea
1566 5389 1779 5443 benedictionem
1798 5379 1872 5436 mui-
1967 5359 1969 5436 4

1217 5465 1347 5517 44444444
1360 5463 1526 5515 addendum.
1894 5439 1922 5492 ¹²

1967 4387 1969 4440 l

1967 4561 1969 4618 l

1967 4621 1969 4684 1
