4012 6354
416 539 443 602 V
702 539 820 605 71777677
841 538 1009 604 casticii.
1337 539 1365 601 V

48 730 112 782 intra
128 729 249 781 eamdem
262 729 357 781 66666
372 739 405 778 ax
420 739 475 780 une
489 727 618 779 Perochie
632 727 692 780 vult
701 728 740 781 166
754 727 831 778 habi·

48 803 125 852 tatum
139 801 174 852 66
187 800 270 852 61166
283 805 312 852 61
326 799 436 851 interim
452 799 481 850 in
496 799 576 850 tertia
594 800 686 864 alique
701 798 830 851 Perochle

46 875 168 934 noratur,
183 871 201 923 l.
215 873 240 934 6,
256 886 281 936 p.
298 873 322 932 6,
334 885 360 922 6.
376 872 431 922 716.
446 872 560 922 Possunt
574 871 634 933 vagi
649 871 719 922 inire
734 869 826 921 biatri·

46 941 161 992 monium
184 941 256 1006 apud
283 953 472 1006 quemcunque
500 940 660 1004 Perochum,
687 941 779 1003 eiiam,
805 941 829 992 61

45 1011 168 1063 alteruter
181 1015 287 1063 166166
301 1013 337 1063 611
352 1025 444 1076 vagus,
455 1015 564 1063 1666166
578 1015 669 1062 16666
684 1013 718 1062 66
733 1025 829 1064 66666

44 1081 193 1134 6666111666
202 1081 346 1144 diligenter
355 1081 493 1144 inquirere
504 1080 649 1142 parochus,
661 1085 722 1142 etc„
731 1095 758 1133 6.
769 1083 828 1144 616,

44 1151 92 1214 717,
112 1151 166 1204 761.
181 1153 212 1204 7.
236 1151 371 1203 remim.
392 1151 420 1204 Si
441 1150 542 1202 alicubi
564 1151 725 1204 auctoritate
749 1152 827 1216 Papa

42 1235 86 1286 pro
100 1223 262 1288 6661666661
283 1225 430 1287 deputatus
452 1221 647 1283 Gonicssariue,
666 1235 757 1273 coram
780 1222 827 1274 illo

42 1293 166 1344 deberent
186 1294 359 1355 contraham
377 1305 432 1344 non
451 1296 554 1355 66166,
569 1294 591 1344 61
611 1296 717 1344 166166
734 1297 827 1344 aucto·

42 1364 114 1413 ritate
135 1365 259 1429 Episcopi
274 1363 335 1415 talis
349 1363 506 1428 designatus
523 1367 605 1426 esset,
618 1376 648 1414 6.
660 1363 716 1414 rte.
732 1362 763 1417 V.
777 1363 824 1416 Ps-

41 1434 159 1498 66661666.

281 1505 393 1558 vitoe
406 1504 575 1558 cnumcri.

68 1583 116 1634 Pro
130 1581 223 1634 valore
236 1584 363 1635 66666611
379 1583 547 1648 designando
564 1595 619 1633 nou
633 1582 735 1646 debent
748 1595 824 1634 com·

40 1653 122 1716 putari
141 1653 324 1704 emolumenta
342 1654 454 1715 incerte,
475 1654 522 1706 666
546 1653 605 1704 6616
621 1657 712 1714 certer
733 1667 823 1719 neque

40 1723 210 1788 probabiliter
223 1725 358 1788 stipendia
373 1737 422 1789 pro
442 1723 540 1786 1116616,
556 1725 578 1775 61
598 1725 646 1775 166
666 1725 757 1788 posset
775 1737 824 1787 per

39 1794 116 1844 alium
132 1795 220 1860 legere
237 1815 244 1848 r
260 1809 309 1846 nec
326 1795 457 1846 solvenda
475 1796 570 1861 pensio
585 1796 718 1848 66666616
733 1798 821 1863 impc-

38 1864 100 1926 sitar
117 1868 262 1918 excusatur
275 1868 366 1916 autem
382 1867 452 1917 mela
467 1867 602 1931 expressio
622 1868 730 1929 valoris,
748 1867 770 1918 si
786 1869 823 1920 sit

39 1951 157 1990 excessus
172 1938 304 2000 modicus,
319 1937 345 1988 id
362 1941 412 1999 661,
428 1952 483 1988 666
499 1939 568 1990 ultra
583 1943 688 1990 sextam
706 1941 821 2004 partem,

38 2005 55 2058 7.
69 2011 93 2072 1,
114 2022 141 2060 ιι.
164 2010 220 2060 676.
234 2006 316 2061 Valor
339 2008 384 2058 ille
407 2010 495 2060 taxari
516 2008 598 2060 dehet
623 2023 656 2059 ex
672 2009 822 2062 observatis

36 2079 110 2130 annis
131 2078 266 2144 pluribus,
290 2079 430 2130 euldciunt
451 2081 479 2130 16
501 2082 528 2130 61
541 2078 690 2130 secundum
703 2079 822 2143 aliquos,

38 2150 151 2214 quinque
177 2149 372 2215 praecedentes,
395 2164 423 2201 n.
446 2152 501 2201 676.
529 2149 610 2202 76166
637 2155 820 2215 proventuum

36 2220 168 2341 ffidcii,
181 2235 218 2273 an
240 2224 266 2272 et
285 2221 421 2288 quomodo
443 2222 645 2288 exprimendus.
661 2222 692 2274 V.
707 2223 820 2273 Prooirr'o

94 2290 154 2354 fier.
178 2299 181 2306 '

63 2361 141 2415 Velor
153 2360 246 2414 ducati
260 2360 293 2413 de
311 2362 431 2414 666666.
447 2361 479 2415 7.
497 2363 606 2414 17666166
621 2363 653 2414 de
672 2363 788 2416 Camere.

334 2475 444 2528 VALOR
458 2475 521 2528 7167.

61 2564 139 2615 76166
152 2564 193 2615 661
208 2563 250 2614 661
266 2563 384 2615 trucium
398 2563 498 2614 variari
515 2565 604 2628 potest
618 2563 647 2612 in
661 2565 704 2614 vel
719 2563 820 2614 eairin·

35 2648 103 2695 sees3
118 2635 241 2685 variatur
255 2633 409 2696 intrinsece,
428 2635 449 2684 ai
471 2648 513 2684 ree
532 2633 560 2683 in
579 2647 608 2684 se
622 2633 669 2684 661
683 2633 764 2685 611166
777 2634 820 2685 661

34 2705 125 2756 661166
136 2724 143 2756 ι
155 2705 308 2757 extrinsece
322 2705 452 2766 variatur,
464 2705 486 2755 si
503 2705 531 2755 in
545 2718 573 2754 se
587 2718 700 2755 manens
714 2704 818 2766 eadem,

31 2775 83 2840 lain
97 2775 191 2841 pluria,
204 2776 259 2840 tam
278 2776 391 2826 minoris
404 2775 563 2836 estimetur,
577 2775 594 2826 l.
610 2776 634 2836 6,
645 2787 671 2840 p.
686 2777 711 2834 6,
725 2777 817 2827 6161.

34 2845 195 2897 6166166611
215 2846 315 2908 varius,
331 2845 481 2898 secundum
500 2858 581 2910 quem
599 2845 735 2897 restitutio
757 2846 818 2897 6661

32 2915 132 2971 debeat.
147 2919 181 2972 V.
196 2917 336 2971 Restitutio.

306 3033 395 3086 VANA
410 3032 537 3086 0607176.

59 3120 132 3174 7666
145 3121 233 3188 gloria
247 3125 288 3173 est
303 3119 438 3186 cupiditas
452 3119 542 3172 inania
555 3119 659 3184 glories,
673 3134 721 3184 per
734 3134 762 3173 66
777 3115 818 3174 eal

31 3191 140 3256 veniale,
158 3207 208 3258 per
227 3192 354 3244 accidens
374 3205 443 3258 seps
461 3193 601 3257 peccatum
615 3191 742 3256 mortale,
757 3192 774 3245 l.
790 3195 814 3255 6,

28 3276 55 3315 6.
67 3265 120 3316 166.
134 3261 168 3316 7.
182 3265 316 3316 1661666116.

56 3332 128 3386 Vana
143 3333 325 3385 observantia.
340 3334 372 3385 V.
390 3333 553 3385 Obseruantia
573 3346 645 3384 6666.

311 3457 396 3508 VASA
415 3456 527 3509 SACRA.

55 3543 121 3596 7666
135 3555 211 3595 sacra
224 3541 813 3596 6666616666116661161666666616666166

28 3613 192 3666 mortuariis
206 3617 370 3673 exercentes,
383 3614 464 3666 etiam
475 3612 620 3678 nequiores
631 3633 638 3674 t
654 3627 709 3665 non
722 3617 814 3665 16666

27 3697 73 3750 pro
87 3684 214 3736 6766166116
225 3685 371 3746 extraneis,
382 3697 431 3734 nec
448 3684 595 3749 Episcopus
610 3688 700 3748 potest
711 3686 814 3749 absque

26 3753 132 3806 licentia
155 3755 226 3804 hanc
241 3753 460 3804 benedictionem
482 3753 545 3804 aliis
571 3753 702 3818 delegere.
726 3756 812 3820 Sups-

26 3824 105 3876 riores
119 3828 213 3875 16666
229 3823 361 3874 ordinum
375 3823 594 3875 blendicantium
603 3824 686 3874 etiam
700 3829 813 3888 possunt

24 3905 72 3958 pro
90 3893 227 3945 extraneis
242 3906 308 3946 vase
324 3907 397 3944 66666
417 3893 588 3956 6666616666,
610 3895 660 3944 ubi
680 3907 746 3945 usus
766 3895 813 3945 ba·

24 3963 77 4027 bet,
100 3966 143 4016 uti
167 3963 250 4014 etiam
265 3965 390 4014 hectorea
411 3965 470 4017 Soc.
496 3965 569 4026 iesu,
585 3968 647 4027 stc,
667 3964 684 4015 l.
707 3967 732 4026 d,
747 3981 772 4030 p.
787 3969 812 4028 6,

23 4046 80 4085 66.
93 4037 149 4086 666.
168 4033 199 4086 7.
213 4033 303 4084 abbas
322 4035 382 4086 Non
402 4034 602 4086 benedicuntur
625 4035 811 4088 substantiali-

25 4107 64 4164 ter
77 4117 126 4169 per
140 4117 223 4154 usum
237 4105 265 4154 in
280 4105 412 4156 sacrificio
427 4105 498 4156 male
513 4105 564 4156 666
579 4104 691 4167 lectum,
708 4121 736 4157 n.
756 4108 811 4160 666.

23 4170 101 4237 766ςί
116 4177 230 4238 possunt
243 4175 393 4226 secundum
409 4175 516 4240 aliquos
531 4176 605 4226 licite
626 4179 708 4227 61166
723 4191 738 4227 6
754 4179 813 4229 Lei·

23 4239 69 4306 cis,
92 4245 114 4294 si
129 4245 190 4294 sins
210 4249 368 4310 contemptu
388 4245 445 4307 661,
461 4247 538 4310 sique
558 4248 621 4298 6616
647 4247 750 4313 corpus
768 4248 813 4300 val

22 4311 187 4378 Sanguinem
203 4313 302 4370 christi
319 4328 375 4366 non
389 4315 558 4378 contineant,
572 4329 599 4368 n.
614 4317 669 4367 667.

51 4383 186 4438 76661166.
203 4384 235 4438 7.
250 4385 369 4438 Fadum.

335 4499 504 4552 76077067..

49 4582 200 4650 Vectigalia
223 4583 385 4638 6616666666
396 4587 562 4651 probabilius
582 4591 674 4652 peccat
694 4589 812 4642 6661611·

20 4653 60 4705 166
84 4658 113 4707 61
138 4659 249 4706 tenetur
270 4657 305 4708 ad
329 4659 538 4722 restitutionem,
563 4659 634 4780 quod
660 4660 749 4711 16666
764 4661 812 4714 6111

20 4741 74 4780 666
99 4728 213 4780 666166
238 4727 455 4792 improbabiliter
479 4743 587 4795 negan,
611 4729 658 4793 qui
673 4732 754 4781 etiam
769 4731 811 4782 di·

20 4803 92 4862 cunt,
108 4799 183 4863 quod
198 4798 249 4860 illi,
260 4799 306 4864 qni
321 4800 463 4864 vectigalia
477 4813 527 4850 666
543 4800 662 4865 gebelini
672 4801 813 4865 impositas

18 4869 108 4932 rebus,
132 4880 192 4933 que
218 4873 345 4920 emuntur
365 4869 400 4921 66
422 4883 486 4920 usus
505 4871 628 4935 proprios
644 4871 687 4920 rel
701 4869 811 4924 16611166

19 4939 179 5000 necessarie,
194 4937 373 5003 decaudavit,
392 4953 446 4991 666
471 4941 506 4991 611
527 4940 650 5004 neganda
663 4941 810 4998 absolutio,

19 5005 36 5060 1.
52 5011 77 5073 6,
94 5023 122 5074 p.
137 5011 161 5066 6.
176 5021 203 5059 n.
219 5011 272 5062 117.
288 5011 391 5071 Quibus
406 5015 433 5062 et
447 5012 582 5076 quomodo
605 5023 636 5062 ea
650 5010 809 5078 debeantur,

19 5081 67 5132 616.
85 5079 116 5132 V.
133 5078 270 5132 Tridutum.

143 5193 257 5248 7677776
272 5194 398 5248 ctttcts
416 5197 479 5248 PRO
494 5196 681 5248 sacerrimo.

47 5285 145 5338 Vatum
160 5287 251 5338 calicis
264 5301 320 5338 non
334 5289 514 5342 benedicitur.
537 5291 602 5343 Sine
617 5305 649 5342 6ο
663 5291 809 5356 celebrere,

18 5358 128 5494 {ruffi
141 5357 258 5482 ³gislinus
281 5358 408 5422 habetur,
429 5375 485 5414 nou
508 5364 548 5414 661
572 5367 724 5429 peccatum,
746 5363 808 5430 16,

1625 535 1682 604 667

917 726 999 778 Vena
1013 723 1184 780 metallorum
1200 725 1319 778 inventas
1334 725 1490 790 66166661.
1514 722 1555 780 V.
1567 719 1671 780 amur

1118 837 1270 902 veritate,
1284 839 1444 894 7711767071.

914 939 1029 992 7666116
1052 939 1165 1003 661666
1189 941 1293 990 6616666
1316 939 1476 1004 permissivo
1499 939 1614 994 cuilibet
1639 945 1682 994 661

882 1023 1018 1072 concesse,
1033 1023 1083 1061 nec
1097 1012 1185 1075 potest
1196 1009 1317 1073 privetur
1333 1023 1393 1062 666
1407 1010 1549 1075 prohibere
1564 1012 1594 1063 in
1608 1011 1671 1064 loco

882 1082 918 1132 ad
932 1095 961 1133 se
974 1084 1122 1145 spectante,
1133 1094 1189 1132 non
1202 1081 1293 1132 clauso
1308 1081 1416 1145 speciali
1433 1084 1509 1145 septo
1523 1081 1566 1132 vel
1584 1095 1679 1134 6666.

882 1154 997 1204 Possunt
1010 1153 1103 1201 16666
1116 1151 1166 1202 sub
1182 1163 1261 1216 praua
1284 1163 1344 1202 666
1366 1151 1510 1216 prohibere
1532 1153 1675 1218 Principes

881 1221 925 1272 vel
939 1220 1106 1286 Respublica
1120 1221 1149 1272 in
1163 1220 1353 1272 communibus
1367 1223 1394 1271 st
1408 1221 1531 1285 privatis,
1550 1224 1680 1289 probabi·

882 1293 944 1344 liter
958 1294 1049 1342 16666
1065 1293 1170 1342 166166
1187 1291 1214 1340 16
1228 1291 1309 1342 certis
1325 1291 1392 1342 locis
1414 1293 1442 1341 st
1464 1295 1601 1343 certorum
1616 1295 1677 1344 tan·

883 1365 942 1413 tum
956 1361 1127 1424 animalium,
1142 1365 1203 1424 616,
1219 1362 1239 1411 1.
1254 1363 1278 1423 6,
1293 1375 1318 1426 p.
1336 1364 1360 1422 6,
1374 1375 1391 1412 6
1407 1376 1435 1412 6.
1449 1363 1504 1414 666.
1521 1362 1587 1422 Ques
1601 1363 1678 1414 1666

881 1432 1045 1498 capiuntur,
1069 1437 1133 1483 sunt
1157 1431 1278 1496 (praecisa
1301 1431 1494 1497 prohibitione)
1525 1432 1676 1498 capientis,

878 1503 986 1555 etiamsi
1001 1503 1030 1552 in
1047 1501 1124 1566 sylva
1137 1505 1212 1566 septo
1226 1502 1410 1553 circumducta
1430 1506 1507 1566 cepte
1524 1503 1589 1566 6161,
1606 1503 1629 1554 61
1644 1517 1677 1555 ca

878 1575 916 1625 116
932 1585 1028 1636 magna
1050 1573 1094 1634 sit,
1115 1575 1147 1623 61
1165 1572 1293 1623 6661666
1314 1572 1384 1623 teres
1404 1573 1432 1624 in
1447 1587 1478 1624 ea
1493 1586 1589 1638 capere
1617 1587 1675 1627 non

883 1646 976 1711 possit,
1000 1643 1110 1709 quando
1134 1643 1203 1706 vult,
1228 1648 1289 1704 etc„
1314 1657 1342 1694 n.
1365 1645 1420 1696 667.
1447 1646 1515 1704 Quae
1529 1646 1675 1698 venatione

881 1718 954 1780 juste
981 1713 1117 1779 prohibite
1139 1713 1295 1778 capiuntur,
1321 1727 1357 1764 sn
1377 1717 1405 1766 et
1427 1715 1472 1766 cul
1495 1715 1602 1766 restitui
1625 1717 1674 1767 da·

881 1787 973 1845 beent,
992 1785 1018 1835 id
1035 1785 1134 1850 partim
1148 1797 1182 1835 ea
1193 1785 1255 1849 inre
1269 1788 1384 1847 nature,
1399 1784 1497 1849 purtim
1511 1798 1544 1836 ex
1558 1797 1673 1836 conane·

880 1857 978 1909 tudine
1001 1859 1030 1906 et
1053 1855 1167 1920 legibus,
1190 1868 1222 1906 ac
1242 1853 1349 1920 turibus
1370 1854 1578 1918 particularibus
1597 1855 1672 1908 resti·

878 1926 1020 1988 666666,
1035 1939 1062 1976 ιι.
1079 1927 1118 1976 61.
1134 1923 1313 1976 probabiliter
1326 1937 1382 1974 non
1395 1925 1533 1976 ordinarie
1548 1929 1588 1978 661
1601 1925 1672 1978 obli·

876 1997 949 2063 gotio
974 2009 1005 2047 ea
1028 1995 1199 2056 restituendi,
1223 1995 1322 2046 damna
1346 2004 1437 2047 16666
1461 1996 1535 2047 111616
1552 1998 1671 2063 reparari

875 2067 995 2128 debent;
1010 2079 1037 2117 n.
1053 2067 1092 2128 61,
1107 2067 1161 2129 117,
1178 2067 1234 2128 666,
1248 2067 1302 2116 666.
1326 2067 1348 2116 Α
1370 2065 1525 2128 venatione,
1539 2066 1671 2130 adquam

875 2139 944 2189 61166
963 2138 1008 2202 166
1031 2136 1123 2198 habet,
1144 2136 1306 2201 impediens,
1322 2137 1387 2186 16611
1402 2136 1532 2200 iniuriam
1546 2139 1666 2188 611666·

880 2212 926 2260 tur
948 2220 1133 2272 compensare,
1158 2221 1186 2258 n.
1213 2208 1268 2259 666.
1291 2206 1451 2260 Venetianis
1472 2206 1597 2259 clamosas
1616 2207 1669 2258 ire·

877 2291 965 2343 quens
994 2278 1154 2328 exercitium
1182 2276 1350 2342 prohibitum
1380 2279 1422 2328 est
1448 2276 1576 2341 clericis,
1602 2277 1621 2330 1.
1643 2280 1669 2342 6,

875 2351 994 2409 61676,
1017 2360 1033 2398 6
1058 2361 1085 2400 6.
1110 2348 1179 2400 1676.
1204 2347 1355 2410 Venatoris,
1372 2347 1419 2412 qui
1432 2347 1520 2412 primo
1535 2347 1671 2402 lethaliter

877 2419 961 2470 terem
985 2419 1084 2482 tetigit,
1109 2429 1222 2483 eamque
1244 2417 1425 2483 persequitur,
1439 2417 1462 2469 si
1481 2431 1512 2470 66
1531 2419 1671 2472 moraliter

874 2489 994 2553 eilugere
1016 2501 1072 2540 non
1095 2489 1191 2552 possit,
1212 2487 1287 2538 illius
1310 2487 1365 2538 1666
1387 2489 1437 2549 est,
1459 2489 1583 2552 quamvls
1598 2490 1671 2541 aliua

873 2561 1069 2626 superveniens
1091 2559 1189 2610 ultimo
1212 2558 1268 2610 ictu
1300 2557 1394 2608 lethali
1416 2571 1476 2610 sam
1498 2561 1669 2623 prosternstr

874 2631 918 2683 vel
932 2629 1099 2696 probabilius
1113 2630 1219 2681 etiamsi
1237 2630 1266 2680 in
1279 2628 1390 2680 alterius
1404 2629 1531 2694 laqueum
1546 2631 1666 2682 16616611

875 2701 947 2766 quod
964 2701 987 2751 si
1002 2700 1117 2752 dubium
1131 2701 1175 2764 sit,
1189 2713 1225 2750 an
1239 2700 1345 2764 primus
1367 2711 1427 2750 eam
1454 2699 1592 2754 lethaliter
1605 2701 1668 2752 teti·

872 2773 950 2837 gerit,
970 2770 1015 2822 vel
1036 2785 1073 2822 sn
1096 2773 1166 2822 66661
1189 2781 1314 2831 evasura,
1336 2769 1467 2834 spectabit
1483 2770 1517 2820 66
1532 2772 1666 2833 posterio-

873 2855 950 2904 rem;
973 2842 1109 2892 6166166
1136 2840 1192 2901 1116,
1210 2839 1257 2903 qni
1280 2837 1417 2889 lethaliter
1437 2839 1536 2903 tetigit,
1559 2839 1668 2892 desinat

872 2925 933 2964 eam
949 2912 1086 2976 persequi,
1100 2912 1152 2962 erit
1165 2911 1253 2976 primo
1272 2909 1405 2974 capientis
1429 2908 1487 2960 aive
1510 2911 1666 2974 apprehen·

872 2981 980 3044 dentis;
998 2982 1040 3032 uti
1062 2983 1153 3044 etiem,
1171 2981 1194 3030 si
1209 2979 1255 3030 ille
1270 2980 1318 3044 qui
1333 2979 1362 3029 in
1375 2979 1515 3044 angustias
1529 2979 1604 3030 11166
1621 2995 1665 3033 66·

871 3051 949 3116 dipit.
965 3065 1024 3102 666
1039 3049 1272 3111 convulneravit,
1298 3049 1316 3100 l.
1340 3049 1364 3110 6,
1387 3061 1413 3113 p.
1437 3050 1463 3111 6,
1484 3062 1501 3099 6
1522 3061 1549 3102 6.
1563 3051 1618 3102 666.
1633 3051 1664 3104 61

871 3120 928 3172 lere
945 3121 1043 3185 laqueo
1054 3119 1084 3170 in
1097 3120 1157 3172 loco
1171 3118 1280 3184 publico
1295 3116 1339 3168 vel
1361 3117 1390 3166 in
1412 3117 1503 3169 allano
1521 3131 1585 3170 666
1599 3133 1666 3171 con-

871 3201 952 3240 sensu
968 3189 1073 3240 domini
1088 3189 1176 3252 posito
1190 3190 1268 3251 capta
1279 3186 1327 3238 'ait
1348 3190 1376 3236 et
1398 3185 1513 3238 evadere
1536 3201 1592 3241 non
1614 3203 1663 3255 po·

872 3261 965 3324 166611,
981 3263 1022 3312 661
1038 3259 1121 3322 111166,
1135 3258 1182 3322 qui
1196 3257 1325 3322 laqueum
1336 3257 1436 3322 posuit,
1450 3257 1474 3307 ai
1489 3258 1620 3310 extricare
1634 3274 1664 3312 ss

869 3331 998 3397 potuerit,
1022 3341 1084 3380 666
1105 3329 1194 3394 primo
1214 3328 1338 3394 capiente
1360 3339 1420 3378 eam
1436 3325 1559 3380 dividere
1568 3327 1663 3401 umet,

869 3401 942 3466 quod
959 3402 982 3450 si
996 3401 1056 3452 sine
1070 3411 1208 3450 consensu
1223 3398 1328 3449 domiui
1343 3398 1372 3447 in
1387 3397 1478 3449 alieno
1494 3397 1553 3450 loco
1567 3412 1664 3466 posue·

868 3472 914 3531 rit,
927 3485 943 3521 6
958 3470 1069 3522 666166
1084 3472 1112 3520 61
1124 3469 1240 3532 laqueus
1261 3472 1289 3519 et
1307 3467 1363 3518 1666
1386 3467 1456 3533 eripi
1480 3473 1578 3532 potest,
1600 3475 1664 3535 etc,

868 3556 896 3593 n.
919 3543 974 3592 661.
999 3539 1118 3592 Venator
1143 3539 1217 3590 licita
1237 3540 1266 3588 in
1280 3538 1491 3603 Quadmpasima
1504 3541 1578 3605 capit
1594 3541 1663 3595 ieras

869 3616 897 3666 et
909 3625 972 3663 aves
988 3614 1016 3662 at
1029 3609 1124 3661 vendit
1138 3611 1167 3660 in
1181 3610 1262 3661 terris
1275 3608 1477 3675 hereticorum,
1503 3611 1527 3663 si
1547 3613 1662 3666 666666·

868 3684 925 3736 166
940 3683 1021 3744 66611,
1036 3681 1052 3732 1
1068 3683 1093 3743 6,
1106 3693 1133 3731 6.
1148 3682 1203 3732 666.

898 3753 1052 3806 7166166116
1068 3751 1116 3804 rei.
1131 3751 1164 3806 V.
1180 3749 1327 3804 Vindicutio.

1179 3865 1344 3920 votulato.

897 3961 1084 4016 7666111167.
1102 3962 1214 4027 11666116.
1228 3961 1356 4013 76661116
1369 3960 1469 4013 veneni
1486 3972 1542 4013 uon
1565 3965 1607 4016 est
1624 3963 1658 4017 li·

866 4033 930 4095 cita,
945 4032 997 4081 nisi
1012 4031 1128 4082 66111116
1142 4031 1189 4096 qui
1211 4031 1281 4081 bene
1295 4031 1372 4082 usuri
1387 4033 1534 4096 putenturr
1548 4035 1621 4098 quod
1635 4033 1659 4086 67

866 4113 922 4151 non
937 4101 1040 4152 serviat
1052 4101 1105 4152 nisi
1121 4101 1156 4152 66
1171 4101 1291 4153 hominis
1309 4100 1483 4164 occisionem,
1498 4105 1539 4153 661
1552 4104 1658 4170 simpli·

866 4173 934 4224 citer
949 4173 1030 4235 mela,
1040 4174 1058 4225 1.
1073 4175 1098 4234 6,
1115 4187 1142 4224 6.
1156 4174 1211 4224 666.
1226 4172 1353 4225 7666666
1374 4171 1522 4236 66166166
1539 4187 1658 4240 cauum,

866 4257 892 4294 6.
915 4257 940 4308 g.
964 4256 1065 4308 sgnum
1090 4243 1194 4306 166666,
1215 4246 1264 4295 661
1284 4241 1388 4296 infideli
1403 4255 1485 4295 usuro
1498 4243 1532 4294 ad
1550 4245 1658 4298 Sacrid·

866 4313 951 4376 cium,
965 4317 1139 4365 excusatura
1155 4317 1275 4378 peccato,
1299 4313 1335 4364 ib.
1358 4312 1485 4365 Vendens
1507 4315 1568 4368 sine
1584 4317 1658 4382 16616

866 4395 946 4433 causa
960 4383 1054 4433 vinnm
1069 4383 1133 4446 illis,
1155 4395 1222 4448 quos
1247 4381 1424 4448 probabiliter
1446 4385 1524 4447 putat
1545 4399 1573 4436 aa
1598 4386 1657 4438 ine·

866 4453 1012 4514 brieturus,
1026 4455 1118 4516 peccet
1131 4453 1299 4504 mortaliterr
1315 4464 1398 4502 causa
1406 4457 1499 4504 66166
1509 4453 1657 4526 eumeleus,

866 4533 915 4587 per
928 4534 956 4573 se
972 4521 1119 4586 loquendo,
1134 4535 1189 4574 non
1210 4522 1319 4574 videtur
1340 4520 1528 4585 6666166666,
1543 4535 1598 4590 quo
1611 4540 1656 4578 ca·

866 4595 946 4654 reret,
970 4605 1026 4642 non
1050 4591 1161 4643 vendito
1185 4591 1232 4643 iilo
1255 4591 1365 4656 praecise
1389 4591 1468 4655 vino,
1492 4605 1520 4643 n.
1542 4595 1598 4647 661.
1624 4595 1656 4649 7.

866 4663 961 4726 daupu.
982 4662 1280 4713 7666666666666616
1296 4661 1403 4726 puellas,
1417 4675 1467 4726 per
1480 4675 1541 4726 quea
1554 4665 1656 4716 sollici·

866 4735 956 4783 tatura
971 4735 1011 4783 est
1023 4733 1093 4783 ulios
1106 4733 1140 4782 ad
1155 4734 1304 4797 peccatum,
1319 4730 1499 4800 probabiliter
1520 4745 1576 4784 non
1596 4749 1658 4801 pec·

866 4806 918 4862 cat,
933 4803 957 4852 si
972 4803 1152 4854 venderentur
1167 4803 1202 4852 ab
1215 4801 1280 4864 alio,
1296 4815 1323 4852 n.
1341 4803 1395 4852 666.
1406 4803 1460 4854 1166
1470 4803 1591 4856 vendens
1604 4819 1660 4870 pa·

864 4885 913 4922 nes
925 4873 1059 4924 hereticis
1082 4874 1181 4937 quibus
1205 4876 1316 4924 utentur
1340 4874 1370 4924 in
1393 4887 1443 4925 suo
1468 4873 1537 4925 16166
1560 4877 1657 4928 Sacra·

864 4946 958 4993 mento
981 4943 1091 5006 caena,
1114 4943 1150 4994 ib.
1175 4944 1341 4994 61166666
1365 4947 1458 5008 peccat
1480 4945 1599 4996 vendens
1620 4947 1654 4998 ad

864 5025 943 5064 suurn
958 5013 1089 5064 damnum
1106 5015 1265 5066 evitandum
1278 5014 1366 5078 611661,
1377 5027 1458 5079 quam
1468 5015 1545 5065 novit
1554 5015 1655 5080 iniuste

863 5083 1082 5146 revenditurum,
1105 5098 1132 5135 n.
1159 5087 1214 5136 676.
1239 5085 1267 5136 61
1290 5085 1417 5136 venditor
1437 5085 1596 5150 principalis
1621 5087 1657 5138 sit

864 5151 992 5215 Ecclesia,
1003 5153 1095 5205 Fiscus
1111 5152 1153 5205 vel
1167 5154 1256 5206 111666
1268 5173 1275 5216 r
1291 5155 1335 5206 ille
1350 5153 1533 5220 praeterendus
1545 5155 1656 5207 setaliis

863 5223 1041 5275 oreditoribus
1052 5223 1141 5288 quoad
1165 5237 1222 5276 rem
1237 5225 1375 5276 venditam
1389 5225 1478 5276 adhuc
1493 5228 1654 5290 exstantem,

863 5293 886 5344 si
909 5307 952 5344 res
975 5293 1086 5344 vendita
1110 5293 1146 5344 611
1164 5295 1251 5359 pretio
1267 5298 1374 5345 tantum
1387 5297 1550 5359 munerato,
1564 5293 1653 5346 domi·

863 5361 940 5413 6166
963 5362 1141 5427 probabiliter
1164 5364 1326 5417 1666166166
1349 5364 1385 5419 66
1408 5365 1654 5434 amputemus,

862 5445 889 5499 p.
904 5434 928 5499 6,
939 5445 966 5488 n.
981 5433 1037 5499 676,
1051 5435 1107 5500 671,
1121 5433 1176 5489 676.
