3986 6350
313 550 371 612 ³96

316 734 356 796 tis
383 732 560 796 includatur
587 731 735 814 obligatio
763 733 928 794 servande
956 729 1107 792 castitatis

315 822 481 901 perteotae3
511 828 584 884 vota
606 839 668 883 non
692 825 823 900 possunt
843 819 1029 882 commutari
1051 836 1108 896 per

316 909 449 987 Rullam,
465 909 490 970 si
504 927 622 971 vovens
635 909 734 971 voluit
748 908 882 990 jungere
905 912 1014 970 votum
1038 905 1109 967 ulti-

316 1015 402 1058 mum
414 1015 486 1060 cum
500 997 627 1076 reliquis
642 996 733 1074 votis,
750 997 794 1058 ita
815 999 848 1058 ut
862 996 942 1057 foret
965 995 1108 1055 ultimum

312 1088 424 1163 vvotum
452 1086 717 1164 complementum
748 1082 899 1159 omnium,
930 1084 964 1142 ut
989 1097 1108 1141 vovens

317 1171 497 1232 omnimoda
533 1175 564 1233 et
600 1170 739 1250 perfecta
766 1169 908 1232 castitate
935 1171 1105 1231 teneretur.

318 1259 379 1321 Sed
394 1259 419 1320 si
435 1277 497 1320 non
512 1260 623 1322 habuit
635 1260 730 1321 talem
745 1258 962 1334 intentionem,
987 1255 1042 1317 sed
1066 1254 1108 1316 te·

317 1347 360 1410 cit
401 1348 621 1430 quodcumque
659 1352 767 1409 votum
796 1346 885 1428 quasi
919 1344 1050 1407 seorsim
1079 1347 1109 1406 et

317 1435 562 1516 unumquodque
577 1454 650 1496 oum
663 1437 775 1496 affectu
791 1435 857 1496 solo
882 1433 922 1494 ad
943 1431 1108 1492 materiam

317 1523 481 1601 partialem
496 1523 573 1604 ejus,
590 1524 775 1586 commutari
791 1527 921 1601 possunt
935 1521 1002 1582 hoec
1023 1525 1107 1594 vota,

316 1611 562 1691 unumquodque
577 1611 718 1689 seorsim,
735 1611 809 1692 quia
822 1610 946 1688 singula
956 1609 1110 1669 suntvota

318 1696 467 1758 castitatis
481 1699 631 1776 partialis

359 1787 408 1846 lt.
425 1786 553 1858 Quodsi
575 1791 681 1849 votum
706 1785 868 1858 eastitatis,
895 1791 950 1847 aut
972 1782 1109 1864 cujusvis

318 1872 457 1933 materies
484 1879 651 1936 reservate
678 1873 884 1936 commutavit
908 1871 1049 1934 Pontifex
1077 1871 1108 1930 in

319 1961 412 2022 aliam
430 1963 596 2024 materiam
611 1983 673 2025 non
687 1965 889 2038 reservatam,
912 1961 980 2022 baec
998 1978 1109 2020 secun-

319 2047 360 2108 da
375 2048 524 2128 obligatio
539 2050 601 2111 voti
617 2051 716 2129 poscit
729 2051 843 2111 virtute
857 2050 953 2111 Bullee
969 2065 1110 2110 commu-

318 2137 393 2209 ta1i;
411 2137 486 2216 quia
500 2139 701 2202 commutatio
717 2138 832 2199 delevit
851 2137 1107 2211 reservationem,

319 2226 404 2286 Less
435 2227 572 2304 Aragon.
603 2227 694 2288 Suar.
723 2224 960 2287 Thom.Sunch.
991 2226 1022 2284 et
1044 2221 1108 2298 alii,

320 2331 399 2391 quos
413 2312 488 2374 citat
502 2318 532 2374 et
545 2314 687 2394 sequitur
699 2314 803 2377 bland.
820 2334 850 2374 η.
868 2317 936 2374 125.

361 2402 409 2461 15.
440 2401 530 2472 Quod
560 2405 668 2463 votum
699 2401 852 2462 castitatis
886 2401 1003 2460 tactum
1037 2401 1109 2459 ante

321 2489 517 2548 contractum
527 2487 772 2564 Matrimonium,
785 2505 845 2548 non
856 2486 955 2566 possit
964 2486 1109 2565 cuiquam

320 2573 506 2634 commutari
533 2593 590 2653 per
616 2576 749 2653 bullam,
779 2580 814 2635 ut
840 2579 946 2654 petere
970 2574 1110 2636 debitum

319 2661 426 2740 possit.
445 2662 546 2739 Ratio,
563 2662 726 2743 quiaillud
740 2668 847 2724 votum
860 2661 919 2723 suit
932 2662 1109 2722 absolutum

319 2749 469 2811 castitatis
483 2751 639 2827 perlectae,
657 2755 688 2811 et
708 2750 752 2810 ita
770 2769 832 2810 non
848 2753 952 2828 potest
972 2765 1109 2809 commu-

318 2843 385 2900 tare
400 2843 521 2918 partem
535 2837 629 2915 illius,
646 2838 699 2917 qui
719 2857 780 2899 non
795 2842 897 2917 potest
915 2841 1108 2898 commutare

317 2931 435 3000 totum;
453 2929 536 2987 unde
551 2926 691 2988 Pontifex
706 2927 789 2987 solus
803 2929 914 3005 potest.

360 3013 509 3090 Ouoeritur
522 3013 656 3082 secondo,
673 3013 820 3094 quodnam
834 3013 998 3095 Reliqiom'e
1012 3021 1107 3074 uotum

316 3109 438 3183 nequeat
447 3119 505 3182 per
517 3099 637 3162 Bellum
657 3103 832 3162 commutari
838 3107 853 3161 t
873 3104 966 3180 Resp.
992 3102 1108 3163 Votum

316 3190 493 3252 absolutum
504 3192 535 3250 et
544 3188 717 3267 perlectum
726 3189 907 3269 Religionis,
918 3190 977 3251 Th.
991 3188 1105 3252 Sanoh.

315 3276 412 3338 Trull.
430 3280 461 3338 et
474 3275 537 3354 elii,
555 3293 632 3356 quos
647 3275 722 3338 citat
735 3276 838 3337 Mend.
862 3296 891 3336 n.
922 3279 990 3340 129.
1016 3275 1105 3338 Unde

316 3363 495 3426 resolvitur:

357 3455 385 3514 l.
402 3451 493 3524 Quod
507 3451 538 3512 in
553 3451 804 3527 circumstantiis,
820 3449 852 3510 in
867 3451 979 3530 quibus
989 3449 1108 3512 dictum

319 3543 366 3602 est
380 3540 412 3600 in
426 3539 667 3601 resolutionibus
682 3539 869 3618 supradictis
892 3539 975 3619 quod
999 3543 1107 3600 votum

317 3627 467 3690 castitatis
481 3626 665 3688 commutari
687 3625 795 3705 possit,
821 3625 990 3706 Religionis
1013 3626 1108 3688 etiam

315 3718 425 3776 votum
439 3713 624 3776 commutari
640 3714 753 3790 valeat,
765 3715 975 3776 accomodatis
985 3714 1108 3776 casibus

315 3801 590 3880 proportionaliter
603 3801 695 3861 unius
715 3799 856 3862 materie
877 3806 909 3861 et
929 3799 1108 3880 questionis

315 3890 355 3952 ad
371 3891 475 3951 aliam.

305 4023 309 4029 -
354 3981 384 4040 2.
402 3977 491 4050 Quod
506 3979 614 4038 votum
628 3977 689 4038 boo
704 3975 818 4038 debeat
831 3995 898 4038 esso
917 3982 1025 4038 votum
1049 3980 1108 4038 Re-

315 4065 438 4145 ligionis
453 4064 647 4143 approbate,
664 4083 703 4125 ne
719 4065 902 4126 commutari
918 4065 1025 4143 possit.
1047 4068 1108 4126 ltn-

315 4172 375 4232 que
390 4157 492 4234 potost
506 4153 693 4214 commutari
708 4157 816 4214 votum
834 4152 1029 4230 ingrediendi
1054 4155 1107 4214 do-

314 4259 401 4301 mum
415 4241 566 4320 aliquam,
583 4240 631 4300 vel
654 4240 822 4319 hospitum,
849 4240 898 4302 vel
922 4241 1105 4321 Collegium,

314 4328 367 4389 ubi
395 4328 466 4404 viri,
496 4331 552 4389 aut
588 4329 712 4390 feminee
741 4334 976 4389 commorentur
1002 4329 1107 4391 divino

314 4415 411 4478 cultui
425 4417 533 4478 dediti.
551 4419 589 4478 Et
603 4417 697 4477 etiam
712 4415 932 4478 commutabile
943 4422 990 4478 est
999 4421 1108 4480 votum

314 4503 509 4582 ingrediendi
525 4501 719 4582 Religionem
743 4503 960 4581 approbatam,
986 4523 1049 4565 non
1073 4509 1109 4568 ut

314 4591 356 4652 ibi
371 4591 440 4672 quis
455 4591 643 4671 Religiosam
657 4592 865 4670 vitamdegat,
882 4593 937 4653 sed
948 4598 982 4654 ut
998 4593 1107 4654 habitu

313 4678 438 4740 incedat
451 4679 599 4757 eremitae,
616 4685 689 4756 etc,
711 4678 785 4758 quia
798 4679 848 4740 isti
869 4699 930 4741 non
946 4685 1019 4742 sunt
1033 4700 1105 4741 vere

313 4765 471 4844 Religiosi.
498 4768 554 4828 Hic
569 4771 615 4829 est
638 4766 812 4828 eommunis
842 4769 981 4830 omnium
1009 4770 1106 4831 Bulla

313 4853 525 4932 expositorum
539 4873 658 4916 sensus.

353 4945 381 5003 3.
401 4944 494 5021 Posse
533 4941 719 5004 commutari
754 4945 828 5004 vota
855 4945 1048 5024 paupertatis
1077 4949 1108 5007 et

313 5029 510 5108 obedientiae,
527 5049 597 5112 quae
612 5028 680 5110 quis
694 5029 768 5091 saoit
782 5029 813 5091 in
829 5034 958 5112 saeculo,
979 5037 1033 5095 aut
1047 5035 1107 5095 Re-

1029 544 1145 606 Llllblli
1169 546 1247 608 Vlll.

1162 728 1277 808 ligione
1292 745 1354 790 non
1369 727 1554 807 approbata,
1570 725 1644 807 quia
1658 726 1720 788 ista
1733 731 1937 790 nonsuutrotu
1986 733 1987 752 ³

1162 816 1341 896 Religionis.

1201 909 1231 966 l.
1249 907 1342 966 Posse
1356 905 1543 967 commutari
1554 909 1665 965 votum
1677 902 1849 982 aecipiendi
1861 903 1939 966 habi-

1162 995 1229 1054 tum
1256 992 1287 1052 in
1316 993 1477 1073 Religione
1505 992 1573 1054 Divi
1608 991 1732 1068 Jacobi,
1766 991 1937 1068 Alcantarae,

1162 1081 1333 1142 Galotravae
1371 1086 1402 1143 et
1428 1081 1496 1142 aliis
1524 1078 1740 1159 Religionibus
1767 1079 1939 1142 militaribus
1986 1155 1987 1164 ἵ

1164 1168 1309 1248 (excepta
1324 1168 1484 1248 Religione
1498 1167 1568 1229 Divi
1582 1167 1725 1244 loannis,
1743 1167 1817 1246 quia
1829 1167 1940 1229 baeoesl
1986 1171 1987 1210 l

1162 1276 1238 1318 vera
1251 1256 1384 1336 Religio,
1402 1260 1519 1335 utpote,
1535 1255 1566 1315 in
1582 1272 1646 1334 qua
1660 1255 1797 1331 castitas,
1819 1273 1939 1334 pauper·
1982 1217 1987 1314 l

1162 1347 1211 1405 tas
1225 1347 1256 1405 et
1270 1343 1449 1405 obedientia
1462 1341 1641 1420 voventur.)
1657 1341 1758 1416 Ratio,
1775 1341 1857 1421 quia,
1877 1360 1937 1402 cum

1163 1433 1215 1493 alii
1230 1431 1400 1494 defendant
1418 1429 1595 1510 Religiones
1611 1429 1700 1506 illas,
1717 1446 1780 1490 non
1793 1448 1861 1490 esse
1878 1449 1939 1492 vere

1164 1524 1195 1581 et
1217 1521 1342 1599 proprio
1366 1519 1560 1598 Religiones,
1586 1517 1640 1578 alii
1660 1533 1736 1578 vero
1765 1518 1941 1580 contrarium

1164 1608 1315 1684 sentiant,
1341 1610 1437 1668 restat
1458 1605 1491 1666 in
1513 1603 1659 1683 opinione
1683 1623 1725 1665 an
1748 1604 1809 1665 sint
1829 1605 1940 1684 proprie

1164 1700 1196 1757 et
1209 1714 1282 1756 vere
1297 1694 1491 1774 Religiones3
1509 1699 1540 1752 et
1553 1697 1783 1774 consequenter
1802 1713 1842 1754 an
1855 1713 1940 1755 reser-
1985 1697 1987 1750 l

1164 1785 1270 1844 vatum
1284 1782 1324 1842 sit
1337 1785 1444 1842 votum
1459 1779 1655 1858 ingrediendi
1671 1798 1745 1852 eas;
1769 1780 1851 1860 quod
1864 1781 1938 1842 sulii·
1985 1789 1987 1852 t

1163 1871 1224 1948 cit,
1254 1889 1293 1931 ne
1322 1869 1381 1930 boc
1408 1871 1517 1930 votum
1542 1873 1710 1930 censeatur
1736 1873 1938 1940 reservatum
1985 1855 1987 1932 l

1164 1959 1272 2021 odiosa
1293 1958 1376 2019 enim
1399 1955 1617 2035 restrtngenda
1630 1959 1714 2034 sunt,
1731 1958 1843 2018 Mende
1857 1957 1885 2018 d.
1898 1962 1938 2034 no,
1985 1943 1987 2038 l

1163 2067 1193 2109 n.
1212 2051 1279 2110 132.

1203 2140 1232 2198 5.
1250 2139 1343 2198 Posse
1362 2135 1547 2197 commutari
1563 2137 1637 2196 vota
1654 2132 1852 2212 ingrediendi
1872 2135 1939 2196 Reli·
1983 2043 1987 2234 ll

1164 2225 1289 2304 gionem
1302 2223 1517 2300 austeriorem,
1533 2223 1565 2282 in
1585 2223 1764 2300 ingressum
1785 2220 1938 2300 Religionis
1984 2237 1987 2318 ᾗ

1163 2312 1300 2388 laxioris,
1321 2316 1428 2374 votum
1442 2308 1637 2391 ingrediendi
1659 2308 1693 2369 in
1717 2309 1779 2370 boc
1801 2311 1938 2373 Monaste-
1985 2319 1987 2352 t

1163 2401 1256 2477 rium,
1273 2399 1448 2479 ingressum
1471 2396 1599 2460 alterius
1622 2396 1823 2470 Monasterii;
1849 2403 1938 2458 votum

1164 2489 1256 2550 etiam
1290 2486 1452 2548 differendi
1488 2487 1667 2566 ingressum
1701 2484 1807 2564 quoad
1835 2491 1937 2548 anun

1163 2581 1306 2655 tempus;
1335 2578 1444 2637 votum
1471 2573 1696 2653 perseverandi
1725 2573 1757 2634 in
1782 2574 1936 2654 Religione,

1163 2667 1256 2740 prout
1274 2665 1382 2723 votum
1403 2660 1486 2722 istud
1507 2659 1711 2738 distinguitur
1725 2677 1745 2720 a
1759 2663 1830 2722 voto
1851 2661 1939 2740 ingre·

1164 2749 1268 2810 diendi
1284 2749 1478 2828 Religionem
1494 2768 1502 2822 ;
1526 2747 1602 2828 quia
1615 2747 1647 2806 in
1662 2748 1784 2808 cunctis
1798 2749 1862 2811 istis
1874 2750 1939 2812 oasi-

1162 2837 1232 2914 buS,
1262 2856 1324 2898 non
1352 2841 1565 2898 commutatur
1591 2834 1768 2896 substantia
1795 2835 1868 2914 voti,
1894 2837 1937 2898 sed

1164 2925 1316 3005 qualitas;
1333 2925 1446 2987 Mando
1466 2924 1498 2984 in
1513 2922 1609 2984 variis
1622 2941 1705 2984 num.
1730 2942 1756 2984 c.
1774 2927 1822 3000 12,
1839 2924 1869 2984 in
1889 2941 1938 3004 quo
1983 2951 1987 3010 q

1163 3014 1239 3075 citat
1252 3013 1340 3075 alios.
1984 3013 1987 3088 l

1204 3101 1355 3176 Quaeritur
1375 3101 1470 3170 tertio.
1486 3100 1637 3183 quoduam
1655 3108 1754 3162 votam
1779 3101 1938 3164 Ultrmnori

1161 3209 1232 3251 num
1245 3208 1303 3250 non
1316 3189 1413 3251 valeat
1426 3209 1484 3272 per
1497 3188 1623 3250 Battum
1642 3189 1820 3250 commeari
1828 3195 1843 3250 t
1860 3191 1936 3268 Resp.

1161 3282 1270 3339 votum
1301 3277 1454 3340 duntaxat
1482 3277 1686 3354 absolutum,
1720 3281 1752 3338 et
1783 3277 1937 3355 perlectum

1161 3366 1423 3447 peregrinationis
1437 3367 1478 3428 ad
1492 3365 1624 3427 visenda
1646 3365 1717 3427 loca
1737 3369 1847 3428 sancta
1865 3367 1938 3426 Jere

1162 3455 1366 3534 solymorum,
1379 3455 1429 3516 vel
1442 3455 1549 3516 locum
1559 3472 1671 3515 eorum
1685 3453 1834 3533 aliquem,
1846 3452 1876 3512 in
1888 3468 1937 3530 quo

1163 3561 1272 3604 omnes
1294 3543 1392 3604 Bullae
1422 3541 1615 3604 conveniunt
1638 3541 1850 3621 Expositores.
1874 3541 1937 3601 Ilino

1162 3629 1329 3690 resolvitur
1345 3648 1351 3689 :

1203 3721 1232 3778 l.
1249 3715 1337 3790 Quod
1360 3717 1420 3777 boc
1440 3717 1550 3776 votum
1571 3713 1670 3792 possit
1691 3715 1875 3777 commutari
1893 3732 1937 3792 per

1162 3806 1284 3870 Bullam
1299 3804 1330 3866 in
1352 3803 1487 3878 casibus,
1504 3801 1544 3862 de
1563 3802 1678 3883 quibus
1693 3802 1815 3882 egimus
1829 3803 1936 3866 devoto

1163 3893 1313 3954 eastitatis
1336 3895 1367 3952 et
1388 3888 1557 3970 Religionis
1571 3889 1857 3968 proportionaliter,
1871 3910 1897 3950 v.
1909 3908 1934 3968 g.

1162 3981 1288 4061 quando
1304 3980 1364 4042 boc
1378 3983 1486 4041 votum
1510 3981 1558 4039 est
1577 3977 1802 4054 conditionale,
1818 3977 1934 4058 pesele,

1162 4069 1212 4130 vel
1225 4069 1342 4131 sactum
1357 4071 1404 4129 est
1417 4068 1458 4129 ob
1471 4071 1591 4128 metum
1606 4070 1773 4129 causatum
1788 4067 1828 4130 ab
1841 4065 1936 4128 erinn-

1162 4175 1245 4234 seco,
1263 4162 1323 4220 etc.

1201 4251 1231 4306 P.
1249 4244 1339 4318 Quod
1353 4241 1507 4324 quidquid
1522 4260 1583 4303 non
1599 4245 1647 4304 est
1661 4241 1701 4303 dc
1715 4241 1936 4305 substantiane

1161 4333 1196 4412 ti,
1209 4333 1264 4394 sed
1278 4336 1400 4394 tantum
1416 4331 1455 4391 de
1471 4329 1633 4409 qualitate,
1648 4329 1836 4392 commutari
1845 4327 1934 4410 possit,

1162 4437 1191 4480 v.
1209 4440 1240 4498 g.
1257 4419 1303 4480 ire
1318 4419 1466 4499 peditem,
1483 4417 1533 4478 vel
1547 4416 1771 4480 mendicando.

1201 4511 1231 4569 3.
1249 4511 1437 4584 Hocvotum
1452 4524 1515 4567 non
1530 4522 1621 4583 posse
1636 4507 1836 4584 commutari,
1847 4520 1935 4586 quam

1162 4595 1209 4657 vis
1223 4596 1263 4656 ob
1278 4594 1478 4656 devotionem
1492 4593 1591 4654 solam
1606 4593 1647 4656 sit
1659 4593 1797 4666 lactum;
1814 4598 1859 4655 est
1869 4608 1935 4652 oon·

1162 4683 1266 4744 munis
1280 4681 1446 4758 sententia,
1463 4685 1497 4743 ut
1510 4683 1614 4760 potest
1627 4681 1729 4742 videri
1744 4683 1829 4761 apud
1842 4677 1935 4742 blando

1161 4793 1192 4834 n.
1209 4774 1278 4848 143,
1295 4777 1404 4833 contra
1419 4769 1590 4846 Grassium,
1607 4773 1638 4831 et
1653 4771 1705 4846 Sa,
1723 4771 1778 4851 qui
1793 4769 1933 4850 putarunt,

1162 4865 1269 4923 votum
1284 4860 1344 4921 hoo
1359 4863 1434 4920 tunc
1448 4858 1601 4919 duntaxat
1610 4858 1780 4936 reservari,
1793 4863 1824 4920 et
1837 4858 1935 4918 iucom-

1161 4949 1311 5011 mutabile
1327 4967 1394 5008 esse
1413 4965 1470 5026 per
1484 4947 1618 5024 Bullam,
1636 4965 1709 5010 cum
1730 4946 1764 5008 in
1784 4943 1934 5009 subsidium

1161 5036 1257 5100 fiebat
1270 5039 1375 5100 verra
1391 5036 1525 5098 Sancte.
