4090 6336
778 493 829 556 DE
850 491 1110 556 claramonte.
1731 498 1770 558 55

120 703 192 746 ease
216 685 394 762 honestam,
414 701 490 746 sane
511 683 583 746 licet
605 686 678 743 autc
702 681 786 742 illam
811 681 920 762 depre-
979 700 1042 743 non
1056 683 1146 744 aliter
1162 686 1324 766 qnamsub
1336 703 1373 746 ea
1386 683 1575 763 conditione,
1592 685 1636 746 uti
1651 685 1677 746 si
1691 681 1773 745 'litia

120 771 313 834 hensionem
323 771 428 834 decies
438 769 741 832 fuissetcommixtns
756 769 923 831 carnaliter
976 770 1035 832 sibi
1059 772 1154 834 fidem
1178 773 1361 846 servaverit.
1378 779 1409 837 et
1424 775 1573 856 quamdiu
1596 773 1655 836 sibi
1676 773 1772 834 fidem

120 879 197 922 cnm
208 880 261 938 aa,
273 861 395 923 nullum
409 879 465 922 scu
478 864 593 936 ratum,
605 877 661 920 sen
671 862 922 920 consummatum
976 863 1158 941 servaverit,
1168 864 1243 926 velit
1256 864 1338 925 hanc
1353 883 1420 926 esse
1435 883 1541 938 snam;
1558 863 1584 924 si
1598 863 1694 924 hdem
1708 879 1771 924 non

120 949 281 1012 extitisset
294 948 541 1012 Matrimonium.
976 949 1159 1026 servaverit,
1177 970 1278 1031 neque
1292 951 1391 1012 'lilius
1406 950 1481 1013 velit
1494 950 1596 1013 teneri
1609 951 1771 1011 contractu

161 1035 362 1100 lectitante
377 1036 462 1100 Trid.
474 1036 660 1098 censebatur
674 1035 744 1116 quis
758 1054 815 1115 per
829 1053 922 1114 copu-
977 1035 1209 1099 Matrimoniali.
1239 1038 1320 1101 'litia
1347 1038 1548 1118 postmodum
1576 1055 1639 1099 non
1666 1039 1772 1098 servat

119 1125 186 1185 lam
208 1125 382 1188 recessisse
397 1145 416 1186 a
430 1125 622 1204 conditione,
636 1124 710 1205 quia
722 1123 871 1201 Ecclesia,
888 1129 923 1184 ut
976 1122 1082 1201 sidem,
1100 1125 1188 1205 cujus
1205 1125 1256 1188 ubi
1271 1126 1416 1188 convicta
1429 1126 1498 1204 fuit,
1515 1124 1614 1188 'litias
1628 1143 1685 1204 per
1699 1142 1771 1184 sen-

118 1213 312 1276 exclnderet
321 1215 471 1278 delictum
480 1212 704 1289 fornicationis,
714 1211 924 1292 presumebat
976 1212 1107 1274 tentiam
1121 1214 1294 1276 consistorii
1311 1216 1489 1278 declaratur
1503 1215 1583 1276 liber
1597 1231 1615 1276 a
1630 1215 1770 1274 contrac-

117 1319 293 1363 accessnm
320 1321 390 1364 esse
412 1302 529 1364 lactum
552 1303 665 1363 allectn
692 1299 826 1362 maritali
850 1318 922 1361 curn
977 1301 1010 1360 tn
1021 1299 1252 1379 Matrimoniali,
1266 1304 1420 1385 daturque
1430 1303 1562 1364 facultas
1576 1302 1616 1364 ad
1631 1299 1770 1363 secunda

117 1406 286 1450 consensu
309 1407 401 1469 puro,
427 1390 470 1452 uti
494 1394 601 1452 tenant
621 1387 671 1454 Gt.
693 1407 813 1470 mopno.
839 1387 922 1450 circa
977 1392 1050 1448 rota
1071 1392 1264 1454 transeundi.
1284 1391 1437 1467 Qnoeritnr
1451 1412 1491 1454 an
1506 1391 1604 1454 Titius
1620 1409 1701 1453 nunc
1716 1407 1769 1450 ca·

115 1477 209 1538 med.
236 1477 274 1538 in
295 1480 370 1559 Cap.
390 1476 452 1540 Per
470 1485 544 1547 tnnc,
562 1478 695 1558 Sylvcst.
720 1475 752 1540 V.
768 1476 922 1540 Matrimo-
976 1475 1111 1538 thelicus
1132 1479 1231 1558 possit
1251 1481 1383 1542 transire
1406 1481 1446 1542 ad
1468 1479 1622 1542 secundas
1643 1477 1768 1560 nuptias

116 1565 213 1627 niwn.
237 1567 347 1648 Tiraq.
363 1566 408 1630 De
425 1576 555 1629 retractu
577 1585 658 1628 cono.
675 1564 715 1628 nd
727 1586 755 1628 o.
777 1564 817 1626 nd
833 1564 922 1646 finon
977 1583 1049 1624 cnm
1064 1567 1246 1629 catholico?

115 1654 161 1716 ιιι.
186 1659 218 1732 l,
236 1674 324 1718 num.
342 1660 392 1724 Π,
414 1656 497 1718 Abb.
521 1657 588 1718 lna.
613 1656 738 1718 Gollcot.
764 1652 917 1716 Zaborell.
1015 1653 1076 1732 §b
1094 1657 1256 1736 Negarunt
1275 1657 1364 1720 multi
1388 1661 1538 1720 Doctores
1561 1655 1705 1720 catholici
1730 1674 1769 1717 ex
1824 1659 1848 1704 '2

116 1743 270 1805 llostien.
286 1743 374 1806 Alex.
390 1743 426 1806 de
438 1743 529 1822 Neco,
542 1744 633 1807 etalii
649 1743 732 1823 apud
747 1739 921 1812 Barbarum:
975 1740 1024 1802 his
1039 1742 1221 1806 rationibus.
1239 1750 1267 1808 l.
1285 1745 1518 1808 Matrimonium
1532 1765 1570 1808 ex
1584 1751 1696 1808 natura
1711 1763 1769 1806 sna

116 1849 197 1910 ergo
221 1830 310 1892 idem
331 1831 499 1894 dicendum
513 1831 641 1894 estheri
656 1831 751 1892 etiam
762 1831 828 1910 jam
850 1835 921 1911 post
976 1835 1023 1892 est
1046 1829 1268 1911 indissolubile,
1295 1853 1369 1916 ergo
1395 1834 1520 1915 qnando
1544 1833 1642 1896 Titius
1671 1829 1769 1892 voluit

115 1918 143 1980 T
140 1919 210 1981 nti.
229 1923 325 2001 Resp.
342 1924 423 1982 Ante
441 1921 523 1984 Tn'd.
541 1941 598 2001 per
612 1921 757 2000 copulam
771 1921 921 1982 censeba-
975 1920 1219 2000 Matrimonium,
1239 1923 1336 1986 voluit
1355 1925 1549 1986 contractum
1571 1918 1768 1982 indissolubi-

115 2012 168 2068 tnr
184 2008 264 2088 quis
285 2009 449 2072 recessisse
463 2029 483 2072 a
496 2009 685 2086 conditione,
702 2009 827 2089 quando
846 2027 921 2070 con·
974 2007 1046 2068 lem.
1064 2011 1093 2068 2.
1110 2007 1209 2070 'litias
1223 2011 1272 2070 vel
1287 2010 1385 2073 voluit
1399 2014 1594 2072 contractum
1608 2009 1767 2073 Matrimo-

115 2095 200 2158 ditio
226 2101 298 2159 erat
322 2097 361 2159 de
385 2099 502 2176 tuturo,
519 2118 546 2161 c.
563 2104 595 2160 et
616 2098 676 2159 hoo
700 2097 859 2159 conforme
875 2101 921 2160 est
975 2095 1090 2156 nialcm
1113 2097 1286 2158 secundnm
1313 2099 1532 2176 substantiam,
1558 2099 1608 2160 vel
1632 2117 1714 2173 non;
1741 2097 1766 2160 si

115 2187 200 2264 Gap.
217 2183 284 2246 Per
300 2193 364 2248 tuan
378 2208 392 2254 ,·
406 2187 536 2260 Quando
551 2185 687 2249 conditio
707 2189 774 2246 erat
789 2185 827 2246 de
842 2204 921 2264 prm·
974 2183 1082 2259 voluit,
1107 2185 1202 2246 etiam
1222 2185 1371 2265 implicite
1392 2187 1491 2249 voluit
1514 2188 1764 2264 Sacramentum,

116 2273 218 2336 terito
233 2278 291 2336 aut
308 2274 465 2353 praesenti,
482 2275 526 2337 uti
546 2275 577 2336 in
599 2278 704 2336 nostro
718 2292 792 2336 casu
811 2275 869 2350 est,
886 2292 917 2335 n.
974 2273 1023 2334 vel
1039 2274 1149 2336 saltem
1164 2279 1358 2338 contractum
1378 2275 1644 2350 indissolubilem
1661 2275 1687 2338 si
1702 2295 1765 2338 non

116 2379 195 2422 cnm
213 2361 395 2424 auctoribus
408 2367 482 2425 ante
496 2363 608 2426 citatis.
974 2361 1082 2439 voluit,
1109 2381 1183 2442 ergo
1212 2363 1380 2442 nequidem
1408 2362 1506 2424 voluit
1533 2363 1767 2426 Matrimonium

158 2449 268 2532 ocjic.
292 2455 320 2513 ι.
339 2452 540 2515 conditiones
558 2453 765 2532 impossibiles
783 2451 833 2513 rel
854 2455 920 2514 tur·
975 2451 1059 2530 qood
1074 2458 1120 2512 est
1139 2455 1248 2515 contra
1268 2452 1418 2514 terminos
1439 2471 1540 2514 casus.
1557 2455 1585 2514 3.
1606 2453 1766 2515 Matrimo-

117 2557 176 2617 pes
199 2538 335 2620 adjecta
349 2541 559 2619 Matrimonia,
582 2545 613 2604 et
636 2541 816 2604 substantiae
838 2541 920 2603 illius
975 2538 1062 2600 nium
1083 2539 1193 2601 saltem
1216 2545 1468 2602 consummatum
1490 2542 1566 2602 lure
1590 2541 1695 2603 divino
1719 2545 1766 2606 εει

118 2647 185 2690 non
211 2628 425 2707 adversantes,
443 2629 598 2693 hahentur
618 2649 674 2710 pro
694 2648 758 2691 non
777 2630 917 2710 adjectiS,
974 2627 1199 2705 indissolubile,
1217 2629 1262 2690 uti
1276 2634 1385 2690 tenent
1406 2647 1514 2690 omnes
1538 2631 1687 2692 Doctores
1708 2633 1766 2692 Ca-

117 2716 164 2778 nti
183 2716 287 2778 habet
303 2719 478 2780 communis
492 2723 523 2780 ει
536 2723 641 2791 certn;
658 2718 713 2779 scd
732 2717 879 2796 conditio,
896 2719 923 2780 si
974 2715 1091 2793 tholici,
1104 2716 1159 2778 sed
1174 2717 1245 2778 Titii
1260 2717 1494 2780 Matrimonium
1508 2721 1556 2780 est
1569 2737 1765 2781 consumma—

117 2825 146 2866 τε
167 2804 304 2874 honesta
319 2805 445 2868 videtur
467 2825 534 2868 esse
556 2806 754 2886 impossibilis
776 2811 919 2884 respectu
973 2808 1052 2880 tum,
1069 2804 1142 2884 quia
1163 2805 1268 2884 proles
1289 2805 1395 2882 habet,
1413 2824 1488 2886 ergo
1502 2809 1578 2869 lure
1598 2806 1703 2869 divino
1719 2814 1766 2871 est

117 2899 295 2972 corruptae,
307 2912 379 2956 cum
393 2895 424 2955 in
435 2895 628 2974 praeteritum
638 2912 700 2955 non
713 2895 753 2956 sit
766 2894 917 2972 potentia,
974 2890 1197 2954 indissolubile.
1216 2899 1247 2956 t.
1268 2893 1367 2955 Titius
1382 2893 1490 2971 voluit,
1508 2900 1539 2956 et
1553 2893 1686 2956 intendit
1700 2896 1766 2957 Ma-

118 2980 301 3042 secundnm
322 2979 470 3043 Hostiens.
496 3001 581 3063 ergo.
609 2985 701 3062 Hesp.
733 2981 919 3061 Opinionem
973 2981 1155 3043 trimonium
1173 2981 1323 3059 validum,
1340 3000 1416 3062 ergo
1438 2982 1541 3062 potins
1561 2982 1661 3045 voluit
1679 2983 1766 3044 valo-

116 3068 273 3130 Hostiena.
296 3070 504 3133 communiter
520 3069 627 3152 rejici;
645 3070 771 3151 quando
793 3070 876 3131 enirn
900 3091 919 3134 a
972 3087 1051 3145 rem,
1073 3088 1168 3150 quam
1186 3070 1396 3132 conditionem
1418 3075 1646 3151 repugnantem
1666 3071 1764 3133 valori

119 3155 324 3218 Matrimonia
338 3155 523 3238 rejiciuntur
536 3159 730 3221 conditiones
744 3159 918 3239 impossibi-
973 3157 1172 3221 Matrimonii.
1196 3163 1226 3222 5.
1252 3160 1350 3222 Titius
1374 3161 1574 3241 presumitur
1595 3161 1638 3222 ita
1659 3161 1763 3223 animo

118 3241 177 3318 les,
201 3242 422 3324 intelliguntur
435 3264 481 3306 eae
494 3247 607 3324 solnm,
624 3265 694 3327 qna
713 3266 770 3326 per
792 3267 824 3308 se
846 3254 918 3311 sunt
973 3249 1187 3326 comparatus,
1205 3249 1240 3308 nt
1249 3245 1273 3307 si
1289 3247 1382 3308 sciret
1396 3251 1591 3309 contractum
1605 3248 1764 3311 Matrimo-

120 3331 200 3392 ulna
214 3351 222 3392 :
235 3331 292 3410 uti,
303 3332 331 3392 si
341 3333 445 3394 coelnm
458 3332 553 3415 dipito
566 3335 709 3416 tetiperis,
722 3353 784 3396 non
798 3339 915 3414 autem,
972 3332 1087 3394 nialem
1108 3351 1175 3394 esse
1199 3334 1355 3396 elevatum
1370 3352 1389 3396 a
1403 3335 1526 3397 Christo
1549 3336 1591 3396 ad
1611 3336 1765 3399 rationem

120 3439 192 3498 qnae
208 3439 249 3480 ex
270 3439 304 3481 sc
328 3425 400 3482 sunt
413 3421 587 3500 possibiles,
605 3426 636 3483 et
649 3441 687 3482 ex
701 3423 854 3486 accidenti
869 3442 919 3486 so·
973 3421 1178 3499 Sacramenti,
1196 3426 1277 3485 esset
1291 3422 1351 3486 hoc
1365 3423 1552 3500 crediturus,
1570 3428 1601 3486 et
1621 3430 1764 3488 contrac-

120 3509 186 3568 lnm
201 3507 424 3588 impossibiles,
441 3511 542 3590 qualis
557 3514 604 3572 εει
617 3510 766 3588 conditi0‚
782 3511 810 3572 si
820 3530 847 3572 es
861 3513 917 3573 oin
972 3513 1061 3571 turus
1084 3509 1285 3573 conformiter
1308 3510 1501 3573 institutione
1529 3512 1662 3589 Christi,
1693 3531 1763 3594 quae

119 3615 167 3676 po,
182 3595 212 3655 si
223 3614 251 3656 es
265 3593 393 3666 honesto,
409 3599 497 3660 Aret.
516 3595 630 3660 Camil.
647 3601 697 3674 82,
713 3597 823 3658 Palud.
841 3598 871 3658 in
885 3603 914 3672 l,
971 3597 1127 3678 generalis
1148 3599 1244 3660 animi
1265 3601 1469 3680 comparatio,
1486 3605 1517 3662 et
1535 3599 1666 3664 intentio
1683 3623 1764 3683 prae-

121 3681 193 3746 dict.
214 3687 265 3761 ιιι,
282 3693 384 3766 pacet.
401 3689 431 3763 2,
447 3695 505 3748 ort.
530 3691 560 3761 5,
585 3685 671 3764 Sylv.
703 3683 735 3748 V.
761 3685 918 3748 Matrimo-
972 3687 1055 3748 valet
1077 3688 1200 3767 privato
1225 3689 1334 3751 errori.
1357 3693 1386 3752 6.
1411 3691 1457 3752 Ex
1479 3689 1575 3751 animi
1600 3709 1764 3774 compara·

122 3771 205 3833 mam
227 3773 259 3850 3,
279 3783 381 3856 pacat.
397 3778 428 3851 8,
454 3779 485 3835 et
507 3774 558 3836 alii
583 3774 668 3853 apud
691 3777 803 3836 (lover.
827 3795 916 3858 capro
971 3773 1056 3834 tione
1077 3775 1249 3853 prudenter
1268 3775 1477 3854 presumitur,
1495 3776 1580 3856 qnod
1594 3776 1693 3841 Titius
1707 3798 1764 3859 ap·

121 3859 183 3938 ξι,
199 3880 284 3921 nane.
300 3861 331 3937 3,
348 3863 446 3941 Fagn.
462 3880 649 3942 caprariam.
664 3865 714 3924 20.
971 3861 1134 3940 pretiative
1157 3861 1190 3922 id
1213 3863 1319 3939 malit,
1344 3862 1428 3942 qnod
1451 3864 1519 3926 vult
1545 3883 1622 3926 vera
1648 3865 1761 3928 Christi

62 3977 99 4024 ῃ
162 3949 182 4030 §
196 3951 245 4010 lt.
262 3951 357 4011 Notat
368 3953 480 4012 Avers.
492 3951 573 4029 §ult
584 3950 746 4013 moraliter
758 3951 915 4031 loquendo
971 3950 1120 4026 Ecclesia,
1133 3950 1188 4010 sed
1202 3950 1269 4012 haec
1278 3950 1346 4012 uult
1360 3949 1608 4013 indissolubilem
1622 3957 1763 4016 contrac-

124 4057 185 4100 non
201 4057 271 4100 esse
285 4038 404 4100 licitum
416 4039 601 4101 contrahere
611 4039 842 4102 Matrimonium
858 4043 916 4104 snb
972 4043 1049 4115 tum,
1066 4056 1140 4116 crgo
1156 4043 1188 4100 et
1200 4037 1310 4101 Titius.
1326 4043 1356 4100 Ἰ.
1374 4038 1498 4100 Habent
1512 4038 1651 4100 haeretici
1665 4058 1761 4120 gene-

124 4126 314 4204 conditione,
336 4147 410 4189 narn
433 4128 459 4189 si
481 4132 528 4191 est
548 4128 684 4192 conditio
709 4129 748 4190 de
770 4132 915 4210 praesenti
970 4127 1068 4188 ralem
1089 4125 1294 4187 intentionem
1308 4124 1443 4186 faciendi
1458 4144 1494 4186 eo
1510 4126 1604 4188 modo
1619 4132 1762 4189 contrac-

124 4215 173 4276 εει
191 4214 350 4294 praeterito
365 4217 398 4276 in
412 4233 483 4278 cam
503 4217 606 4298 potius
621 4217 843 4298 inquirendum
858 4240 866 4292 ;
890 4221 915 4280 si
971 4219 1048 4291 tum,
1066 4232 1126 4294 qno
1142 4213 1282 4281 Christus
1297 4212 1439 4290 instituit,
1451 4212 1518 4274 haec
1532 4213 1663 4277 intentio
1678 4215 1761 4276 suitl-

124 4305 171 4364 aar
193 4301 233 4362 de
261 4300 378 4380 tuturo,
405 4308 453 4365 est
479 4304 683 4384 expectanda,
714 4311 748 4366 nt
775 4305 915 4370 absolute
971 4303 1013 4366 cit
1026 4304 1066 4364 ad
1082 4305 1320 4366 Sacramentum
1341 4301 1541 4380 Matrimonii,
1559 4321 1645 4384 ergo.
1662 4307 1692 4367 8.
1709 4304 1761 4366 Ti-

123 4389 266 4452 contrahi
287 4389 404 4469 possit,
426 4391 500 4472 quia
514 4393 570 4454 iste
583 4392 695 4455 modus
710 4395 915 4458 contrahendi
971 4393 1031 4454 tius
1046 4391 1155 4453 habuit
1170 4391 1247 4452 duas
1257 4389 1445 4452 intentiones
1457 4391 1639 4469 contrarias,
1652 4411 1758 4471 unam,

123 4477 182 4538 sub
195 4476 375 4539 conditione
390 4482 438 4540 est
449 4477 608 4559 subjectns
622 4479 716 4541 variis
730 4481 916 4560 perplexita-
972 4479 1041 4540 volo
1063 4478 1247 4541 contrahere
1269 4477 1513 4556 Matrimonium,
1530 4477 1621 4541 sicuti
1639 4479 1671 4540 in
1686 4499 1762 4540 vera

125 4565 217 4642 tibus,
234 4569 406 4646 censetque
422 4585 504 4646 saepe
525 4569 625 4630 multa
645 4567 774 4630 dissidia
788 4574 820 4632 et
832 4570 913 4632 lites.
970 4566 1110 4630 Ecclesia
1137 4565 1277 4628 Christus
1303 4565 1438 4627 instituit
1466 4586 1473 4626 :
1504 4566 1660 4646 alteram,
1689 4568 1760 4629 volo

163 4657 207 4716 De
222 4651 325 4715 modis
333 4654 537 4716 contrahendi
548 4654 739 4718 Matrimonii
749 4656 806 4718 sub
822 4659 916 4720 variis
971 4655 1155 4718 contrahere
1171 4653 1434 4715 dissolubiliterin
1444 4671 1518 4715 casu
1534 4654 1759 4732 fornicationis

124 4741 354 4804 conditionibus
362 4741 460 4804 videri
472 4746 574 4822 potest
584 4743 679 4806 etiam
689 4747 798 4807 Avens
810 4757 912 4828 peccet.
971 4761 1045 4822 crgo
1060 4740 1292 4818 Matrimonium
1315 4739 1386 4802 Titii
1406 4741 1509 4820 potius
1524 4741 1582 4803 suit
1596 4742 1763 4804 indissolu-

123 4834 234 4906 5‚rect.
251 4833 281 4892 o.
467 4825 483 4838 ‘
969 4829 1042 4905 bilc,
1073 4846 1167 4910 quam
1195 4827 1384 4890 dissolubile.
1414 4827 1507 4890 Prot.
1539 4847 1651 4910 conseq.
1677 4832 1761 4890 lotor

65 4939 98 4985 aar
165 4916 272 4992 Onon.
288 4920 340 4980 35.
355 4951 395 4964 -
411 4915 491 4992 Ouid
512 4916 667 4980 dicendum
688 4920 729 4980 sit
750 4919 787 4982 de
808 4919 915 4984 Matri·
970 4917 1049 4979 duas
1072 4917 1259 4979 intentiones
1283 4917 1336 4977 illa
1359 4916 1488 4978 sortitur
1510 4919 1666 4993 ellectum,
1690 4937 1760 4998 quan

124 5003 313 5088 mom'oqnod
325 5003 913 5087 acatholicmcootrckitsubconditione,
969 5005 1137 5086 praevalet3
1163 5004 1218 5066 scd
1242 5005 1392 5084 praevalet
1417 5004 1521 5083 prior,
1548 5022 1617 5084 qnae
1641 5023 1679 5064 cx
1702 5025 1759 5068 sno

123 5093 151 5154 ei
161 5093 270 5176 conjnx
288 5100 404 5154 monent
417 5091 518 5175 fidelis
529 5097 544 5153 ?
557 5095 653 5156 Casus
667 5099 771 5174 potest
783 5095 828 5157 sic
842 5115 915 5175 pro·
968 5093 1063 5154 modo
1079 5091 1226 5153 tendendi
1241 5097 1288 5154 εει
1302 5092 1402 5171 magis
1417 5090 1611 5166 universalia,
1624 5110 1710 5171 ergo.
1728 5099 1757 5154 9.

125 5180 225 5260 poni:
254 5180 355 5242 Titius
383 5177 446 5242 ritu
473 5181 669 5244 Calvinistico
698 5188 915 5246 contracturus
969 5179 1111 5242 Conditio
1136 5181 1279 5258 apposita
1300 5184 1410 5242 contra
1428 5177 1634 5239 substantiam
1652 5179 1759 5241 Matri-

126 5268 359 5331 Matrimonium
379 5285 452 5328 cum
475 5268 566 5346 Titia,
596 5269 729 5332 intendit
756 5291 912 5352 expresse,
970 5266 1066 5328 monii
1087 5271 1161 5330 tunc
1182 5268 1283 5328 solnm
1304 5267 1392 5328 vitiat
1411 5269 1616 5341 contractum,
1633 5265 1758 5344 quando

127 5356 277 5436 (quamvis
296 5355 470 5420 intentione
491 5363 595 5418 mente
618 5363 788 5436 reservato,
805 5361 849 5422 nti
865 5379 915 5421 so·
969 5359 1101 5435 uterquc
1125 5355 1280 5417 consentit
1302 5355 1334 5414 in
1358 5352 1595 5433 appositionem,
1621 5371 1684 5413 non
1705 5371 1758 5414 an·

127 5445 187 5506 lent
208 5444 369 5508 reformati
396 5445 561 5526 doctiores)
584 5446 628 5506 sic
656 5448 852 5526 contrahere,
884 5453 915 5508 et
969 5455 1044 5518 torn,
1061 5444 1085 5504 si
1101 5444 1180 5504 alter
1194 5441 1397 5518 contradicat,
1414 5444 1469 5503 aut
1482 5445 1594 5516 taceat,
1611 5439 1758 5522 quiahoc
