4012 6354
322 580 381 678 666
633 609 655 674 s

322 755 517 852 6666666666
535 769 642 848 61616661
661 772 835 861 6616666666,
852 795 986 860 debetque
1008 795 1115 847 vacatio

323 867 457 918 verificari
465 871 586 931 tempore
601 867 684 928 bata,
696 871 723 916 61
734 865 889 918 1666611616
900 867 1008 932 probari
1017 879 1094 930 posse
1108 883 1115 916 6

322 939 398 1002 qaod
412 938 436 987 si
450 936 613 990 6666661666
627 951 682 991 non
697 943 784 1000 vacet,
808 938 889 991 sicuti
908 940 1049 1004 narratum
1066 941 1115 998 est,

321 1008 408 1072 gratia
422 1007 561 1068 66166116,
575 1021 592 1057 6
608 1019 636 1057 6.
656 1008 711 1058 661.
737 1008 822 1058 Etiam
836 1009 940 1058 narrari
961 1007 1041 1058 debet
1058 1021 1116 1056 mo·

328 1079 384 1130 6666
397 1090 452 1142 qun
466 1082 553 1140 vacat,
577 1079 627 1130 sub
645 1091 724 1142 prena
740 1079 881 1139 nullitatis,
897 1079 949 1128 nist
964 1077 1117 1130 conteratur

324 1148 563 1208 exdevoletione,
588 1149 662 1212 quod
677 1147 705 1198 tn
724 1147 808 1200 Gellia
831 1149 890 1200 6666
911 1163 979 1212 opus
993 1161 1048 1198 non
1067 1151 1115 1209 est,

321 1231 351 1269 6.
366 1219 521 1284 6661611666
535 1218 650 1282 exprimi
666 1218 748 1270 66661
762 1232 860 1270 nomen
876 1219 960 1282 illius,
979 1233 1026 1283 per
1040 1219 1116 1282 66166

321 1297 430 1346 cessum
449 1289 493 1342 vel
507 1289 647 1340 decessum
662 1292 737 1340 vacat
748 1308 755 1349 ς
768 1292 832 1340 item
857 1303 956 1340 nomen
971 1289 1057 1340 suncti
1082 1289 1117 1340 is·

322 1359 378 1410 1166
388 1360 528 1422 aurete,
538 1360 567 1416 tu
583 1371 635 1424 qua
652 1364 693 1416 est
704 1359 867 1413 Beneficium
879 1379 886 1422 ς
898 1361 962 1412 item
978 1361 1115 1422 btoeeests,

323 1429 354 1482 16
366 1435 422 1494 666
439 1433 489 1492 661,
509 1429 626 1484 maxime
644 1433 846 1494 autemnomen
865 1432 1042 1496 supplicantis
1059 1432 1116 1481 sive

322 1499 506 1564 impetrantis,
516 1513 546 1552 6,.
560 1501 615 1552 631.
626 1500 713 1554 Etiam
728 1500 865 1551 ordinarie
880 1501 1018 1566 subpoens
1032 1501 1116 1552 nulli-

320 1571 387 1622 tatts
407 1570 565 1634 supplicent
582 1582 692 1620 6666666
711 1569 792 1620 66661
814 1573 933 1621 mentem
957 1573 1116 1634 vacationis,

321 1653 348 1692 6.
361 1642 419 1700 636.
437 1641 528 1694 littam
543 1653 651 1692 narrare
662 1640 753 1702 debet,
768 1642 790 1690 si
802 1641 967 1692 6666666666
981 1643 1016 1692 661
1030 1655 1116 1692 66666-

321 1716 413 1762 vatam
435 1711 479 1761 vel
492 1710 620 1770 allectum
629 1725 646 1760 a
657 1713 729 1776 Papa
742 1731 749 1772 t
761 1713 825 1762 item
837 1726 946 1764 causam
960 1714 1116 1774 amotionis,

321 1783 345 1832 si
367 1786 445 1846 petat
463 1782 535 1834 16666
556 1781 733 1836 Beneficium.
750 1782 864 1842 Quodsi
888 1785 961 1846 petat
978 1782 1116 1834 66666616-

320 1850 384 1916 lenp,
400 1860 433 1904 66
447 1851 520 1916 qnod
540 1852 569 1902 66
582 1852 644 1914 6166
657 1851 812 1915 provisione
827 1864 882 1901 666
898 1853 1117 1904 essetobscrvuta

320 1921 407 1973 torma
422 1921 592 1990 1616161966
612 1922 709 1972 Vastis
726 1925 777 1982 est,
794 1923 816 1971 st
832 1922 883 1972 hoc
901 1927 1001 1982 narret,
1017 1938 1044 1973 6.
1060 1926 1115 1974 639.

322 1991 545 2052 6166661666
559 1993 619 2056 6166
633 1996 739 2052 certum
761 1995 900 2058 competat
919 1991 1046 2044 Beneficii
1070 2007 1118 2056 per

320 2061 504 2124 mirationem,
521 2062 691 2124 electionem,
703 2064 951 2126 praesentationem,
967 2064 994 2112 66
1005 2076 1115 2114 narrare

320 2132 417 2196 debet,
429 2133 505 2190 item.
525 2133 627 2184 aialter
642 2133 679 2184 sit
694 2135 720 2184 66
738 2133 907 2200 possessione
919 2133 1047 2184 Beneficii
1063 2134 1115 2184 sal-

271 2219 273 2222 ·
333 2215 377 2256 666
389 2202 509 2259 colorata
519 2206 547 2260 et
560 2194 617 2254 6616
629 2203 712 2254 616666
723 2203 803 2264 16616,
818 2203 844 2254 66
856 2195 993 2254 ordinarie
1007 2216 1115 2254 narrare

340 2273 545 2334 6666666ιί66
559 2273 581 2324 66
606 2272 673 2324 61166
683 2327 687 2336 ,
696 2273 863 2324 deterruisset
872 2287 920 2338 per
934 2287 1048 2336 annum,
1062 2273 1115 2324 nisi

318 2345 377 2408 iam
389 2344 550 2406 dimisisset,
565 2357 594 2395 6.
609 2346 664 2396 619.
680 2345 767 2396 Etiam
778 2359 886 2396 narrare
896 2345 978 2396 debet
992 2346 1067 2396 litem
1083 2345 1116 2396 de

321 2415 456 2486 Beumtclo
472 2416 571 2477 111666,
589 2417 612 2466 66
633 2415 778 2482 impetrare
796 2416 890 2466 volens
907 2417 1044 2480 possident
1058 2417 1115 2468 sine

321 2483 402 2536 titulo
419 2485 461 2535 vel
477 2499 525 2550 per
539 2486 731 2542 intrusionem.
742 2501 768 2537 n.
778 2489 833 2538 611.
851 2489 937 2537 Etiam
949 2501 1056 2538 narrare
1068 2488 1115 2537 de·

321 2556 378 2618 bet,
396 2557 418 2606 66
433 2555 532 2608 habeat
544 2556 619 2607 aliud
636 2557 810 2618 6666661666,
826 2559 908 2608 etiam
924 2561 1013 2616 tenue,
1030 2561 1056 2608 et
1070 2557 1116 2608 ad·

321 2627 384 2682 dere
398 2625 490 2688 debet,
501 2639 536 2676 66
551 2627 587 2675 611
604 2625 738 2688 curatum,
756 2627 820 2676 ttem
844 2641 879 2678 an
894 2628 992 2679 babeat
1006 2630 1115 2693 pensio·

321 2693 386 2746 6616
401 2693 431 2744 16
446 2695 568 2758 titulum,
579 2698 606 2746 et
622 2697 731 2762 666666
745 2699 851 2747 ratione
866 2700 1035 2762 paupertatis
1049 2699 1117 2763 petit

320 2756 593 2830 aliudlten'etlctum,
604 2767 683 2830 66616
698 2767 797 2818 babeat
812 2769 1007 2831 patrimonium
1020 2787 1027 2829 t
1039 2770 1115 2830 item,

320 2841 357 2888 66
370 2835 471 2888 hebeat
482 2837 709 2905 presumentem,
724 2841 786 2902 etc,
796 2851 824 2888 6.
839 2840 894 2890 cle.
915 2839 1002 2889 littam
1020 2840 1114 2903 expri-

321 2901 396 2964 mere
415 2903 496 2957 66661
510 2906 630 2970 valorem
645 2905 852 2972 Beneficiorum,
868 2919 927 2972 que
953 2910 1013 2961 vult
1033 2909 1115 2960 simul

321 2973 433 3052 11616666.
449 2977 479 3027 16
493 2977 632 3041 Hispania,
647 2979 741 3040 Gallia,
757 2983 785 3029 et
794 2981 936 3030 Germania
950 2985 1043 3031 minen
1057 2981 1115 3032 661-

320 3045 381 3122 6661
395 3048 557 3111 exprimere,
582 3059 638 3099 non
660 3050 791 3101 excedere
814 3049 978 3102 6616666661
1003 3053 1117 3102 666616-

319 3121 383 3177 runt
407 3118 558 3170 6666661666
581 3130 754 3171 communem
773 3122 992 3180 estimationem,
1012 3137 1039 3172 n.
1059 3125 1114 3174 613.

319 3187 350 3240 Si
375 3189 532 3260 promiserit
559 3191 696 3254 resignare
727 3191 894 3242 Beneficium
921 3193 1114 3256 praehabitum,

317 3259 509 3328 promissionis
529 3260 611 3325 66166
635 3261 813 3328 probabiliter
836 3262 1005 3314 mentionem
1029 3263 1115 3315 166666

321 3329 411 3394 tiebat,
424 3331 614 3382 6616616666
627 3333 842 3394 666666666661,
854 3333 877 3382 66
887 3335 1114 3399 babeataltquam

318 3383 767 3524 trististristis*
788 3403 1115 3539 aestuasset

317 3541 430 3606 'proprio
446 3542 618 3606 concedatur,
633 3553 688 3594 666
703 3545 834 3606 6616666,
850 3549 881 3593 ut
895 3545 1064 3597 mentionem
1076 3545 1115 3595 ta·

317 3611 377 3660 *ciat
390 3609 424 3661 66
437 3609 580 3662 66666666
594 3611 722 3676 66166166,
737 3626 763 3663 6.
775 3615 827 3664 615.
845 3614 932 3664 Etiam
947 3629 1055 3666 narrare
1065 3616 1113 3666 da·

317 3675 433 3752 661666
455 3693 535 3748 paena
551 3681 694 3744 6611116166,
710 3685 731 3733 61
750 3682 861 3747 aliquod
876 3681 1003 3736 Ecclesiae
1027 3689 1113 3736 statu-

318 3753 380 3800 tum
395 3749 483 3801 obstet
497 3751 680 3816 impetrationt
695 3753 767 3817 apud
782 3750 882 3816 Papam
906 3767 933 3809 6.
948 3757 1002 3806 ass.
1023 3757 1050 3808 St
1065 3757 1115 3806 att-

322 3817 387 3884 6616
397 3819 525 3886 supplicae
536 3819 635 3870 toleret
644 3831 698 3871 non
709 3820 811 3872 tacteus
824 3821 857 3870 ad
869 3824 1050 3876 substantiam
1063 3826 1115 3886 rei,

321 3892 371 3938 nec
381 3887 516 3956 attingens
524 3899 633 3941 causam
643 3890 748 3953 gratim,
760 3889 878 3942 licetboc
889 3891 955 3942 16166
967 3895 1113 3958 exprimat,

321 3958 488 4026 probabilius
502 3971 557 4010 666
571 3961 652 4011 vitiat
664 3962 846 4026 Rescriptum,
862 3976 890 4013 n.
910 3965 965 4014 611.
988 3965 1015 4016 St
1031 3965 1114 4029 impe·

321 4029 471 4094 1666666111
488 4041 535 4094 per
552 4030 720 4094 Rescriptum
735 4031 764 4080 16
782 4031 868 4082 torma
885 4034 1016 4096 gratiosa,
1034 4035 1115 4086 debet

321 4101 428 4150 mittere
440 4099 627 4151 testimonium
638 4101 796 4152 idoneitatis
804 4103 927 4154 dandum
936 4105 972 4154 66
983 4106 1114 4168 Episcopo

322 4169 444 4232 origtms,
459 4169 532 4234 quod
557 4183 612 4220 non
627 4172 786 4236 requiritur,
802 4173 826 4223 si
842 4174 1013 4238 Rescriptum
1035 4176 1115 4227 detur

323 4240 352 4291 tn
370 4236 593 4305 lorm'eva'gaam,
615 4253 643 4291 n.
667 4241 721 4293 613.
746 4243 809 4294 Haec
833 4245 904 4294 61616
927 4247 1113 4308 requiruntur,

323 4311 432 4373 666666
447 4311 614 4361 6666666666
636 4324 652 4361 a
676 4314 747 4377 Papa
770 4313 941 4378 impetratur,
956 4329 1023 4378 non,
1037 4317 1060 4366 si
1079 4317 1114 4370 ab

322 4381 474 4434 ordinario.
491 4393 518 4431 6.
537 4383 591 4433 619.
606 4383 635 4434 81
650 4381 712 4446 quis
733 4385 893 4448 supplicarit
915 4399 963 4451 pro
988 4386 1114 4438 habendo

289 4501 295 4512 ,
322 4446 456 4503 66666616
471 4455 599 4514 tanquam
609 4456 720 4503 vacante
736 4467 784 4516 per
797 4459 924 4518 mortem,
937 4469 997 4507 cum
1008 4471 1114 4520 possea·-

322 4533 368 4572 sor
379 4521 469 4572 adbuc
487 4522 601 4584 viveret,
623 4517 777 4585 impetratio
792 4527 834 4575 est
857 4525 943 4587 irrita,
963 4539 990 4576 o.
1011 4529 1066 4578 661.
1085 4528 1114 4580 St

311 4591 401 4654 'ptura
415 4591 564 4655 impediant
576 4592 692 4656 gretiam
704 4592 883 4644 obtinendam
897 4595 1007 4658 6616611,
1023 4610 1070 4660 per
1085 4611 1112 4647 se

322 4662 468 4726 loquendo,
481 4663 587 4726 singula
602 4677 649 4727 per
662 4665 783 4714 diverses
800 4667 937 4730 supplicas
952 4669 1070 4730 narrari,
1086 4672 1114 4722 61

323 4743 371 4796 per
386 4731 491 4782 diversa
500 4732 637 4797 Rescripta
650 4733 812 4799 dispensari,
828 4737 881 4787 nisi
895 4740 1014 4801 gravitas
1029 4741 1114 4790 unius

322 4804 455 4863 augeatur
469 4814 517 4864 per
532 4801 656 4864 alterum,
668 4803 712 4852 vel
726 4817 782 4855 non
803 4806 869 4855 satis
886 4807 1017 4869 explicari
1029 4811 1115 4872 possit

315 4869 382 4920 66666
404 4870 499 4932 aliero,
514 4871 550 4922 66.
570 4872 601 4921 16
614 4871 737 4936 supplica
764 4887 811 4938 pro
833 4874 1034 4940 dispensatione
1059 4891 1114 4930 non

323 4939 475 4998 necessario
489 4940 639 5000 debetflert
654 4943 757 4993 mentio
774 4944 985 5008 dispensationis
999 4949 1114 5000 antebac

311 5009 352 5060 .tn
370 5008 463 5060 eadem
477 5009 589 5072 materis
609 5015 722 5074 negaba,
743 5012 952 5077 dispensationis
971 5018 1062 5068 autem
1079 5018 1113 5067 ad

321 5080 448 5202 Ι6366661666
461 5079 544 5204 66661
558 5080 676 5133 obtentas
690 5079 868 5146 probabiliter
878 5085 982 5136 mentio
991 5087 1050 5137 fleri
1065 5087 1112 5138 de-

341 5153 378 5212 es,
405 5151 451 5212 .t,
467 5153 526 5214 aa
546 5154 569 5202 6.

317 5262 321 5274 .
353 5220 611 5285 supplicamento
633 5223 668 5273 sit
692 5223 742 5275 sub
765 5225 982 5291 velobreptttta‚
1001 5228 1112 5291 etquid

313 5292 388 5344 ,1666
404 5295 540 5354 operetur,
559 5291 591 5344 V.
612 5293 782 5360 aesopum,
796 5297 964 5361 Dispensatto,
985 5295 1115 5350 61666616.

305 5405 310 5416 .
322 5361 416 5487 666οῶ
420 5361 449 5415 16
467 5363 763 5487 616116666666616666
777 5367 887 5431 666666
901 5368 1037 5431 quomodo
1052 5381 1113 5420 cor·

322 5443 378 5495 rufi
420 5445 475 5494 mm
497 5465 506 5496 6
544 5447 619 5500 Νᾳτῑ
645 5479 651 5502 t
720 5485 733 5498 ιι
876 5485 886 5501 ,¹

352 5500 384 5558 16
399 5501 521 5570 supplica
537 5490 575 5555 ‘ad
590 5475 783 5560 6666166666
804 5521 861 5562 666
880 5505 920 5562 e'at
938 5523 1006 5575 opas
1025 5510 1112 5573 exon·

975 605 1097 675 tubex
1118 607 1292 676 1168111161.
1616 601 1638 669 8

1171 807 1245 846 mere
1260 807 1324 845 vera
1338 793 1450 847 6666666
1466 793 1614 853 oratorum,
1631 791 1676 842 sed
1695 793 1784 854 potest
1802 790 1853 841 dict
1865 789 1940 852 'titios
1991 803 1992 812 ¹

1170 860 1242 927 cais,
1258 869 1309 916 etc.
1328 867 1380 916 Nec
1395 878 1462 929 opus
1477 866 1518 912 est
1532 863 1686 928 exprimere
1702 862 1842 912 btoecesim
1861 861 1896 910 vel
1912 861 1942 909 ia·
1990 861 1992 920 ζ

1170 950 1231 991 cum
1256 934 1370 1000 originis
1388 937 1516 999 ipsorum,
1540 934 1586 984 sed
1610 934 1677 984 satis
1694 937 1748 993 est,
1770 935 1792 983 st
1814 935 1881 996 petat
1895 931 1943 980 Res·

1172 1007 1290 1070 criptum
1315 1007 1405 1072 dirigi,
1430 1021 1455 1054 v.
1479 1019 1504 1069 g.
1529 1005 1670 1056 Coloniam
1694 1005 1726 1054 ad
1751 1007 1852 1055 Patrem
1870 995 1942 1066 16661

1170 1077 1259 1126 166661
1282 1075 1394 1138 oratori,
1418 1079 1444 1126 et
1468 1080 1560 1126 orator
1583 1076 1665 1140 eliget
1688 1075 1890 1136 Confessartum,
1908 1073 1942 1136 qul

1172 1151 1344 1212 assequatur,
1361 1145 1378 1195 l.
1394 1147 1420 1207 6,
1433 1160 1458 1209 p.
1476 1149 1500 1206 1,
1515 1159 1542 1194 6.
1558 1147 1612 1196 653.
1991 1187 1992 1198 .

1202 1212 1372 1282 Sappltcuns,
1392 1215 1413 1266 si
1430 1217 1544 1276 interea,
1560 1219 1671 1279 argente
1686 1217 1821 1280 praecepto
1839 1215 1942 1266 coniter-
1990 1213 1992 1280 1

1171 1289 1216 1346 tor
1239 1289 1266 1335 et
1289 1285 1447 1336 absolvatur
1468 1287 1503 1336 ab
1526 1286 1942 1350 66666166616616166661666666
1991 1313 1992 1332 t

1170 1359 1307 1408 reservata
1323 1359 1502 1418 6166666666,
1517 1361 1605 1421 potest
1624 1371 1684 1406 curn
1708 1356 1863 1407 rationabili
1883 1367 1943 1404 66666
1991 1417 1992 1424 1

1173 1430 1315 1490 expectare
1338 1426 1373 1476 ad
1396 1427 1578 1489 quodcunque
1599 1429 1716 1490 tempus,
1734 1430 1762 1476 61
1786 1430 1842 1476 turn
1859 1425 1943 1488 eligere,
1991 1473 1992 1488 ,

1172 1497 1218 1560 qut
1235 1509 1326 1546 secum
1340 1493 1486 1560 dispenset,
1503 1511 1529 1546 n.
1544 1497 1599 1546 959.
1991 1519 1992 1528 ¹

1377 1610 1574 1664 SUPPRESSlO
1594 1609 1765 1660 sasamon.
1991 1639 1992 1696 1

1204 1703 1364 1768 Suppressio
1382 1700 1509 1753 66666661
1526 1703 1567 1750 661
1581 1700 1712 1750 extinctio
1726 1700 1821 1762 Tituli,
1832 1711 1943 1764 perquam
1991 1699 1992 1740 ἕ

1174 1760 1338 1824 beneficium
1359 1773 1470 1832 desinit,
1489 1784 1549 1835 quae
1571 1774 1658 1834 potest
1679 1784 1737 1820 esse
1753 1769 1900 1835 temporalis
1913 1767 1943 1818 vel

1173 1848 1314 1907 perpetua,
1330 1843 1347 1892 1.
1363 1845 1387 1905 1,
1403 1856 1430 1892 n.
1447 1843 1502 1891 295.
1523 1841 1557 1890 Ea
1574 1841 1689 1902 rcqartrtt
1713 1853 1825 1888 causam
1847 1851 1944 1887 necesse·
1991 1905 1992 1908 1

1172 1915 1251 1974 riam,
1267 1927 1328 1978 quae
1344 1912 1481 1976 probanda
1498 1914 1551 1972 est;
1567 1912 1630 1961 item
1646 1909 1845 1970 solemnitates,
1858 1909 1943 1970 etc,tb
1991 1909 1992 1952 ἶ

1172 1983 1345 2048 Supprimere
1361 1996 1417 2032 non
1435 1985 1523 2047 potest
1538 1981 1609 2032 elias
1626 1981 1760 2045 Episcopo
1780 1981 1893 2044 66166666,
1905 1980 1943 2030 nist
1990 1995 1992 2070 1

1172 2067 1220 2120 per
1236 2055 1310 2104 vtem
1324 2054 1444 2116 unionis,
1461 2051 1497 2102 ib.
1990 2083 1992 2112 ,

1393 2167 1592 2228 subobsitus,
1613 2167 1751 2219 SURDUS.

1203 2255 1355 2319 surdaster,
1376 2255 1403 2307 id
1419 2259 1467 2317 est,
1483 2257 1529 2320 quat
1554 2267 1610 2306 non
1634 2261 1675 2306 661
1698 2253 1944 2320 praeseminaret
1990 2273 1992 2310 i

1170 2327 1290 2389 graviter
1308 2327 1423 2376 audiens
1442 2326 1485 2376 vel
1499 2327 1584 2377 altera
1598 2330 1706 2376 tantum
1721 2339 1792 2376 aure
1806 2327 1895 2378 surdus
1906 2329 1943 2382 est,
1990 2317 1992 2400 1

1172 2409 1227 2446 666
1246 2400 1286 2446 661
1304 2395 1467 2459 irregularis,
1479 2401 1506 2447 61
1522 2395 1643 2446 ordinari
1656 2400 1754 2459 potest.
1766 2397 1863 2447 surdus
1874 2397 1944 2444 66166
1991 2409 1992 2462 i

1170 2467 1342 2532 probabilius
1356 2470 1396 2516 est
1411 2467 1577 2530 irregularis,
1592 2465 1609 2517 1.
1625 2470 1650 2530 l,
1665 2482 1692 2518 n.
1706 2469 1764 2518 5⁰2.
1991 2465 1992 2470 ’

1203 2537 1308 2587 Surdus
1321 2537 1425 2586 absolvi
1440 2537 1529 2598 debet,
1541 2537 1563 2586 si
1579 2551 1665 2586 unum
1682 2542 1732 2587 aut
1745 2538 1860 2588 alterum
1873 2549 1945 2598 perca·

1170 2611 1229 2658 tum
1244 2605 1417 2667 indicaverit,
1434 2607 1455 2656 st
1472 2607 1563 2656 666616
1578 2607 1716 2670 expltmre
1731 2621 1788 2658 non
1807 2609 1895 2672 possit,
1906 2603 1943 2654 nisi
1991 2647 1992 2652 ,

1170 2677 1272 2741 scripto
1295 2689 1326 2726 ca
1351 2677 1479 2727 exhibere
1504 2677 1599 2740 possit,
1620 2677 1668 2727 166.
1692 2681 1718 2728 6.
1739 2677 1943 2742 1666661116

1171 2748 1266 2800 866616
1283 2747 1463 2809 suadendum,
1478 2750 1509 2797 61
1525 2747 1708 2799 confiteantur
1725 2751 1873 2814 6661ρ16,6.
1891 2749 1943 2797 titt

1171 2819 1258 2870 Sardo
1273 2823 1301 2869 et
1315 2822 1419 2868 mutos
1435 2818 1577 2867 nativitate
1597 2818 1763 2869 communio
1785 2819 1842 2870 dari
1865 2819 1942 2882 potesta

1171 2890 1194 2939 st
1210 2889 1279 2940 sciat
1291 2889 1364 2939 hunc
1379 2889 1472 2939 cibum
1486 2902 1502 2937 a
1517 2889 1630 2950 prolana
1641 2891 1823 2952 distinguere,
1834 2900 1937 2939 nonrero
1991 2933 1992 2952 ἶ

1171 2960 1194 3010 61
1218 2958 1300 3009 simul
1324 2959 1406 3009 ettam
1429 2973 1444 3008 a
1464 2960 1608 3010 nativitate
1623 2973 1711 3012 666666
1726 2961 1819 3024 luerit,
1834 2959 1850 3010 1.
1862 2961 1883 3021 6,
1896 2961 1944 3022 pb
1991 2965 1992 3020 l

1170 3043 1198 3081 n.
1214 3031 1269 3093 181,
1284 3031 1338 3081 663.
1354 3031 1385 3082 V.
1402 3031 1490 3081 Homo.
1991 3027 1992 3034 ’

1464 3147 1678 3198 8066066610.

1203 3235 1359 3298 Surrogotio
1374 3238 1423 3296 est,
1439 3236 1461 3285 st
1478 3249 1548 3286 unus
1567 3236 1794 3300 colltttgantium,
1809 3235 1849 3286 vel
1868 3234 1943 3297 aliquis
1989 3237 1991 3300 1

1171 3305 1267 3354 1661666
1291 3306 1319 3352 66
1340 3305 1402 3368 lura
1426 3306 1468 3355 vel
1490 3306 1524 3356 ad
1546 3307 1600 3369 166,
1617 3306 1690 3370 quod
1713 3306 1829 3356 forsitan
1846 3303 1942 3356 eruin
1989 3303 1991 3354 1

1170 3373 1243 3424 61616
1267 3375 1401 3427 66666666
1424 3377 1564 3440 competit,
1588 3383 1756 3440 surrogetur,
1784 3377 1942 3439 616,1.1,1

1170 3458 1198 3494 6.
1215 3447 1269 3496 531.
1282 3446 1318 3495 lia
1332 3446 1502 3506 conceditur,
1517 3449 1547 3495 ut
1562 3445 1623 3495 lites
1637 3450 1827 3510 amputentur,
1838 3451 1863 3498 et
1870 3445 1940 3496 rebe

1169 3515 1265 3565 666666
1280 3516 1326 3564 dtu
1342 3520 1450 3576 vacent,
1460 3529 1489 3564 n.
1499 3518 1553 3566 536.
1565 3517 1615 3566 Per
1628 3521 1849 3580 surrogationem
1861 3515 1937 3566 666666

1171 3584 1201 3634 tlt
1211 3585 1940 3648 injuria,etsurrcgatuscontinuatpoasessionem,aaa=
1989 3641 1990 3648 ,

1169 3650 1265 3708 babuit
1277 3653 1431 3717 defunctus,
1446 3656 1500 3708 nist
1516 3657 1611 3706 tertius
1626 3657 1728 3719 aliquis
1744 3657 1849 3708 interea
1863 3665 1938 3721 possse
1988 3669 1990 3710 t

1169 3727 1272 3775 etonem
1288 3726 1400 3789 ceperit,
1416 3739 1443 3774 6.
1459 3728 1514 3776 531.
1530 3728 1688 3789 Surrogstto
1703 3727 1763 3778 dari
1781 3728 1850 3778 solet
1862 3735 1939 3790 supere

1169 3795 1213 3845 1616
1228 3795 1390 3859 colltttganti
1408 3795 1450 3845 vel
1465 3809 1499 3846 ex
1514 3797 1712 3859 reservatione,
1726 3797 1771 3847 vel
1788 3813 1823 3848 ea
1838 3798 1881 3848 lite
1894 3797 1943 3857 ipat,

1169 3878 1197 3916 n.
1222 3865 1276 3914 536.
1302 3863 1341 3913 nd
1365 3877 1426 3914 eam
1449 3867 1659 3928 praerequtrttur
1681 3864 1716 3915 lte
1738 3865 1860 3930 legitime
1880 3867 1941 3913 1666
1989 3905 1990 3932 ,

1168 3933 1262 3995 ducta,
1278 3937 1339 3994 616,
1354 3947 1381 3982 6.
1396 3935 1451 3983 611.
1464 3935 1498 3984 Ea
1514 3934 1572 3982 fleri
1589 3937 1708 3998 potesta
1726 3938 1811 3999 Papa,
1822 3930 1942 3992 ettam,ubi
1989 3933 1990 3966 1

1169 4004 1203 4054 166
1217 4004 1366 4067 tuttsuper
1380 4004 1436 4054 solo
1454 4005 1629 4067 possessorio,
1651 4019 1713 4068 quse
1735 4009 1830 4057 166666
1847 4017 1894 4056 666
1906 4003 1942 4052 66·
1989 4001 1990 4062 g

1169 4075 1245 4138 pedit
1268 4075 1439 4126 ordinarium
1460 4075 1503 4126 vel
1524 4078 1684 4139 Patronum,
1708 4077 1856 4139 quominus
1875 4071 1941 4138 pmii·
1988 4093 1989 4142 i

1169 4144 1241 4204 deat,
1258 4149 1319 4206 616,
1334 4159 1362 4196 6.
1377 4146 1430 4194 ita.
1450 4146 1477 4196 Si
1502 4159 1573 4196 unus
1592 4145 1807 4208 colltttgantium
1831 4147 1941 4198 1666661166

1167 4217 1306 4278 superstes
1321 4216 1404 4265 etiarn
1418 4215 1453 4264 66
1466 4215 1609 4266 ordinario
1619 4217 1759 4279 surrogari
1770 4221 1866 4282 potest,
1875 4211 1941 4265 6111

1169 4285 1392 4347 Asurrogationa
1407 4285 1562 4337 excluditur
1577 4287 1713 4346 intrususa
1729 4286 1811 4348 item,
1823 4287 1866 4350 qui
1880 4287 1941 4336 6666·

1164 4354 1262 4405 dotum
1276 4355 1392 4405 viventis
1408 4356 1573 4419 impetravit,
1587 4359 1619 4407 ut
1633 4370 1666 4408 eo
1680 4361 1794 4408 mortuo
1810 4358 1942 4408 lectitasse·

1173 4425 1349 4488 brogaretur;
1365 4425 1441 4486 item,
1456 4426 1478 4475 st
1493 4426 1540 4476 1616
1556 4427 1692 4490 pendente
1707 4429 1842 4478 moriatur
1854 4421 1941 4486 6116666

1170 4508 1218 4558 per
1244 4495 1374 4545 trienium
1397 4495 1507 4558 pacifice
1530 4497 1695 4560 possederat,
1728 4499 1878 4563 coliittgaus
1910 4507 1941 4545 su·

1171 4565 1279 4628 brogari
1302 4579 1357 4615 non
1376 4569 1475 4630 potest,
1491 4571 1552 4628 etc,
1567 4581 1582 4615 6
1598 4580 1625 4616 6.
1640 4569 1695 4618 eta.
1711 4569 1751 4618 16
1772 4581 1832 4618 eam
1844 4567 1942 4618 6616666·

1168 4636 1232 4685 dam
1255 4635 1362 4686 nullum
1386 4641 1495 4698 tempus
1517 4637 1681 4700 colltttganti
1705 4643 1748 4688 cst
1771 4639 1939 4702 prescriptae

1169 4717 1197 4755 n.
1212 4707 1266 4755 515.
1282 4706 1310 4756 81
1325 4719 1356 4755 ea
1371 4719 1499 4756 concessa
1514 4707 1551 4756 sit
1563 4705 1646 4758 altcut
1656 4709 1758 4769 Ι166166,
1775 4714 1802 4760 61
1818 4707 1941 4770 collibeat!

1169 4788 1229 4825 eam
1244 4779 1318 4837 petat
1334 4775 1403 4825 inira
1418 4789 1539 4827 mensem
1552 4776 1588 4826 ab
1603 4777 1798 4840 impetratione
1811 4779 1941 4828 veteomm

1169 4845 1245 4894 stone
1266 4843 1335 4894 iacta
1356 4845 1447 4906 tertio,
1466 4844 1522 4895 666
1546 4846 1626 4897 166166
1647 4845 1719 4898 iacta
1738 4843 1940 4907 6666616666166,

1169 4915 1206 4965 66.
1229 4916 1265 4964 Ea
1287 4916 1369 4964 ettam
1392 4913 1524 4966 6616666
1545 4916 1753 4979 possessionem,
1774 4917 1845 4982 qrrod
1865 4915 1939 4966 66161

1168 4983 1270 5034 6666166
1293 4985 1444 5045 surrogatis
1467 4984 1585 5046 gratiosa
1608 4997 1669 5048 quae
1692 4999 1820 5050 magnam
1839 4989 1886 5034 rin
1903 4983 1941 5030 br·

1168 5054 1225 5116 661,
1240 5057 1302 5114 etc„
1316 5067 1333 5103 a
1347 5065 1374 5102 6.
1385 5055 1438 5104 516.
1451 5055 1479 5105 81
1494 5055 1647 5105 exsecutori
1662 5055 1884 5118 66666666166,61
1895 5064 1941 5102 sar·

1167 5129 1252 5188 roget,
1267 5124 1369 5178 dicitur
1383 5127 1513 5188 rigorose,
1528 5137 1588 5188 quas
1604 5125 1733 5190 pluribus
1748 5121 1937 5191 indigetaiii·

1167 5195 1267 5258 Regula
1297 5195 1329 5246 de
1357 5196 1530 5260 surrogandts
1558 5211 1615 5246 non
1643 5201 1685 5248 est
1712 5198 1813 5263 ubique
1840 5198 1867 5247 tn
1890 5203 1936 5250 ⁰⁵⁸·

1166 5278 1242 5316 6666.
1257 5267 1312 5316 619.
1968 5262 1975 5279 “

1323 5356 1498 5440 staceario
1516 5357 1665 5410 Pitonius:
1683 5359 1805 5411 euobis.

1198 5441 1338 5508 susceptio
1351 5443 1394 5493 vet
1403 5437 1551 5510 baptizatio
1562 5443 1679 5510 proprie
1689 5447 1774 5510 prolis
1783 5447 1854 5496 extra
1864 5449 1934 5492 casam

1167 5511 1338 5565 necessitatis
1351 5511 1528 5578 probabiliter
1541 5524 1596 5566 666
1612 5515 1729 5582 impedit
1737 5528 1813 5570 usam
1822 5511 1933 5567 maine
