4044 6340
717 549 769 613 DE
796 549 1060 614 MATRIMONIO.
1673 553 1711 614 43

102 733 263 815 inpuberes,
296 736 389 800 valet
424 736 456 798 in
490 736 611 800 ratione
644 738 861 819 sponsalium,
918 742 983 804 lmo
1003 737 1243 819 promissionem
1264 737 1385 801 irritam
1407 755 1474 802 esse
1495 739 1711 804 traduntAbb.

103 824 211 904 quamvis
228 843 389 905 suspensa
407 831 565 905 maneant,
581 831 617 889 ut
637 827 772 891 habetur
786 849 811 892 c.
828 827 864 910 ft·
918 827 1007 889 Alex.
1034 825 1166 888 Auctor.
1191 825 1358 904 Loacellot,
1384 827 1458 908 quia
1486 827 1628 890 similiter
1651 847 1714 890 non

101 911 317 995 aulidcllespons.
332 913 448 996 impet,
462 915 651 979 etc.un.cod.
668 917 864 996 tit.io6,ubi
918 917 1002 978 valet
1025 915 1189 995 promissio
1213 915 1353 977 vacaturi
1377 915 1536 994 Beneficii,
1567 935 1592 979 c.
1620 921 1650 994 9,
1680 915 1716 978 de

102 999 394 1084 nohturretioquia
407 1005 866 1067 moacoorralenttomrrasetur
918 1024 1037 1066 concess.
1065 1004 1159 1086 proed.
1185 1004 1260 1085 quia
1282 1021 1395 1083 nempe
1415 1003 1468 1085 jus
1492 1005 1609 1068 resistit
1632 1005 1714 1087 ejus·

101 1107 154 1158 erre,
166 1099 193 1150 ul
203 1091 225 1151 si
237 1099 320 1152 actos
340 1110 401 1152 noa
421 1093 516 1156 voleat
529 1095 627 1176 quood
641 1095 752 1164 ornata,
769 1105 865 1156 tamen
917 1094 1002 1155 modi
1017 1094 1136 1173 pactis;
1160 1112 1198 1153 ne
1214 1093 1304 1154 detur
1319 1111 1396 1153 ansa
1411 1094 1575 1172 captanus
1589 1094 1710 1172 mortis,

101 1177 177 1239 micul
198 1187 331 1261 questum
355 1188 463 1262 potest,
492 1199 565 1242 cum
589 1183 747 1262 sponsalia
768 1183 864 1244 inclu·
917 1181 955 1243 L.
972 1182 1027 1264 fin.
1044 1182 1078 1261 ff.
1095 1181 1246 1262 depactis.
1262 1181 1381 1242 lisdem
1397 1181 1514 1244 habent
1528 1183 1594 1245 Fill.
1607 1191 1647 1246 tr.
1662 1186 1710 1261 40,

102 1257 194 1328 dan'lm
211 1268 239 1327 in
260 1268 507 1346 Matrimonium,
528 1273 678 1350 tanquam
699 1270 864 1350 imperleo-
914 1289 948 1353 p.
965 1277 995 1342 9,
1012 1291 1042 1331 0.
1061 1274 1130 1347 955,
1148 1274 1179 1331 et
1193 1273 1293 1347 Perey
1307 1269 1336 1329 d.
1354 1272 1403 1346 33,
1428 1289 1451 1332 s.
1477 1273 1507 1348 9,
1533 1289 1563 1333 0.
1581 1275 1610 1333 9.
1634 1272 1714 1334 Hine

102 1359 156 1416 tum
172 1359 198 1416 et
214 1354 391 1418 inchoatum
413 1356 444 1417 iu
465 1357 663 1436 perfectiori3
686 1377 760 1437 ergo
779 1359 865 1420 idem
918 1363 1027 1421 Avers.
1044 1379 1073 1439 q.
1090 1360 1121 1436 8,
1131 1377 1154 1418 s.
1171 1361 1201 1432 5,
1215 1358 1233 1435 ἓ
1246 1358 1367 1424 Rursus,
1386 1356 1471 1434 dicit,
1488 1357 1512 1418 si
1528 1357 1714 1438 conjugatus

102 1445 185 1506 estin
201 1463 278 1514 casu,
295 1445 321 1506 si
341 1445 476 1525 puberes
500 1447 544 1507 sic
568 1448 765 1525 contrahant,
791 1449 865 1528 quia
918 1447 1080 1524 promittat
1108 1445 1231 1506 mulieri
1255 1463 1325 1505 eam
1350 1445 1476 1522 ducere,
1502 1446 1528 1506 si
1551 1465 1609 1508 sua
1636 1465 1715 1509 uxor

100 1533 142 1614 jus
153 1534 303 1613 positivum
322 1535 400 1597 nihil
414 1535 552 1616 disponit
566 1540 676 1598 contra
690 1537 771 1598 hanc
786 1537 865 1600 obli·
918 1537 1081 1614 moriatur,
1098 1553 1161 1596 non
1175 1535 1274 1596 videri
1297 1535 1414 1596 habere
1435 1535 1499 1596 vim
1521 1536 1715 1615 sponsalium

102 1623 311 1703 gationcmluri
329 1624 465 1686 naturali
487 1625 691 1687 conformem.
709 1627 864 1706 Putatque
919 1627 1042 1686 mortua
1065 1643 1173 1702 uxore,
1195 1623 1338 1704 quamvis
1362 1622 1499 1684 insinuet
1521 1641 1611 1704 posse
1636 1626 1715 1687 obli-

102 1713 169 1774 idem
181 1714 247 1775 Gob.
263 1733 282 1776 0
302 1733 334 1775 0.
359 1716 408 1775 44.
425 1714 613 1794 Episcopum
628 1733 720 1794 posse
735 1733 792 1794 pro
808 1734 865 1776 sua
918 1731 993 1792 gare
1008 1731 1065 1792 per
1084 1713 1213 1772 modum
1235 1711 1384 1790 simplicis
1408 1713 1635 1791 promissionis.
1657 1713 1714 1775 llic

103 1800 205 1862 diecesi
220 1801 341 1864 irritare
362 1802 529 1881 sponsalia,
547 1821 617 1884 quae
637 1804 769 1882 posthac
784 1804 865 1865 clam
919 1801 1020 1862 obiter
1040 1799 1224 1879 notandum,
1241 1799 1326 1879 quod
1350 1799 1475 1880 quando
1500 1801 1618 1880 aliquid
1641 1819 1713 1880 pro-

102 1888 243 1962 inircatur3
268 1888 322 1950 sed
347 1890 408 1951 hoc
430 1889 585 1952 incertum
613 1895 671 1967 est,
701 1895 733 1952 et
755 1892 865 1952 saltem
918 1888 1052 1950 mittitur
1078 1886 1137 1946 sub
1165 1886 1342 1947 conditione
1370 1888 1490 1964 mortis,
1521 1888 1714 1968 intelligatur

102 1993 150 2037 non
161 1995 240 2056 posse
258 1977 408 2039 inducere
422 1977 648 2056 impedimenta
660 1979 862 2056 Matrimonii,
918 1995 1003 2037 mors
1019 1975 1180 2051 naturalis,
1198 1979 1230 2036 et
1249 1993 1311 2036 non
1331 1975 1430 2036 civilis
1449 1979 1582 2054 tontum,
1600 1976 1637 2039 L.
1658 1975 1716 2052 Oai

102 2063 192 2127 dicitur
208 2085 235 2127 a.
261 2068 330 2128 544.
356 2068 484 2128 Certum
512 2070 617 2128 autem
645 2067 770 2129 videtur
793 2083 865 2128 oum
918 2063 1040 2141 haeredi,
1065 2065 1079 2140 Ξ
1103 2062 1288 2142 4100400,ίῇ
1312 2061 1348 2124 de
1370 2063 1478 2126 condit.
1505 2074 1531 2125 et
1553 2067 1711 2129 demonstr.

103 2152 201 2217 dullen.
215 2173 320 2234 supra,
336 2154 382 2216 sic
401 2154 621 2216 contrahentes
635 2173 697 2216 nou
712 2155 782 2216 ideo
797 2153 864 2215 fieri
918 2171 1003 2213 mors
1019 2151 1102 2212 euim
1117 2151 1217 2212 civilis
1227 2155 1274 2212 est
1287 2152 1360 2213 licta
1369 2155 1502 2230 tantum,
1516 2157 1547 2215 et
1561 2171 1623 2215 non
1638 2173 1713 2217 vera

101 2240 225 2302 inhabiles
246 2241 288 2302 ad
315 2240 419 2303 valide
444 2242 693 2304 contrahendum
721 2243 760 2304 de
784 2258 864 2303 novo
918 2260 1013 2303 mors.
1574 2321 1576 2324 Ι

100 2347 183 2392 coram
196 2331 334 2392 Parooho
349 2333 382 2392 et
394 2331 536 2394 testibus.
959 2331 977 2410 5
991 2333 1038 2391 49.
1056 2329 1223 2391 Promissio
1243 2347 1306 2390 non
1328 2329 1462 2392 ducendi
1486 2349 1616 2394 uxorem
1630 2332 1714 2395 iacta

59 2439 75 2486 s
126 2419 175 2499 §a
191 2420 221 2483 Si
240 2420 461 2483 contrahentes
476 2422 634 2500 sponsalia
648 2440 754 2483 eoram
769 2425 866 2484 Paro·
919 2417 1050 2496 homini,
1067 2436 1130 2480 non
1145 2418 1264 2497 obligat
1286 2437 1325 2478 ex
1342 2418 1474 2498 justitia,
1491 2421 1554 2482 imo
1575 2421 1715 2484 invalida

97 2507 142 2569 cho
154 2515 180 2571 et
192 2508 321 2570 testibus
335 2511 463 2571 utantur
481 2510 585 2570 verbis
605 2509 643 2570 de
658 2511 815 2590 praesenti,
831 2530 862 2572 v.
920 2512 977 2585 est,
994 2507 1019 2567 si
1039 2507 1130 2570 saluti
1149 2508 1295 2587 expediat
1317 2526 1448 2570 uxorem
1471 2510 1597 2590 ducere,
1623 2509 1713 2572 sicuti

95 2615 119 2676 g.
139 2598 256 2660 dicant:
282 2598 394 2678 occipio
418 2607 446 2660 tc
468 2599 498 2658 in
520 2619 633 2669 mecm,
659 2609 688 2660 et
709 2619 760 2680 epo
784 2609 811 2661 te
834 2600 867 2660 irc
920 2596 1014 2658 etiam
1029 2595 1103 2676 quia
1120 2596 1172 2676 jus
1193 2596 1328 2658 testandi
1343 2597 1438 2659 debet
1451 2599 1564 2679 cuique
1579 2599 1713 2680 relinqui

94 2702 177 2761 00000,
204 2703 267 2747 non
295 2685 368 2748 idco
396 2687 456 2748 erit
482 2687 716 2749 Matrimonium
738 2697 760 2765 ¹,
792 2689 866 2768 quia
919 2686 1064 2763 liberum,
1081 2685 1219 2746 invalida
1239 2689 1288 2747 est
1301 2686 1465 2765 promissio
1487 2705 1549 2748 non
1571 2687 1713 2750 mutandi

92 2773 290 2835 contrahentes
318 2791 382 2835 non
409 2774 576 2837 intendunt
603 2776 661 2836 nisi
690 2778 863 2856 sponsalia,
918 2776 1150 2850 testamentum,
1168 2772 1245 2834 Less.
1264 2773 1366 2835 iacet.
1387 2793 1415 2835 o.
1433 2773 1568 2835 Macrim.
1584 2793 1642 2838 cas.
1659 2778 1709 2837 94.

92 2862 247 2922 cumcuim
273 2863 377 2924 sciant
398 2864 457 2924 sub
480 2869 610 2943 peccato
638 2863 727 2944 gravi
750 2883 867 2944 praere-
921 2861 952 2922 Si
968 2866 1074 2922 autem
1092 2862 1162 2922 talis
1182 2861 1347 2940 promissio
1363 2861 1446 2924 iacta
1460 2863 1500 2923 sit
1513 2865 1577 2924 Deo
1598 2865 1715 2943 poterit

90 2947 156 3026 quiri
167 2951 429 3029 proclamationes
448 2955 520 3013 ante
540 2952 785 3030 Matrimonium,
803 2971 865 3016 non
920 2949 1036 3010 habere
1053 2949 1207 3011 rationem
1227 2950 1302 3028 voti,
1319 2949 1344 3010 si
1367 2951 1407 3013 sit
1427 2949 1466 3011 de
1480 2951 1602 3013 meliori
1616 2952 1710 3031 bono,

91 3036 185 3098 debent
197 3037 346 3116 presumi
356 3039 436 3100 velle
447 3039 681 3104 Matrimonium
695 3045 768 3103 ante
783 3042 862 3120 illas,
919 3038 964 3100 uti
984 3038 1050 3098 iuse
1073 3039 1172 3101 Krim.
1189 3057 1250 3101 cn.
1270 3043 1321 3101 45.
1338 3040 1418 3113 Ouid
1433 3045 1539 3103 autem
1553 3041 1593 3103 sit
1607 3041 1714 3104 dioen-

88 3122 150 3186 llar.
164 3127 273 3205 Lapara
290 3127 392 3189 Lolin.
410 3129 500 3207 Spor.
518 3147 550 3190 n.
565 3131 615 3191 38.
919 3127 1015 3206 dum,
1040 3128 1066 3189 si
1095 3128 1216 3206 dixerit,
1241 3147 1300 3189 oon
1322 3127 1428 3190 ducam
1456 3131 1558 3200 altum,
1587 3131 1649 3192 nisi
1674 3139 1711 3200 te,

41 3241 60 3285 q
117 3209 187 3288 §lu
200 3213 436 3274 Matrimonium
450 3215 587 3293 raptoris
601 3233 673 3277 cum
688 3221 778 3296 rapta
793 3235 865 3278 nec·
919 3216 1022 3278 dicam
1049 3238 1080 3280 0.
1112 3220 1181 3295 497,
1211 3218 1263 3279 ubi
1293 3219 1409 3280 addam
1437 3219 1528 3300 plur'a
1556 3220 1595 3282 de
1618 3220 1713 3284 variis

86 3297 148 3360 dum
160 3303 303 3364 restituta
315 3301 452 3365 libertati
474 3307 522 3365 est
540 3304 673 3382 irritum,
691 3307 864 3368 secundum
919 3304 1021 3366 dubiis
1036 3304 1118 3368 circa
1133 3305 1300 3385 sponsalia.

86 3386 202 3453 dicenda
224 3411 244 3454 0
266 3412 298 3452 0.
323 3393 393 3454 630.
420 3394 596 3472 Putautque
621 3395 729 3456 Sanch.
758 3399 790 3458 et
812 3395 863 3457 alii

86 3477 165 3540 eliam
185 3481 347 3560 sponsalia
360 3481 443 3543 inter
465 3500 519 3543 eos
543 3501 610 3543 esse
625 3481 773 3562 invalida,
790 3486 865 3566 quia

84 3571 121 3628 cst
140 3569 249 3631 eadem
269 3571 352 3633 ratio
376 3570 415 3631 de
439 3572 645 3650 sponsalibus,
664 3592 733 3653 quae
755 3581 802 3636 est
825 3575 864 3636 de
1175 3599 1373 3664 DUBIUM
1401 3601 1448 3663 ῃ,

83 3654 278 3736 Matrimonio,
300 3676 413 3738 nempe
436 3663 471 3720 ut
490 3660 578 3721 salva
591 3659 631 3720 sit
648 3659 777 3723 libertas
791 3681 865 3743 rap-

82 3746 121 3822 ta,
143 3745 192 3807 lex
209 3751 319 3809 autem
343 3748 439 3809 etiam
461 3748 651 3810 correctoria
674 3753 705 3811 et
727 3753 863 3831 poenalis
1002 3757 1076 3832 Quce
1089 3765 1115 3818 et
1128 3767 1241 3839 quanto
1255 3758 1398 3841 oblipctio
1411 3758 1630 3840 sponsalium?

81 3834 189 3896 uendi
209 3836 317 3914 debet,
338 3837 393 3898 ubi
417 3840 464 3899 est
487 3837 599 3899 eadem
621 3838 712 3901 ratio.
729 3844 758 3902 9.
785 3842 864 3914 Quia

80 3925 222 4000 sponsalia
246 3931 322 3986 sunt
344 3931 474 4005 propter
494 3925 738 4008 Matrimonium,
759 3929 792 3990 in
811 3950 864 3992 su·
963 3948 977 3983 «
998 3929 1091 4006 Resp.
1107 3929 1131 3989 l.
1149 3927 1296 4007 Obligant
1310 3929 1351 3990 ad
1364 3929 1538 3991 ineundum
1552 3931 1710 3994 Matrimo-

78 4008 239 4076 bordinatis
264 4018 383 4091 autem,
414 4014 504 4091 ratio,
530 4031 600 4094 ques
628 4015 725 4076 elficit
751 4035 860 4094 unum,
918 4016 1004 4077 nium
1019 4016 1076 4078 sub
1091 4019 1219 4095 peceato
1234 4017 1370 4094 mortali,
1394 4018 1419 4078 si
1439 4022 1545 4080 tamen
1559 4020 1711 4081 terminus

78 4099 159 4162 etiam
182 4102 283 4164 afficit
309 4103 455 4164 alterum.
482 4104 544 4166 Sed
566 4103 678 4165 melius
706 4105 864 4168 contradi·
917 4123 980 4166 non
1004 4105 1044 4165 sit
1065 4105 1221 4183 praefixus,
1238 4105 1381 4181 sufficiet,
1407 4105 1432 4165 si
1457 4105 1642 4184 promittens
1656 4109 1711 4170 im·

76 4192 140 4250 cunt
157 4192 267 4252 Perez.
285 4191 454 4268 Wiestner,
470 4191 569 4254 Krim.
593 4212 615 4272 0
637 4213 668 4254 o.
695 4197 762 4272 499,
790 4195 863 4275 quia
917 4193 1012 4272 pleat,
1035 4193 1159 4273 quando
1184 4211 1203 4253 a
1225 4193 1427 4270 promissorio
1449 4193 1635 4274 requiretur,
1661 4197 1711 4259 vel

76 4289 136 4336 cum
150 4279 314 4358 sponsalia
332 4283 481 4341 maneant
503 4280 725 4360 rescindibilia‚
743 4286 774 4344 et
787 4285 864 4345 flant
916 4299 1076 4361 promere
1094 4278 1242 4358 regionis.
1260 4279 1349 4340 Ratio
1365 4280 1479 4359 prioris
1493 4285 1580 4360 patet
1600 4303 1638 4344 ex
1658 4303 1711 4346 na-

73 4359 106 4420 40
138 4365 343 4428 Matrimonia
377 4371 448 4445 post
483 4367 659 4430 restitutam
687 4367 863 4431 libertatem
917 4373 989 4430 tura
1011 4371 1189 4429 contractus
1211 4367 1345 4448 onerosi,
1376 4368 1408 4428 in
1431 4387 1465 4430 re
1488 4369 1588 4449 gravi.
1620 4370 1710 4432 Ratio

72 4447 213 4531 ineundo,
231 4471 298 4515 non
313 4454 483 4534 requiritur
496 4459 584 4517 tanta
597 4456 726 4519 libertas
741 4457 781 4518 ad
796 4457 859 4534 illa,
916 4452 1097 4534 posterioris
1112 4457 1169 4530 est,
1180 4453 1254 4532 quia
1267 4453 1300 4514 id
1315 4457 1361 4516 est
1375 4473 1540 4518 commune
1556 4458 1642 4518 omni
1656 4457 1712 4520 de-

71 4545 180 4616 quauta
194 4542 238 4604 ad
260 4542 506 4621 Matrimonium,
523 4562 598 4624 ergo
614 4563 676 4607 non
690 4552 737 4607 est
751 4546 862 4607 eadem
916 4543 993 4620 bito,
1011 4543 1125 4605 Sanch.
1143 4543 1164 4604 l.
1188 4547 1217 4619 9,
1235 4543 1265 4604 d.
1288 4547 1338 4620 98,
1355 4547 1433 4606 Kon.
1463 4545 1490 4607 d.
1511 4549 1561 4624 99,
1586 4546 1655 4609 dub.
1680 4551 1709 4626 4,

71 4627 140 4692 tatio
154 4629 194 4692 de
209 4630 412 4710 sponsalibus
427 4637 458 4692 et
471 4633 688 4706 Matrimonio;
706 4638 737 4696 et
751 4634 795 4695 sic
810 4651 864 4713 pa·
917 4631 999 4710 apud
1015 4633 1104 4693 Dian.
1120 4651 1153 4712 p.
1170 4633 1199 4708 3,
1226 4639 1247 4692 t.
1271 4634 1301 4708 4,
1320 4633 1358 4692 R.
1375 4636 1445 4710 945,
1463 4632 1623 4714 Pontificia
1633 4655 1644 4702 ‚·
1664 4637 1713 4696 ta-

71 4717 110 4773 tet
120 4715 161 4776 ad
175 4719 319 4780 rationes
333 4720 503 4798 oppositas.
916 4739 988 4782 men
1003 4719 1110 4781 ibidem
1124 4721 1191 4782 vult
1205 4720 1336 4798 obligari
1352 4721 1456 4782 statim
1479 4726 1551 4802 post
1569 4729 1712 4786 eontrac-

31 4844 34 4853 «
104 4801 182 4880 §lt
208 4806 243 4868 Si
268 4805 456 4887 conjugatus
478 4809 642 4888 promittat
663 4809 777 4872 alicubi
799 4811 863 4872 Ma·
917 4815 984 4871 tum
1002 4829 1008 4871 :
1029 4809 1113 4872 Unde
1126 4810 1271 4871 resolves:

72 4889 248 4954 trimonium
267 4899 488 4974 postmortem
510 4914 574 4957 soce
595 4897 738 4977 conjugis
753 4899 864 4960 ineun-
956 4921 970 4955 n
997 4899 1021 4959 l.
1039 4897 1190 4959 Resiliens
1205 4896 1274 4976 cogi
1289 4900 1393 4975 potest
1406 4898 1447 4958 ad
1461 4897 1709 4979 Matrimonium,

73 4973 149 5055 dum,
166 4981 286 5044 Sanch.
308 4981 330 5045 l.
353 4987 384 5060 7,
402 4982 431 5044 d.
452 4988 503 5063 79,
528 5003 559 5046 0.
575 4989 625 5062 40,
641 4985 717 5047 dicit
730 5005 862 5066 peceare
918 4985 1012 5046 etiam
1039 5003 1059 5045 a
1083 4985 1189 5066 judice
1217 5003 1275 5065 per
1303 5002 1462 5064 censuras,
1494 4987 1578 5066 quod
1605 4992 1710 5048 tamen

72 5068 241 5131 mortaliter
263 5077 329 5132 tam
357 5073 602 5152 promittentem,
629 5091 724 5153 quam
752 5093 864 5156 accep·
917 5093 988 5136 raro
1004 5074 1139 5152 expedit,
1156 5074 1197 5134 ob
1211 5072 1386 5153 periculum
1401 5073 1532 5134 infelicis
1547 5074 1658 5138 exitus.

76 5154 185 5218 tantem
205 5159 304 5220 talem
321 5161 572 5240 promissionem,
590 5163 863 5244 quiadaturansa
957 5185 971 5220 n
998 5165 1035 5223 ll.
1054 5163 1085 5222 Si
1108 5162 1210 5224 Judex
1233 5163 1405 5224 secundum
1430 5162 1565 5241 allegata
1585 5168 1617 5224 et
1639 5183 1713 5243 pro-

77 5245 232 5320 aptanda
252 5247 362 5310 mortis
376 5250 528 5332 conjugis,
545 5271 572 5313 c.
588 5251 623 5313 de
636 5269 669 5312 eo
691 5249 745 5332 qai
763 5250 861 5312 ducit.
917 5249 992 5311 bata
1006 5251 1099 5326 cogat
1113 5247 1152 5308 ad
1168 5248 1411 5325 Matrimonium,
1428 5247 1501 5308 licet
1523 5265 1542 5308 a
1562 5254 1651 5328 parte
1667 5252 1711 5310 rei

91 5517 149 5576 ¹Et
172 5527 200 5580 id
221 5531 248 5584 S.
263 5531 292 5582 C.
313 5529 429 5586 Decretis
447 5542 577 5590 consonet
594 5551 639 5591 an.
661 5533 721 5588 4573
739 5539 766 5586 et
784 5531 844 5585 lese
859 5545 919 5599 que
934 5531 1029 5585 recitet
1044 5531 1178 5586 Lamberl.
1192 5533 1221 5588 7.
1237 5535 1259 5583 3.
1276 5547 1301 5598 p.
1317 5535 1355 5586 74.

1753 2358 1781 2405 56
