4012 6354
354 483 378 564 1
696 503 1008 570 rnuuxcasuuu.
1322 503 1347 565 ι

58 697 152 759 debet,
179 697 288 762 mendo
323 667 400 748 dileat
430 670 509 760 piens
546 697 669 762 probatio
700 699 833 762 criminis,

1622 504 1684 566 nte

883 691 1012 755 'quamvis
1020 690 1048 740 in
1056 689 1179 741 eamdem
1189 683 1320 740 in'cid'srel
1329 687 1557 752 Festnm'ddple'x,
1565 697 1597 738 n.
1609 687 1681 740 1171.

55 764 90 832 ib.
105 767 232 818 Probetlo
246 763 294 830 per
305 777 390 830 aquas
403 769 445 818 εει
456 766 496 817 1111
511 766 616 831 ιιιιειιι,
633 765 697 832 e'tc.,
712 769 748 820 ib.
768 767 832 820 P'eu·
887 761 916 813 Si
937 761 1032 811 eedem
1054 761 1099 810 die
1120 763 1216 824 agatur
1240 758 1274 808 de
1297 758 1421 823 pluribus
1439 758 1485 809 SS.
1501 757 1598 818 Sociis,
1612 771 1637 808 v.
1650 770 1680 820 a.

44 843 96 905 ret,
115 839 183 890 siin
198 851 278 888 causa
297 837 431 887 criminali
453 841 481 886 et
493 838 584 902 gravis
606 835 718 890 internis
740 841 832 902 minis,
886 832 982 882 cosma
995 837 1023 882 ει
1035 831 1177 892 Damiano,
1193 831 1220 881 st
1233 828 1306 880 solus
1322 831 1348 882 S.
1364 829 1522 880 Cosmeasit
1537 829 1681 887 Patronus,

49 903 206 968 terroribus,
223 909 418 958 tormentorum
433 906 588 958 ostensione
611 907 751 959 bominem
774 911 834 960 tur·

887 901 931 950 'vei
951 902 984 952 de
1007 897 1038 954 eo
1067 899 1124 952 solo
1149 899 1286 952 habentur
1300 899 1443 964 italiqnlse,
1460 899 1495 950 de
1509 901 1535 950 S.
1551 899 1683 950 Dauniam

42 978 89 1029 bet
100 984 130 1042 et
144 978 274 1043 implicet,
292 981 324 1028 ut
337 977 389 1027 sibi
404 977 593 1028 contradicens
601 978 833 1029 circumstantiam
886 972 1055 1032 imminetur,
1073 987 1100 1023 n·
1118 971 1189 1023 ¹2⁶⁷·
1204 973 1233 1024 Sl
1249 971 1370 1032 stilum,
1384 981 1409 1031 v,
1423 983 1449 1032 8·
1465 972 1493 1023 S·
1509 970 1631 1022 Bibitnffl
1653 969 1684 1020 5¹1

42 1049 162 1114 aliquem
177 1046 288 1108 revelet,
304 1059 357 1111 qna
381 1047 559 1098 convincetur
581 1053 607 1099 et
630 1050 771 1112 puniatur,
794 1048 832 1098 ib.

45 1119 72 1170 si
86 1132 134 1183 per
147 1116 297 1168 notabilem
312 1129 451 1166 excessum
467 1117 495 1166 in
509 1119 623 1180 tortura,
638 1121 701 1184 etc„
723 1117 834 1168 conlea-

44 1189 148 1239 sionem
163 1187 314 1248 exterserit,
326 1186 384 1238 brec
398 1185 474 1240 nulla
489 1191 539 1251 est,
563 1201 613 1238 nec
630 1201 663 1240 ee
687 1189 832 1252 procedere

43 1261 140 1323 potest,
157 1257 213 1307 imo
227 1259 336 1306 tenetur
348 1257 383 1306 ad
398 1257 646 1321 compensationem
671 1259 834 1308 damnorum

43 1323 219 1394 etquamvis
240 1327 310 1378 ιιειιε
340 1326 542 1378 Confessionem
575 1329 675 1392 iniuste
700 1331 835 1380 extortam

41 1398 175 1462 postridie
190 1393 314 1458 ratiflcet,
330 1401 421 1448 ιειιιειι
441 1399 529 1448 ludex
552 1410 608 1448 non
631 1401 720 1463 potest
745 1411 779 1448 ex
803 1411 835 1447 ea

43 1467 189 1531 procedere
205 1467 239 1517 ad
254 1467 426 1532 punitionem
440 1468 497 1528 liei,
512 1467 554 1518 uel
568 1468 707 1532 complicis
721 1468 833 1531 occulti,

40 1539 78 1588 ib.
93 1538 207 1588 Gravius
217 1539 341 1600 torquere
355 1541 444 1601 potest
458 1542 550 1592 contra
573 1551 655 1602 quem
678 1542 744 1589 sunt
768 1551 832 1603 gra·

40 1611 116 1659 riora
139 1607 261 1670 indiciae
288 1621 344 1658 non
372 1611 464 1660 tamen
494 1610 540 1672 its,
569 1613 601 1660 ut
625 1609 768 1660 moraliter
796 1609 833 1660 sit

44 1679 212 1748 impossibiie
227 1682 361 1730 tormenta
375 1680 518 1741 sustinere,
533 1680 628 1730 habita
642 1680 748 1730 ratione
772 1693 835 1744 per·

42 1749 181 1813 sonarum,
197 1755 258 1812 ete,
275 1763 301 1800 n.
318 1751 387 1812 illtt,
402 1753 470 1802 llitl.
481 1751 595 1802 'lorium
609 1749 696 1815 repeti
715 1764 770 1801 nou
787 1750 835 1800 de-

42 1823 96 1885 bet,
111 1821 168 1872 nisi
184 1822 378 1886 superveniant
393 1821 494 1872 indicia
511 1833 581 1872 nova
596 1826 624 1873 et
637 1821 739 1872 divorsi
754 1833 834 1885 gene·

39 1895 77 1944 ris
90 1897 118 1944 et
136 1893 273 1957 prioribus
295 1893 463 1942 evidentiore
485 1897 514 1943 et
528 1891 581 1942 nisi
606 1895 677 1944 lions
700 1893 737 1943 sit
760 1892 829 1942 adeo

39 1965 119 2034 tortis
133 1966 163 2014 et
176 1963 314 2024 robustae,
339 1965 372 2012 ut
393 1962 485 2013 animo
505 1965 532 2012 ει
557 1975 669 2026 corpore
690 1963 726 2012 ad
744 1961 834 2026 priora

42 2037 178 2085 tormenta
194 2033 389 2098 perduraverit,
406 2045 434 2082 ιι.
450 2033 550 2092 illita
570 2047 595 2082 u.
611 2033 679 2082 11511.
696 2031 731 2082 Ea
747 2029 835 2095 repeti

39 2108 141 2168 potest,
157 2104 181 2152 ai
195 2103 258 2168 qnia
272 2104 376 2153 crimen
392 2104 420 2154 ιιι
443 2105 546 2152 tortura
568 2102 664 2165 lassus,
680 2105 754 2153 extra
774 2112 833 2150 eam

43 2173 110 2224 iilud
121 2185 215 2225 coram
227 2173 319 2237 judice
334 2177 453 2235 revocet,
468 2171 541 2236 quod
558 2173 580 2221 si
595 2172 676 2226 tertio
700 2175 787 2221 tortus
810 2171 837 2220 et

45 2243 188 2295 nonlesaus
202 2243 267 2294 illud
288 2243 368 2293 tertio
390 2247 525 2305 retractet,
550 2244 634 2306 repeti
660 2255 715 2292 nou
737 2243 836 2306 ‘potest

39 2316 89 2366 sed
121 2313 188 2366 talis
217 2313 322 2365 absolvi
345 2313 434 2376 debet,
464 2313 518 2364 imo
547 2312 725 2377 probabiliter
757 2312 838 2362 etiam

41 2383 148 2436 absolvi
169 2383 263 2444 debet,
287 2384 334 2446 qui
358 2383 400 2434 bis
423 2385 510 2434 tortus
534 2383 576 2432 bis
599 2382 666 2432 illud
691 2383 837 2444 revocavit,

42 2456 95 2525 nsi
115 2439 300 2504 inurerentur
319 2453 490 2517 gavisum,
504 2467 532 2504 n.
559 2455 627 2515 isso,
651 2454 720 2504 ιιει.
748 2453 839 2503 eiuras

43 2524 170 2588 torqueri
192 2523 382 2588 prohibentur,
403 2522 456 2572 nisi
476 2524 504 2574 in
527 2523 687 2574 criminibus
710 2521 838 2584 exceptis,

46 2607 70 2646 r.
82 2609 109 2660 g.
126 2594 181 2644 viri
196 2594 223 2643 in
238 2606 334 2657 magna
356 2595 518 2645 auctoritate
542 2593 691 2655 constituti,
712 2592 836 2656 impube·

40 2677 93 2727 res,
109 2668 291 2728 pregnantes,
307 2666 367 2725 ete,
383 2678 409 2713 n.
428 2665 497 2714 1116.
511 2664 581 2714 Reus
595 2667 704 2714 tortura
720 2665 838 2730 coactus,

40 2747 81 2786 an
92 2737 121 2785 et
137 2743 209 2798 qnos
228 2734 347 2784 revelare
362 2733 458 2798 possit,
474 2736 534 2797 eta,
551 2733 583 2786 V.
598 2735 671 2786 reu.

368 2857 527 2910 mintrio.

69 2957 196 3010 'l'saditic
211 2963 250 3008 est
263 2957 313 3020 rei,
330 2956 371 3006 vel
382 2956 460 3020 luris,
475 2956 519 3006 vel
534 2955 713 3018 possessionis
726 2955 760 3006 de
776 2959 840 3018 pe'r·

38 3041 110 3078 sona
124 3026 162 3078 ad
178 3040 320 3091 personam
334 3023 484 3077 translatio.
496 3023 621 3076 Differta
638 3025 759 3086 datione,
770 3023 842 3088 quod

40 3097 194 3149 transierat
211 3093 372 3160 dominium,
388 3109 443 3146 non
463 3096 500 3146 ite
519 3095 625 3160 semper
644 3096 765 3157 traditio,
780 3095 797 3145 1.
812 3096 837 3158 1,

42 3183 70 3234 p.
86 3172 113 3230 2,
130 3181 159 3220 n.
173 3169 228 3219 768.
243 3169 300 3218 Alia
319 3171 360 3218 est
382 3179 454 3228 vere,
468 3167 522 3217 alie
545 3165 618 3227 lictu,
632 3166 671 3216 uti
697 3169 723 3214 et
743 3178 840 3228 appre-

40 3239 145 3292 hensio
172 3239 357 3302 possessionis,
382 3238 418 3288 ib.
442 3239 472 3290 V.
493 3237 631 3288 Possessio.
650 3237 746 3299 diique
768 3235 841 3286 ordi-

33 3311 119 3378 narie
146 3311 187 3358 est
208 3309 356 3359 necessaria
379 3308 413 3358 ad
438 3307 640 3358 translationem
660 3305 778 3366 domini,
799 3306 837 3356 ib.

39 3379 167 3432 Traditio
185 3381 213 3430 in
229 3379 309 3430 rebus
325 3376 449 3429 Ecclesia
468 3389 502 3430 ex
517 3377 592 3442 gravi
608 3381 681 3429 metu
702 3379 743 3427 est
757 3375 842 3438 irrita,

39 3464 68 3502 n.
82 3449 142 3502 668.

343 3517 554 3570 transierim

70 3615 231 3670 emunctio
251 3617 291 3666 est
313 3615 402 3679 pactio
425 3627 480 3666 non
502 3614 629 3678 gratuita,
647 3613 681 3663 de
697 3626 726 3664 re
745 3613 840 3674 dubia,

36 3688 88 3741 lita
114 3687 166 3740 aut
185 3687 369 3738 controversia
390 3687 448 3750 jam
475 3688 559 3746 mota,
580 3685 598 3738 l.
621 3685 645 3748 3,
666 3698 691 3748 p.
707 3686 730 3746 2,
746 3697 774 3734 ιι.
788 3685 843 3736 161.

38 3757 163 3820 Quando
176 3757 326 3820 transigens
339 3755 470 3808 liberetur
483 3769 499 3806 a
513 3755 694 3808 restitutione.
710 3754 741 3807 V.
757 3755 847 3806 Fecu-

33 3830 129 3884 mnis'a
143 3842 161 3879 a
174 3829 337 3880 restitutione.

210 3921 214 3928 ’
319 3939 570 3994 maranensem.

71 4038 265 4102 Transgressio
279 4039 319 4092 rei
333 4038 402 4090 levis
414 4038 465 4096 sub
475 4033 756 4087 excommunicatione
766 4047 843 4086 com·

37 4109 195 4166 minatoria
210 4108 364 4172 prohibita,
376 4121 430 4158 ιιοιι
445 4109 506 4158 ideo
516 4107 547 4158 ilt
556 4106 686 4169 mortuiis,
698 4105 716 4156 1.
728 4107 753 4168 7,
763 4119 791 4156 n.
804 4107 843 4156 ⁵0·

37 4179 73 4232 V.
90 4178 156 4234 Lex·
170 4176 335 4244 Procopium,
400 4229 404 4238 ,
447 4231 450 4238 ,

76 4249 235 4300 Translatio
249 4249 379 4300 Dominii.
393 4248 426 4306 V,
440 4248 593 4306 Dominium.

248 4369 449 4426 manentem
468 4359 650 4425 FESFORUM.

73 4469 289 4525 Transismetnr
314 4471 370 4521 sola
393 4471 470 4528 Festa
492 4469 623 4533 duplicia,
645 4465 847 4530 semiduplicis,

39 4541 177 4610 quadam
199 4539 359 4601 Dominicis,
374 4540 479 4604 vigilie
497 4539 648 4589 incidentes
669 4537 698 4586 in
721 4537 846 4587 Domini·

38 4626 119 4674 mm,
139 4621 199 4672 qum
222 4611 251 4659 in
268 4605 386 4660 sabbato
400 4605 594 4672 anticipentur,
608 4605 626 4657 1.
640 4604 667 4669 ἰ,
681 4619 710 4662 ιι.
726 4605 799 4655 1261.“
811 4604 848 4662 lix

39 4683 116 4742 iilis,
132 4692 193 4743 qum
207 4677 350 4750 ¹transferri
365 4681 489 4744 possunt,
505 4677 572 4728 illud
595 4675 731 4727 transferri
753 4676 847 4736 debet,

29 4753 124 4822 ‚quod
140 4755 181 4802 est
194 4751 285 4802 minus
298 4751 423 4816 dignum,
438 4751 520 4814 idque
535 4752 623 4814 potest
643 4761 677 4797 ex
690 4747 847 4797 diversitate

887 1041 1027 1093 Decembri
1039 1043 1176 1094 transferri
1187 1039 1297 1104 debent,
1307 1043 1329 1093 si
1343 1043 1438 1094 haberi
1449 1055 1506 1092 non
1520 1040 1606 1105 possit
1617 1043 1683 1092 ante

888 1112 946 1186 dies
960 1112 1031 1176 illos,
1041 1113 1141 1179 quibus
1155 1117 1302 1164 occurrunt
1314 1113 1478 1178 Antiphone
1492 1111 1683 1175 privilegiatis,

888 1187 916 1235 ιιι
931 1200 987 1237 uno
1002 1199 1036 1237 ex
1051 1185 1206 1235 hisdiebus
1221 1185 1317 1235 haberi
1327 1185 1417 1248 debet,
1429 1198 1456 1235 n.
1470 1185 1539 1235 1272.
1550 1182 1578 1232 Si
1593 1185 1684 1232 trans-

887 1256 954 1308 latio
969 1257 1016 1308 ilat
1028 1271 1046 1308 a
1060 1256 1181 1320 tempore
1195 1267 1250 1306 non
1268 1255 1390 1308 paschati
1407 1255 1440 1306 sd
1461 1251 1596 1311 Panchaia,
1611 1251 1681 1300 reci-

887 1329 961 1377 tatur
974 1330 1054 1392 prout
1068 1332 1189 1390 tempora
1204 1325 1337 1386 Paschali,
1351 1329 1380 1376 ει
1393 1329 1498 1384 contra,
1512 1336 1540 1373 n.
1556 1322 1626 1373 1273.

919 1406 1028 1458 Festum
1041 1406 1143 1470 duplex
1156 1417 1297 1456 occurrens
1310 1407 1373 1454 unte
1390 1406 1518 1456 Octavam
1529 1414 1584 1450 non
1595 1399 1681 1464 priri-

889 1477 1024 1542 legistam,
1040 1490 1094 1527 non
1109 1480 1149 1529 est
1163 1475 1380 1527 traesleee‘ndum
1399 1479 1460 1541 post
1479 1475 1616 1532 Octavam,
1633 1470 1682 1520 sed

884 1543 976 1612 'prima
991 1547 1034 1599 dia
1049 1561 1104 1599 non
1119 1547 1250 1611 impedita
1269 1545 1338 1597 inira
1356 1559 1417 1598 eam
1436 1544 1566 1598 celebrari
1590 1540 1683 1595 debet,

889 1617 907 1666 1.
923 1619 947 1679 e,
962 1631 987 1682 p.
1003 1618 1029 1680 a,
1043 1630 1070 1668 n.
1085 1619 1154 1668 eoas.
1170 1618 1200 1684 p.
1215 1618 1270 1668 css.

919 1696 1028 1746 Festum
1041 1695 1210 1760 semiduplex
1223 1709 1366 1756 occurrens
1379 1697 1409 1764 in
1423 1697 1499 1746 Festo
1514 1693 1617 1758 duplici
1636 1694 1684 1743 in·

890 1764 929 1814 ira
944 1766 1071 1818 Octavam
1087 1779 1142 1817 non
1158 1767 1367 1832 privilegiatam,
1382 1781 1438 1818 uon
1456 1767 1497 1817 est
1518 1763 1685 1833 mansissen-

890 1835 956 1884 dum
979 1836 1139 1899 postillam,
1161 1838 1207 1887 sed
1230 1838 1275 1888 die
1302 1837 1458 1888 immediate
1480 1836 1606 1900 sequenti
1629 1846 1686 1884 non

891 1903 1021 1968 impedita
1044 1907 1174 1958 celebrari
1199 1907 1288 1970 debet,
1311 1909 1421 1958 ibidem.
1444 1909 1475 1957 D.
1490 1907 1544 1958 311.
1560 1905 1685 1958 semitu-

891 1973 954 2038 plex
969 1989 1112 2028 occurrens
1127 1979 1155 2030 ln
1170 1979 1311 2030 Dominica
1326 1978 1396 2030 inira
1410 1977 1537 2030 Octnvem
1553 1989 1608 2028 non
1627 1975 1687 2042 pri·

891 2045 1056 2110 vilegietam‚
1072 2061 1126 2100 non
1146 2053 1187 2100 est
1207 2049 1400 2100 celebrandum
1422 2051 1450 2100 in
1476 2049 1543 2100 lenia
1568 2047 1687 2118 secunda

891 2119 1014 2182 sequenti
1039 2119 1101 2170 licet
1123 2133 1179 2170 non
1204 2121 1346 2184 impedite,
1370 2121 1393 2170 si
1423 2120 1554 2172 habeatur
1576 2117 1687 2169 Festum

891 2186 966 2238 eliud
980 2189 1088 2240 altioris
1103 2191 1170 2240 ritus
1185 2191 1213 2240 ιιι
1231 2189 1427 2255 reponendum,
1445 2192 1481 2241 ib.
1492 2192 1522 2241 D.
1533 2191 1589 2240 257.
1601 2189 1687 2238 Etiam

892 2270 947 2306 non
962 2261 1003 2308 eat
1017 2260 1233 2310 transferendum
1250 2261 1279 2309 in
1299 2259 1372 2310 diem
1393 2261 1550 2310 immediate
1571 2271 1686 2322 aequen-

890 2331 948 2377 iem
965 2327 1082 2392 Festum,
1099 2328 1176 2392 illud,
1191 2333 1254 2382 ante
1268 2333 1347 2396 culus
1361 2332 1569 2387 ιιιιιειειιιιιιειιι
1583 2331 1688 2380 beben·

894 2401 947 2459 tur,
961 2399 1116 2463 reponenda
1130 2401 1186 2451 ulia
1205 2400 1298 2452 Dtfleia
1317 2403 1392 2466 prins
1413 2403 1543 2453 translata
1566 2400 1688 2466 eiusdem

893 2469 972 2530 ritus,
986 2470 1022 2519 ib.
1039 2471 1070 2520 D.
1086 2472 1138 2520 166.
1154 2471 1183 2522 si
1197 2471 1251 2522 duo
1263 2471 1308 2522 vel
1322 2471 1401 2536 plura
1415 2472 1491 2522 Festa
1505 2470 1539 2522 de
1553 2472 1686 2534 praecepto

895 2539 1014 2602 ejusdem
1030 2541 1123 2591 classis
1136 2541 1192 2592 sint
1205 2540 1346 2601 translata,
1360 2541 1497 2592 ordinario
1512 2540 1588 2604 prius
1606 2540 1637 2590 lit
1653 2539 1687 2590 de

894 2609 951 2670 illo,
966 2610 1038 2674 quod
1054 2613 1128 2675 prins
1142 2615 1182 2662 ast
1196 2613 1344 2672 translatu3
1360 2612 1496 2676 excipitur
1509 2612 1618 2662 Festum
1632 2613 1686 2662 dn·

894 2681 1080 2731 nuncietionis
1094 2682 1122 2734 D.
1134 2681 1263 2746 virginit,
1272 2683 1295 2732 si
1309 2682 1469 2734 translatum
1484 2683 1520 2732 sit
1533 2695 1597 2734 eum
1610 2682 1687 2732 Festo

896 2749 923 2801 S.
944 2751 1065 2815 loseplri,
1085 2757 1150 2804 tunc
1169 2754 1243 2804 enim
1261 2753 1337 2818 prius
1357 2754 1453 2818 reponi
1476 2753 1557 2804 debet
1580 2753 1688 2803 Festum

895 2822 1127 2885 annuntiationis,
1145 2823 1216 2888 qnod
1236 2823 1318 2876 ειιειιι
1332 2825 1407 2888 prins
1421 2823 1571 2887 reponitur,
1591 2831 1689 2886 quam·

896 2891 947 2954 vis,
965 2891 1033 2944 illud
1056 2893 1151 2957 primas
1175 2893 1273 2945 massis
1295 2893 1379 2944 stiam
1400 2892 1587 2955 reponendam
1608 2894 1688 2952 esest,

897 2961 915 3012 l.
930 2963 954 3024 ι,
969 2975 996 3012 n.
1013 2965 1067 3025 tea,
1082 2965 1102 3015 1.
1116 2966 1142 3026 6,
1156 2977 1182 3028 p.
1197 2967 1221 3025 2,
1242 2977 1268 3017 ιι.
1283 2965 1355 3025 tiit,
1374 2965 1405 3014 D.
1424 2964 1480 3024 268,
1498 2965 1554 3024 2117,
1572 2975 1600 3012 n.
1617 2963 1687 3012 anst.

897 3033 929 3085 V.
944 3033 1053 3084 restem.
1068 3035 1097 3086 Si
1112 3034 1190 3098 plura
1204 3033 1273 3086 lesia
1291 3035 1412 3098 ejusdem
1434 3033 1504 3083 ritus
1526 3031 1621 3082 eodem
1644 3031 1689 3082 die

898 3107 1068 3156 occurrentia
1082 3107 1138 3156 sint
1152 3105 1345 3167 transferenda,
1362 3106 1391 3155 in
1412 3119 1506 3156 eornm
1525 3103 1689 3167 repositione

899 3177 986 3238 major
1003 3179 1148 3240 apparatus
1162 3176 1206 3226 vel
1218 3175 1310 3240 populi
1320 3189 1465 3227 concursus
1474 3173 1578 3224 attendi
1589 3172 1688 3232 debet;

898 3245 969 3308 quod
985 3247 1007 3295 si
1024 3260 1107 3296 unum
1122 3247 1158 3297 sit
1172 3246 1418 3308 nnivsnale,alidd
1433 3245 1602 3310 particulare,
1613 3243 1690 3306 prius

898 3317 928 3366 ιιι
942 3317 975 3367 de
991 3317 1148 3379 universali,
1160 3318 1212 3368 nisi
1228 3318 1317 3368 obstet
1330 3319 1399 3367 ratio
1412 3317 1524 3383 majoris
1537 3313 1689 3378 dignitatis.

899 3388 934 3438 ib.
946 3389 977 3437 D.
988 3387 1042 3448 259,
1055 3390 1109 3450 161,
1121 3389 1138 3438 1.
1153 3391 1177 3450 l,
1193 3403 1219 3438 n.
1237 3389 1304 3438 1266.
1321 3390 1348 3440 Si
1364 3387 1493 3438 translata
1508 3386 1563 3436 sint
1576 3383 1690 3435 diversas

898 3458 999 3520 classis,
1011 3458 1088 3520 illud,
1099 3459 1170 3523 quod
1184 3459 1238 3509 ιιιιι
1253 3461 1293 3508 εει
1307 3458 1424 3522 dignius,
1435 3455 1511 3521 prius
1525 3454 1688 3514 celebretur,

897 3529 915 3582 l.
927 3529 950 3590 ι,
961 3543 988 3580 ιι.
1000 3531 1068 3580 1268.
1081 3531 1107 3582 Si
1124 3529 1204 3580 simul
1217 3527 1353 3580 translerri
1366 3527 1483 3578 debeant
1493 3525 1558 3576 testo
1570 3527 1595 3578 S.
1607 3523 1690 3574 llarci

898 3605 925 3651 ει
938 3603 983 3654 SS.
998 3602 1187 3665 Apostolorum
1204 3599 1320 3664 Philippi
1339 3604 1368 3650 ει
1380 3594 1488 3658 Jacobi3
1504 3597 1579 3660 prius
1593 3594 1689 3660 reponi

898 3673 979 3723 debet
1005 3671 1102 3723 testum
1131 3674 1156 3724 S·
1173 3670 1263 3733 linrci,
1278 3671 1377 3722 deinde
1397 3673 1559 3724 Sanctorum
1574 3669 1690 3731 Aposto-

898 3743 996 3803 lorum,
1012 3741 1029 3792 l.
1044 3743 1068 3803 6,
1085 3757 1109 3806 p.
1124 3743 1150 3804 2,
1169 3755 1199 3792 n:
1222 3740 1293 3803 2655,
1318 3741 1350 3791 D.
1373 3743 1426 3791 251.
1455 3733 1630 3802 semiduplex
1654 3736 1688 3786 eli

899 3813 1006 3863 libitum
1022 3812 1091 3862 inira
1106 3813 1230 3864 octavum
1244 3813 1325 3861 etiam
1341 3823 1396 3865 non
1418 3807 1617 3873 privilegiatam
1642 3819 1688 3857 oc·

899 3897 1017 3942 currens,
1032 3882 1113 3947 plens
1127 3883 1274 3944 omittitur,
1291 3895 1317 3931 ιι.
1332 3883 1403 3931 2676.

930 3961 1038 4012 Festum
1051 3959 1086 4010 ad
1104 3961 1214 4010 libitum
1229 3959 1322 4009 haberi
1338 3960 1427 4024 potest
1444 3956 1497 4017 die,
1515 3959 1570 4020 'qno
1594 3954 1690 4018 reponi

899 4031 979 4081 debet
993 4030 1165 4087 translatum
1179 4043 1236 4079 non
1250 4033 1342 4092 nutem
1356 4041 1405 4092 pro
1420 4040 1452 4076 eo
1467 4025 1593 4096 babendo
1603 4027 1689 4075 trans·

898 4099 962 4150 terri
982 4102 1071 4163 potest
1085 4099 1166 4150 aliud
1193 4099 1333 4162 proprium
1356 4097 1473 4160 alicujus
1493 4095 1622 4147 Dioecesis
1644 4095 1689 4145 vel

901 4169 1049 4233 Religionis
1059 4169 1156 4220 eodem
1172 4169 1218 4220 die
1233 4169 1367 4228 incidens,
1382 4181 1399 4217 a
1413 4181 1440 4216 n.
1455 4167 1525 4218 2676.

932 4249 1045 4310 Quando
1063 4247 1099 4301 ad
1124 4249 1233 4301 libitum
1258 4248 1348 4298 omitti
1372 4247 1480 4309 debeat,
1499 4248 1549 4296 ete.
1573 4242 1606 4297 v.
1631 4244 1690 4296 Fas·

931 4399 1040 4452 Festum
1057 4399 1097 4452 tle
1111 4397 1238 4464 Reliquln
1251 4396 1504 4462 transferri-potent,
1521 4395 1543 4446 ει
1565 4397 1690 4459 mactas,

901 4473 934 4523 de
950 4484 1003 4538 quo
1017 4474 1082 4522 sunt
1094 4470 1227 4535 reliquie,
1244 4471 1279 4521 sit
1297 4469 1434 4527 l'itulnris,
1458 4468 1522 4532 quio
1546 4466 1580 4517 de
1604 4479 1637 4517 so
1661 4468 1693 4517 nt

902 4541 1008 4594 titulari
1020 4543 1155 4606 agendum
1171 4541 1258 4592 indie
1273 4539 1344 4602 testi,
1358 4551 1386 4588 n.
1401 4539 1455 4589 382.
1482 4541 1512 4588 ln
1534 4537 1613 4586 Anno
1636 4537 1692 4587 bis·

902 4615 993 4665 sextili
1018 4613 1143 4666 Ollicium
1166 4612 1326 4677 particulare
1349 4611 1466 4674 alicujus
1498 4609 1626 4658 Dimcesis
1648 4606 1693 4657 vel

902 4685 1049 4750 Religionis
1071 4687 1092 4736 si
1110 4687 1232 4734 occurrat
1246 4681 1288 4732 die
1303 4682 1433 4746 vigesima
1458 4681 1553 4745 quinta
1577 4677 1694 4730 Februa·

903 4757 948 4819 rii,
963 4755 1100 4806 transferri
1114 4755 1195 4805 debet
1209 4753 1238 4804 in
1262 4753 1378 4817 primam
1402 4752 1475 4802 diem
1498 4763 1553 4799 non
1577 4750 1694 4814 impedi·

39 4822 154 4882 classis,
177 4823 225 4870 aut
249 4819 344 4870 ordine
368 4819 395 4869 in
419 4818 542 4880 Litnniis,
568 4821 628 4876 eta,
649 4815 749 4880 colligi,
764 4817 801 4866 ib.
817 4815 847 4866 si
903 4831 968 4888 qam,
990 4827 1011 4877 ,j
1039 4839 1093 4875 „011
1117 4826 1160 4888 ,ιιΙ
1174 4823 1275 4888 duplex
1301 4823 1395 4888 primm
1418 4821 1518 4880 cussis,
1541 4820 1559 4869 1.
1581 4822 1606 4882 a,
1627 4833 1653 4884 p.
1669 4821 1694 4882 t,

38 4893 147 4946 endem
167 4889 210 4940 die
234 4894 356 4942 occurrat
375 4889 514 4941 Dedicatio
536 4888 660 4939 Ecclesie
684 4901 746 4937 eum
769 4885 849 4938 Festo
903 4914 931 4949 n,
946 4899 1018 4958 2055,
1033 4899 1063 4946 ι),
1083 4896 1137 4945 250,
1156 4895 1183 4947 si
1199 4905 1259 4960 (με
1282 4893 1360 4944 resto
1384 4892 1521 4956 supersint
1543 4890 1577 4940 de
1601 4903 1693 4940 mensa

39 4957 162 5018 Petroni
186 4961 213 5010 θι
235 4959 374 5023 Τιιῑῐὶιιῐι.
398 4959 442 5009 vel
465 4973 527 5009 ⁰¹1³]
555 4957 632 5008 F2⁵t⁰
655 4957 700 5008 SS·
728 4957 798 5007 Ρθῑιῑ
824 4958 850 5005 0⁸
903 4967 1052 5027 Decembri,
1070 4968 1143 5016 enin
1162 4976 1267 5015 annum
1291 4968 1450 5027 sequentem
1473 4959 1609 5010 translerri
1631 4973 1693 5024 pos·

39 5031 142 5088 Fauii,
157 5031 214 5082 hec
228 5031 436 5090 transferuntur,
452 5045 479 5081 n.
495 5031 564 5081 1265.
580 5029 607 5081 Si
623 5027 850 5080 occurratPatro·

40 5115 105 5157 nus
125 5101 283 5164 principalis
301 5101 365 5163 loci,
379 5099 492 5152 ‘litulari
515 5099 640 5152 Ecclesia
662 5098 849 5162 liegnlarium,

904 5041 974 5100 sunt,
993 5039 1029 5088 ib.
1045 5038 1076 5087 D.
1094 5037 1149 5087 272.
1163 5037 1190 5086 Si
1200 5033 1304 5086 ‘testum
1320 5035 1345 5086 S.
1360 5031 1526 5083 Conlessoris
1537 5030 1606 5080 ultre
1620 5031 1692 5082 diem

904 5113 1060 5175 sequentem
1076 5107 1261 5167 transferatur,
1283 5105 1312 5154 in
1336 5105 1453 5168 Dymno,
1477 5100 1526 5152 iste
1549 5101 1693 5164 consessor,

27 5163 89 5225 'de'
95 5167 214 5222 'titulari
224 5169 392 5221 ιιειιειειιιιι.
404 5171 431 5222 61
447 5167 579 5221 Patronus
592 5169 687 5233 templi
702 5172 730 5219 et
742 5165 851 5218 Festum
905 5185 967 5242 epe„
982 5179 1080 5230 murari
1096 5177 1178 5228 dehet
1196 5176 1355 5235 versiculus,
1371 5172 1598 5236 dicendumne
1609 5184 1696 5237 supse-

47 5241 105 5297 SS.
130 5231 206 5288 'Petri
232 5241 259 5288 ει
286 5239 373 5298 Pauli,
398 5239 431 5288 ds
454 5239 570 5292 Patrono
596 5237 763 5299 transfertur,
789 5239 851 5304 etc,

45 5327 83 5365 n.
102 5311 175 5363 1266.
191 5309 374 5362 simulastis
389 5307 537 5362 incidet'in
555 5309 724 5361 Dominicam
741 5306 852 5374 privile·

908 5250 1138 5382 Μῗιςὲεῗιιιιῖιὸἓιει
1167 5322 1305 5378 doloribus
1328 5323 1356 5376 D.
1380 5321 1411 5378 V.
1439 5320 1474 5374 uri
1502 5325 1528 5374 et
1560 5319 1695 5388 quomodo

44 5373 168 5452 glatsm,
192 5379 332 5432 transiet-ri
355 5381 437 5434 debet
452 5380 482 5431 in
497 5379 671 5432 Dominicam
685 5383 852 5444 sequentem,
907 5400 1045 5455 mrem
1061 5399 1156 5464 powg,
1170 5397 1202 5452 v,
1212 5395 1340 5462 officium,

159 5458 269 5514 merx.
