4044 6340
693 521 744 587 ΒΕ
766 517 1028 588 Marathunta.
1641 523 1681 582 63

66 715 114 776 bro
126 716 239 774 externo
252 707 429 792 prohiberi,
446 731 484 774 ne
499 711 588 775 alteri
604 712 712 774 nubat.
730 716 760 774 3.
777 716 826 775 lia

67 802 137 864 ctiam
152 803 250 880 posset
272 801 343 880 cogi
363 801 405 862 ad
430 801 706 864 cohabitationem.
724 806 755 862 t.
781 805 829 862 An

67 889 193 952 etiamad
214 888 427 951 redditionem
443 889 549 953 debiti.
570 893 600 952 5.
619 893 667 950 An
689 893 724 950 ut
747 907 830 950 nuno

24 995 25 1054 j
66 977 132 1040 alteri
151 976 253 1053 nubet,
282 977 426 1056 indigeat
444 978 688 1058 dispensatione,
705 978 755 1038 vel
776 977 831 1038 de-

66 1065 204 1128 claratione
223 1066 262 1127 do
276 1067 470 1130 Matrimonii
494 1068 646 1130 nullitate.
671 1070 702 1128 6.
728 1069 777 1128 An
800 1070 832 1128 et

23 1183 24 1188 ι
66 1171 143 1233 aquo
167 1153 341 1235 quibusque
361 1155 465 1218 modis
492 1156 579 1218 illam
599 1159 694 1248 petet
713 1173 749 1216 ac
772 1155 832 1216 im-

24 1264 27 1301 ι
65 1233 183 1313 patrabit.
199 1235 412 1313 Respondeat
428 1236 502 1296 Tala
517 1255 569 1297 ma
571 1235 751 1298 trimonium
774 1253 830 1314 pro

66 1323 115 1382 loro
127 1321 246 1401 quidem
260 1323 385 1384 interno
400 1342 468 1385 esse
483 1323 657 1386 invalidum
672 1325 712 1386 ob
727 1323 782 1384 del
780 1342 832 1385 ec·

66 1415 115 1470 tum
129 1427 304 1490 consensus,
321 1411 367 1474 uti
383 1411 492 1474 definit
505 1415 666 1474 innocent.
684 1413 736 1488 lll,
753 1414 828 1490 Gap.

24 1499 176 1567 ιιιιιιιι.
192 1501 237 1562 lle
251 1501 401 1580 sponsali.
419 1507 450 1561 et
463 1501 666 1564 Matrimonfi
657 1520 690 1561 ιιι
705 1501 771 1561 foro
787 1505 830 1562 ta-

23 1555 26 1657 i
66 1605 118 1647 men
134 1593 257 1650 externo
279 1589 389 1650 haberi
404 1590 554 1668 validum,
571 1608 643 1651 oum
659 1589 742 1650 enim
757 1607 831 1650 oon-

23 1668 27 1759 ξ
67 1681 172 1737 hactum
185 1677 247 1739 ιιι
239 1697 271 1738 ιιι
287 1678 367 1739 facie
388 1679 547 1757 Ecclesiae,
564 1684 611 1741 est
628 1676 830 1769 praesumptio

23 1724 27 1833 i
66 1759 169 1818 etcerta
183 1758 341 1837 possessio
356 1775 414 1838 pro
429 1759 494 1836 illo,
510 1759 683 1820 secuudum
698 1757 833 1818 dicenda

65 1861 160 1904 numer.
175 1847 245 1906 679.
262 1845 353 1908 Unde
373 1845 412 1906 ad
429 1847 568 1926 singulas
583 1844 769 1924 quaestiones
785 1843 833 1904 di·

66 1946 99 2008 eo,
110 1931 152 1992 Ad
163 1936 190 1994 l.
211 1933 288 1994 Gaia
302 1933 407 2014 quoad
428 1933 532 1994 lorum
554 1933 712 1994 internum
727 1935 833 2010 posset

23 2023 30 2145 p
65 1999 222 2100 sucumque
238 2021 358 2082 nubere
362 2020 529 2102 ,adeoque,
542 2038 570 2082 ιι
560 2021 685 2082 forte
677 2040 709 2081 m
723 2019 829 2098 lndiis,

66 2107 98 2166 rel
109 2109 153 2170 tali
168 2111 250 2188 loco,
267 2111 321 2171 uhi
336 2129 398 2172 non
413 2129 505 2190 posse
507 2114 677 2172 tconstare
692 2128 761 2170 eam
776 2129 833 2170 an·

23 2151 27 2359 ε
66 2197 217 2260 ιιιιιιιιιιιι
243 2199 480 2262 matrimonium
515 2199 547 2259 in
578 2199 657 2261 facie
685 2197 831 2260 Ecclesiae

65 2287 239 2367 contraxisse,
270 2295 377 2370 posset
403 2308 512 2350 secure
540 2307 612 2350 oum
634 2307 831 2369 quocumque

65 2377 273 2439 matrimonium
296 2378 386 2456 inire,
403 2396 466 2440 non
481 2381 584 2456 potest
605 2381 710 2440 autam
730 2379 762 2438 in
784 2377 833 2438 bis

65 2464 187 2544 partibus,
208 2465 253 2528 ιιιι
274 2469 396 2528 constat
421 2484 458 2526 ex
480 2465 581 2527 dictis.
602 2463 651 2526 Aa
674 2469 703 2526 ι.
725 2468 834 2527 Ροιιιι

64 2551 148 2616 iuloro
166 2559 299 2617 externo
313 2553 472 2634 prohiberi
494 2572 533 2614 ne
558 2553 647 2614 alteri
662 2554 770 2631 nubat,
787 2553 832 2615 uti

65 2641 184 2720 atllulus,
205 2661 247 2702 ne
261 2642 394 2703 alteram
411 2640 515 2703 ducat.
527 2639 577 2700 Ad
592 2643 622 2702 3.
640 2643 748 2702 Posset
762 2641 834 2721 cogi

66 2727 371 2792 adrohabitationem.
382 2729 431 2790 Arl
442 2735 472 2791 4.
485 2733 554 2792 Non
569 2729 610 2791 ad
624 2729 833 2792 redditionem

67 2813 137 2878 debiti
156 2823 228 2882 ante
254 2821 391 2898 positum
415 2818 533 2880 serium
556 2836 743 2880 consensum
765 2839 832 2880 mu-

67 2907 132 2966 tuum
142 2907 170 2967 in
182 2905 435 2983 matrimonium,
448 2906 523 2986 quia
536 2906 652 2986 alioqui
667 2910 834 2986 cogeretur

69 2989 344 3057 udlumimtionem.
364 2993 412 3055 Ad
425 2997 442 3056 5
459 3003 486 3055 et
500 2999 530 3055 6.
553 2993 711 3074 indigeret
724 2992 832 3073 utique

69 3097 107 3156 pro
117 3082 192 3161 loeis,
206 3082 267 3145 ubi
282 3088 393 3145 notum
406 3085 464 3160 est,
476 3083 526 3144 vel
541 3099 608 3142 esse
623 3087 735 3161 potest,
748 3081 833 3162 quod

67 3165 98 3228 ia
111 3170 325 3248 contraxerint,
342 3170 399 3232 sed
422 3170 590 3250 nequidem
611 3188 630 3230 a
653 3173 739 3249 Papa
753 3170 834 3232 ohti-

67 3257 171 3320 nendam
181 3279 254 3322 esse
263 3259 360 3322 talem
370 3258 624 3320 declarationem.
637 3257 832 3336 Dispensatio

66 3347 185 3410 autemin
204 3347 266 3412 tali
288 3346 488 3408 matrimonio
503 3345 598 3408 veluti
613 3351 680 3408 rato
700 3347 761 3423 vix,
779 3350 833 3408 aut

67 3451 95 3494 ne
104 3437 147 3497 rix
159 3437 287 3518 quidem
299 3435 418 3514 sperari
429 3439 541 3515 potest.
558 3437 605 3496 lta
618 3435 702 3496 circa
715 3454 833 3496 annum

68 3523 133 3602 tatu,
139 3525 291 3607 judicavit
301 3524 531 3587 illustrissimus
540 3523 691 3586 Dominus
701 3528 726 3586 N
730 3525 833 3586 untias

68 3613 300 3694 speraturam
319 3614 425 3693 plures
448 3612 499 3674 hio
520 3613 655 3676 Goloaiae
671 3618 831 3692 Doctores,

67 3700 154 3779 quibus
166 3703 331 3766 assentior.

96 3787 187 3864 aaa
202 3797 252 3855 ιι.
269 3789 375 3851 -Aa
393 3792 471 3852 ratio
491 3789 676 3854 Sacrameati
694 3793 733 3854 sit
751 3813 835 3874 sepa·

67 3877 174 3944 attica
191 3883 312 3946 ratione
323 3879 535 3942 indissolubilis
548 3891 712 3943 contractas
725 3883 835 3944 Matri-

66 3970 179 4032 neuiotis
197 3972 274 4033 iater
293 3969 404 4052 fideles,
420 3971 479 4031 siue
491 3969 676 4052 baptizatos?
694 3973 834 4050 Respon-

67 4055 110 4118 ιιι
121 4059 170 4138 tl.
182 4059 289 4123 blultis
303 4058 407 4120 modis
416 4059 624 4138 separabilem
639 4077 706 4120 esse
721 4061 835 4122 docent

65 4143 143 4222 nult,
157 4165 292 4227 quorum
308 4146 483 4227 precipuos
497 4147 588 4208 retuli
604 4147 656 4209 lib.
669 4151 699 4224 6,
711 4167 784 4227 pag.
803 4151 831 4226 l,

66 4247 161 4297 numer.
176 4239 224 4298 73.
242 4237 354 4298 Plures
373 4235 462 4298 addit
475 4238 585 4298 Avers.
602 4245 705 4318 quaest.
723 4240 752 4314 l,
767 4255 831 4298 sess.

63 4321 86 4394 5,
101 4327 128 4384 et
144 4343 179 4386 ex
200 4324 432 4386 recentioribus
454 4329 566 4405 putant
588 4327 697 4388 blerat.
722 4329 831 4388 Gonet.

64 4405 149 4472 Platel.
164 4413 292 4491 Sporer,
310 4411 409 4473 lirim.
422 4431 536 4474 numer.
553 4414 623 4488 340,
640 4413 693 4493 qui
708 4419 835 4476 conten-

63 4493 123 4558 dunt
139 4499 167 4560 id
188 4501 255 4562 lieri
271 4517 366 4580 posse
381 4502 493 4563 saltem
512 4501 634 4563 ratione
653 4502 834 4564 intentionis

61 4584 218 4650 conficiendi
233 4593 447 4668 contractum,
461 4593 492 4650 et
505 4608 569 4651 non
581 4593 765 4654 sacrament
752 4597 831 4654 t.um

59 4668 180 4737 ιιιιιιιιιι
198 4681 321 4738 eunti.
340 4679 421 4751 Ouia
435 4678 474 4739 dc
495 4678 553 4739 hac
568 4679 833 4757 inseparabilitate

55 4755 113 4820 nihil
125 4761 226 4827 ιιιιιιιιι
240 4764 402 4842 Consilia,
419 4784 477 4826 neo
497 4767 684 4828 Sanctorum
704 4770 901 4833 Patrumt

54 4861 98 4908 nec
108 4869 259 4915 unanimis
282 4857 463 4916 Doctorum
486 4855 602 4935 opinio,
619 4875 693 4936 ergo
710 4875 772 4918 noa
787 4861 834 4920 est

56 4931 199 5002 dicandum
213 4960 253 5004 ex
266 4941 467 5004 institutione
488 4943 601 5009 Christi
578 4944 718 5006 tdari
711 4963 834 5025 insepa-

57 5022 218 5092 rabilitatem
239 5035 427 5093 ιοιιιιιιιιιι
448 5049 467 5093 a
485 5031 604 5093 ratione
625 5033 830 5095 Sacramenti.

54 5111 76 5170 ι.
88 5115 117 5174 la
127 5119 254 5201 antiqua
272 5121 350 5198 lege
373 5119 431 5182 luit
444 5121 583 5199 perlecta
597 5121 675 5182 ratio
690 5127 834 5184 contrac-

55 5203 92 5262 ιιι
109 5207 346 5271 matrimonialis
370 5213 516 5286 separata
538 5227 558 5270 a
579 5209 700 5270 ratione
724 5211 833 5271 Sacra·

53 5293 128 5355 nenti
130 5315 225 5378 ,ergo
245 5315 324 5360 cum
340 5312 409 5356 non
430 5297 470 5358 ait
490 5298 569 5360 ratio
590 5299 835 5377 praesumendis

52 5340 291 5450 christiferam
320 5402 399 5446 esse
425 5390 545 5447 tantam
568 5386 809 5448 mutationem'
801 5406 833 5448 ιιι

51 5465 95 5530 1¹⁰0
110 5480 276 5555 eontracta,
294 5474 355 5538 sed
382 5473 627 5538 fundamentum
650 5479 772 5538 tantum
794 5476 834 5537 sit

886 711 1009 773 dicendi
1035 713 1231 772 contractum
1254 709 1342 770 illum
1366 727 1433 769 osse
1457 709 1613 770 elevatum
1640 707 1681 768 ad

885 799 1040 861 rationem
1062 796 1269 872 sacramenti,
1295 795 1406 857 melius
1435 796 1559 875 dicitur,
1590 813 1681 875 posse

885 906 952 948 esse
974 887 1168 962 naturaliter,
1190 891 1223 947 et
1244 884 1377 946 civiliter
1399 885 1538 946 validum
1562 886 1681 965 absque

885 978 1004 1038 ratione
1029 975 1235 1038 Sacramenti.
1252 977 1282 1035 3.
1299 976 1406 1036 Ροιιιι
1420 974 1489 1054 quis
1508 974 1588 1036 velle
1603 975 1680 1034 inire

884 1065 1120 1127 matrimonium
1134 1065 1200 1125 sinc
1221 1062 1393 1124 intentione
1416 1063 1610 1124 sacramenti
1625 1062 1681 1122 mi-

885 1155 1062 1231 nistrandi,
1092 1155 1141 1214 vel
1173 1152 1388 1231 suscipiendi;
1418 1152 1503 1232 atqui
1532 1152 1598 1212 sine
1627 1152 1680 1213 tali

885 1235 1067 1312 intentione,
1085 1235 1204 1294 nonfit
1227 1234 1477 1308 Sacramentum,
1496 1237 1540 1294 uti
1562 1231 1680 1293 dictum

885 1326 933 1383 ιιι
919 1321 1007 1383 tlib.
1024 1324 1054 1397 6,
1071 1339 1192 1400 pag.,
1164 1323 1175 1380 l
1209 1336 1330 1379 numer.
1356 1321 1406 1395 54,
1434 1317 1630 1380 validust
1575 1321 1681 1379 autem

886 1407 945 1469 erit
958 1415 1149 1484 contractus,
1167 1425 1254 1486 ergo.
1271 1410 1300 1466 4.
1319 1406 1350 1467 Si
1365 1411 1490 1484 pueret
1506 1406 1610 1484 puella
1625 1406 1682 1466 ho-

886 1497 936 1558 die
959 1497 1109 1575 baptizati
1125 1515 1195 1558 cras
1216 1497 1256 1558 ad
1280 1498 1398 1556 Turcas
1421 1495 1564 1556 delerant
1551 1499 1612 1572 ιιιι,
1639 1494 1680 1555 ibi

886 1585 1059 1647 educentur
1082 1586 1114 1644 in
1138 1585 1332 1661 infidelitate,
1359 1588 1390 1645 ιι
1413 1585 1544 1659 nubant,
1567 1583 1682 1643 facient

886 1677 1082 1734 contractam
1104 1673 1296 1735 matrimonii
1319 1672 1469 1749 validum,
1494 1676 1680 1733 nontamen

887 1763 1145 1838 Sacramentum,
1172 1781 1244 1823 cum
1269 1762 1307 1822 de
1333 1763 1535 1823 Sacramenta
1560 1759 1613 1820 tali
1638 1760 1681 1820 nil

887 1849 996 1926 sciant,
1013 1855 1045 1910 ct
1058 1849 1199 1910 infideles
1214 1853 1329 1928 nogent
1343 1853 1451 1910 nostra
1466 1850 1679 1910 Sacramenta.

886 1941 916 1998 5.
933 1938 1076 1998 lnfideles
1091 1938 1229 2017 legitime
1245 1936 1415 2017 conjuncti,
1433 1937 1508 1996 dum
1522 1935 1682 2014 baptizan-

887 2031 948 2100 tur,
965 2025 1067 2086 lacere
1086 2045 1150 2088 non
1164 2030 1295 2106 possunt
1316 2029 1351 2086 ut
1369 2028 1547 2086 contractus
1568 2029 1682 2101 prate-

886 2117 964 2176 ritus
979 2116 1117 2177 elevetur
1131 2117 1172 2178 ad
1185 2115 1340 2177 rationem
1356 2113 1561 2189 Sacramenti,
1574 2112 1619 2173 uti
1634 2111 1681 2172 di-

887 2209 975 2266 cetur
988 2223 1074 2265 num.
1091 2207 1161 2280 467,
1178 2223 1253 2283 ergo
1268 2203 1299 2264 in
1315 2204 1375 2265 illis
1389 2208 1495 2264 manet
1510 2202 1589 2264 ratio
1606 2219 1681 2262 cou-

887 2297 1005 2354 tractus
1016 2292 1082 2372 jam
1097 2292 1297 2355 habitualiter
1318 2291 1478 2354 existentis
1502 2291 1584 2352 inter
1603 2290 1680 2352 fide-

887 2380 943 2457 ιιι,
969 2384 1001 2442 ιι
1023 2385 1127 2442 ιιιιιιιι
1152 2380 1239 2442 deest
1265 2379 1345 2442 ratio
1374 2379 1578 2457 Sacramenti,
1604 2397 1679 2459 ergo

888 2465 971 2528 idem
985 2471 1168 2546 potestesse
1182 2469 1223 2530 ab
1237 2468 1336 2530 initio.

917 2557 945 2635 ’5
958 2561 986 2617 ι.
1000 2556 1090 2618 Nullo
1105 2557 1210 2635 modo,
1224 2558 1392 2638 nequidem
1406 2576 1463 2636 per
1474 2557 1678 2618 intentionem
1707 2587 1748 2632 ,ιθ

887 2644 1149 2723 contrahentium,
1166 2665 1257 2724 posse
1271 2665 1355 2708 nuno
1369 2645 1522 2708 rationem
1537 2649 1681 2707 contrac-

887 2738 937 2794 tus
951 2733 1032 2795 inter
1044 2734 1152 2795 fideles
1167 2735 1305 2815 separari
1320 2734 1474 2796 aratione
1497 2735 1680 2796 Sacramen-

887 2821 921 2898 ti,
937 2828 1052 2902 praetcr
1065 2823 1175 2887 citatos
1194 2825 1237 2886 ihi
1252 2823 1305 2885 lib.
1322 2828 1351 2900 6,
1369 2823 1484 2884 ιιοιιιιι
1497 2822 1677 2883 Rallarmin.

887 2912 1023 2990 Praepos.
1048 2915 1157 2974 Avers.
1184 2931 1289 2990 supra,
1306 2912 1428 2992 Pignat.
1450 2918 1536 2970 tract.
1553 2914 1583 2987 7,
1600 2929 1677 2972 ιοιιι.

886 3000 936 3074 22,
952 3017 1034 3059 aum.
1057 3005 1086 3076 7,
1104 3000 1218 3079 aliique
1241 2999 1367 3078 plurimi
1389 3015 1461 3060 eum
1481 2998 1613 3076 Sperell.
1631 2998 1680 3059 dc-

887 3086 936 3148 cr's.
959 3090 989 3164 9,
1006 3106 1119 3149 aaraer.
1136 3090 1186 3165 23,
1203 3087 1256 3167 qui
1277 3087 1354 3148 dicit
1376 3088 1458 3147 bana
1479 3103 1547 3147 esse
1570 3103 1680 3146 veram

887 3174 1084 3253 sententiam,
1101 3180 1132 3236 at
1153 3177 1259 3236 Romae
1274 3175 1480 3253 approbatam
1495 3193 1503 3246 ;
1526 3173 1681 3234 accedunt

888 3281 926 3322 ax
949 3264 1099 3342 Scotistis,
1121 3264 1232 3345 ilique.
1250 3266 1339 3325 Pont.
1361 3265 1506 3325 Brancat.
1534 3261 1680 3324 Rationes

887 3355 969 3412 sunt.
987 3357 1015 3412 l.
1033 3352 1210 3414 Auctoritas
1224 3352 1397 3414 iunocentii
1410 3353 1462 3428 lll,
1479 3350 1569 3429 cujus
1582 3349 1681 3411 rerba

887 3438 978 3502 retuli
992 3440 1061 3501 loco
1077 3439 1170 3502 citato
1185 3440 1238 3501 lib.
1252 3443 1281 3517 6,
1294 3440 1419 3501 videtur
1433 3440 1516 3500 enim
1526 3457 1678 3517 asserere,

888 3528 972 3607 quod
982 3528 1169 3606 Baptismus,
1182 3527 1242 3588 hoc
1257 3527 1323 3606 ipso
1339 3526 1423 3606 quod
1436 3526 1681 3588 inamissibiliter

887 3617 928 3678 sit
954 3617 1119 3694 admissae,
1144 3617 1238 3680 iaciat
1265 3622 1460 3679 contractum
1487 3616 1679 3678 matrimonii

888 3725 955 3767 esse
972 3707 1219 3784 Sacramentum,
1236 3710 1267 3768 ιι
1286 3707 1356 3768 ideo
1376 3705 1470 3767 etiam
1485 3705 1633 3782 Consilia,
1650 3709 1681 3766 et

888 3795 993 3858 Sancti
1016 3798 1124 3857 Patres
1145 3794 1352 3857 communiter
1367 3794 1484 3870 dicunt,
1501 3795 1551 3854 vel
1565 3812 1682 3872 suppo-

888 3891 968 3946 nunt
989 3885 1189 3947 matrimonia
1211 3885 1351 3946 fidelium
1373 3901 1440 3944 asso
1464 3884 1678 3944 Sacramenta.

887 3977 917 4036 2.
943 3975 1069 4035 Certum
1091 3978 1148 4049 est,
1170 3972 1254 4052 quod
1278 3971 1418 4034 Christus
1441 3970 1563 4032 ratione
1586 3969 1680 4031 validi

888 4067 1067 4124 contractus
1081 4061 1319 4124 matrimonialis
1333 4061 1414 4122 inter
1427 4058 1536 4120 fideles
1551 4059 1682 4120 eleuarit

888 4152 928 4213 ad
943 4153 1096 4214 rationem
1112 4150 1316 4227 Sacramenti,
1333 4154 1427 4228 atque
1442 4147 1485 4208 ita
1499 4147 1678 4214 instituerit,

889 4246 924 4302 ιιι
937 4242 977 4302 ad
990 4240 1145 4303 rationem
1159 4243 1335 4302 contractus
1350 4237 1515 4300 accederat
1528 4237 1609 4298 ratio
1624 4238 1681 4300 Sa·

888 4328 1051 4405 crementi,
1068 4329 1178 4390 saltem
1194 4327 1362 4404 ordinarie,
1379 4331 1410 4388 ιι
1424 4345 1481 4406 per
1502 4344 1535 4388 se
1549 4326 1681 4407 loqueu-

889 4418 940 4479 do.
957 4417 1084 4479 Nullum
1098 4421 1202 4478 autem
1219 4421 1265 4477 est
1283 4415 1523 4476 fundamentum
1538 4414 1675 4491 dicendi,

889 4507 974 4588 quod
996 4506 1125 4586 privatis
1145 4505 1289 4567 fidelibus
1310 4503 1471 4584 reliquerit
1491 4507 1681 4582 potestatem

888 4594 1054 4696 separandi
1069 4613 1164 4655 unam
1186 4592 1339 4654 rationem
1354 4593 1394 4652 ab
1409 4593 1518 4668 altera,
1537 4591 1680 4671 quamvis

888 4685 972 4744 onim
986 4683 1069 4745 circa
1090 4683 1231 4744 instituta
1245 4701 1264 4742 a
1278 4701 1311 4742 sc
1327 4683 1531 4743 Sacramenta
1543 4683 1681 4758 potesta-

889 4776 953 4833 tem
966 4771 1104 4849 aliquam
1119 4770 1308 4831 concesserit
1322 4767 1479 4844 Ecclesiae,
1498 4786 1559 4828 non
1574 4771 1680 4829 tamen

888 4860 932 4922 ita
950 4859 1078 4938 privatis
1097 4858 1251 4934 ιιιιιιιιιιιι,
1270 4875 1356 4936 orgo.
1373 4855 1589 4937 confirmatur,
1607 4875 1680 4917 nam

888 4949 968 5010 sicut
955 4948 977 5010 ti
993 4947 1132 5010 Christus
1147 4967 1208 5009 non
1224 4947 1311 5008 dedit
1325 4945 1479 5008 sacerdoti
1494 4949 1680 5024 potestatem

888 5037 1006 5098 ferendi
1031 5037 1217 5098 sententiam
1240 5036 1435 5098 remissivum
1458 5034 1596 5112 peccati,
1622 5034 1680 5094 nisi

888 5126 1029 5188 intendat
1047 5125 1202 5185 rationem
1222 5123 1427 5200 Sacrament,i
1449 5123 1493 5184 ita
1512 5126 1543 5184 et
1562 5122 1623 5184 hic.
1648 5125 1677 5184 3.

889 5215 920 5278 Si
945 5219 992 5276 rat
994 5215 1023 5274 io
1043 5233 1101 5274 con
1103 5217 1220 5275 tractus
1235 5213 1373 5292 separari
1395 5215 1498 5290 potest
1520 5231 1539 5271 a
1560 5211 1680 5273 ratione

889 5303 1093 5378 Sacramenti,
1109 5319 1184 5381 ergo
1199 5303 1372 5402 prudenter
1385 5299 1568 5361 suadebitur
1583 5300 1680 5359 haero-

887 5391 967 5469 ιιιιι,
984 5396 1038 5452 aut
1053 5409 1069 5450 e
1071 5391 1148 5451 tiam
1167 5390 1235 5450 aliis
1238 5390 1315 5469 ,qui
1334 5389 1364 5448 in
1385 5387 1510 5448 mortali
1529 5392 1602 5448 sunt
1622 5406 1679 5448 nec

887 5479 997 5540 volunt
984 5477 1167 5556 tpoenitere
1182 5483 1254 5540 anta
1268 5477 1515 5554 matrimonium,
1531 5479 1566 5538 ut
1580 5476 1681 5538 inten-
