3976 6348
10 551 12 582 ’9

10 633 12 664 l

10 665 13 740 μ
64 759 183 838 itque
206 761 346 838 tempore
371 760 412 819 sit
432 761 637 836 contractum,
662 758 820 838 quomodo

10 841 12 926 j
63 847 92 906 sit
103 845 248 922 oecultum,
263 865 302 907 an
319 851 352 908 et
364 852 481 926 quanta
495 851 641 907 secutura
656 847 822 908 99919999-

10 931 12 1012 9
63 933 116 995 dala
135 953 166 994 ex
183 936 400 1013 separatione;
423 937 472 997 991
493 935 518 996 si
534 954 595 996 non
617 935 822 997 contrahatur

62 1021 272 1091 matrimonium,
302 1042 342 1083 an
366 1031 507 1106 uterque,
532 1043 572 1084 an
596 1025 676 1084 alter
698 1029 820 1086 tantum

62 1107 90 1168 sit
101 1108 289 1172 machinatus.
307 1111 338 1172 Si
355 1111 439 1172 idem
454 1113 572 1172 crimen
588 1111 627 1173 sit
646 1110 758 1190 smptus
773 1127 821 1168 re-

62 1197 295 1274 petitum,docent
305 1201 381 1260 Con.
395 1201 509 1261 Saneh.
524 1199 691 1276 1.8,(1.99;
709 1201 819 1259 Avens.

10 1287 12 1320 ⁴
60 1304 82 1364 9.
96 1287 166 1360 t9,s.
181 1290 207 1362 6,
224 1287 464 1366 exprimendum
479 1307 559 1364 esse,
586 1288 659 1367 quia
682 1293 749 1347 tum
763 1285 821 1346 dii-

11 1425 12 1430 ,
61 1371 198 1434 ticiliorcst
220 1375 382 1436 Pontifex:
399 1377 455 1437 sed
476 1377 574 1437 Krim.
591 1397 621 1436 a.
639 1379 728 1450 9154,
746 1373 821 1434 dieit

10 1441 14 1480 ‘¹
62 1459 105 1519 hoc
124 1479 153 1520 ex
173 1465 283 1523 natura
306 1463 350 1524 rei
375 1483 436 1525 non
451 1465 580 1544 requiri,
598 1482 671 1524 nam
687 1462 821 1524 antehae

11 1545 12 1604 t
60 1547 172 1608 similiter
190 1551 367 1631 deliquisse,
394 1555 426 1614 et
449 1553 664 1632 dispensatum
684 1569 751 1611 esse
772 1555 820 1611 est

10 1643 14 1689 ÷
60 1635 257 1699 circumstantia
286 1641 325 1701 de
353 1659 386 1701 se
420 1641 636 1721 impertinens,
673 1640 764 1714 Quod
793 1639 820 1699 si

60 1724 125 1784 aliud
144 1725 251 1788 habeat
270 1729 371 1806 stylus
392 1729 504 1807 Guriae,
520 1729 691 1791 videndum
706 1733 763 1802 est,
781 1745 822 1788 an

13 1870 17 1879 ,
60 1811 89 1872 sit
98 1813 229 1890 probatus
243 1822 410 1891 constans3
428 1823 459 1877 et
473 1818 624 1894 notorius,
641 1835 723 1895 saepe
739 1814 822 1875 enim

12 1917 16 1937 ³
60 1900 140 1960 rarius
148 1906 198 1977 est,
215 1908 245 1965 et
258 1907 327 1964 turm
338 1906 463 1982 signum
475 1909 594 1966 estnon
610 1906 682 1965 ideo
698 1901 825 1965 causari

13 1990 17 1999 '
60 1986 259 2058 inraliditatem,
278 1993 467 2071 quandoque
482 1993 565 2054 enirn
581 1991 757 2072 praescrihit
775 1995 821 2052 ta·

11 2110 16 2125 .
59 2074 104 2134 lcm
121 2095 211 2154 usum,
236 2080 292 2140 scd
315 2097 377 2140 non
400 2079 471 2140 ideo
493 2079 595 2142 irritat
610 2078 815 2141 contrarium.

60 2161 139 2223 Viden
161 2170 255 2244 potest
279 2168 378 2228 lirim.
405 2187 423 2228 a
450 2189 481 2230 9.
506 2171 594 2244 1169,
618 2171 707 2245 9999,
726 2169 817 2228 9119.

60 2251 176 2321 Quamvis
189 2259 292 2316 autem
308 2256 368 2317 hoe
384 2275 445 2317 non
462 2256 641 2338 requiratur
655 2275 694 2316 ex
709 2259 823 2316 natura

10 2373 14 2378 -
60 2339 101 2416 rei,
118 2345 210 2402 tamen
234 2363 273 2405 ne
275 2349 323 2406 99
344 2346 473 2407 Corrad.
501 2347 521 2406 l.
548 2349 613 2408 8c.
643 2350 673 2422 9,
689 2364 769 2404 mrim.
789 2346 819 2418 8,

13 2457 16 2470 ·
61 2428 149 2506 requiri
163 2450 198 2490 ex
212 2432 371 2512 obligante
387 2435 468 2513 stylo
483 2435 596 2497 Curim.

13 2494 44 2567 d*
87 2517 162 2594 §lt
190 2519 219 2580 Si
248 2521 332 2582 adsit
364 2521 526 2623 multiplex
558 2521 823 2600 impedimentum

14 2601 171 2706 Jejusdem
190 2609 324 2686 generis,
350 2629 380 2670 v.
398 2630 428 2690 g.
446 2611 471 2670 si
496 2611 565 2692 quis
587 2609 754 2671 carnaliter
770 2625 823 2668 eo-

14 2695 174 2794 1999999999
162 2696 268 2758 tduas
292 2717 418 2760 sorores
439 2699 521 2760 illius
535 2717 632 2780 qoam
646 2699 714 2760 vult
727 2698 823 2758 duee-

60 2780 342 2863 re,s1srteognatns
357 2806 394 2847 ex
414 2791 503 2865 parte
522 2786 620 2865 patris
642 2791 673 2848 et
696 2785 818 2860 matris,

13 2805 184 3015 9991999999
197 2891 233 2932 ex
253 2874 322 2935 font
310 2879 339 2935 99
359 2876 448 2953 Bapt
441 2875 511 2936 rsmi
532 2875 611 2936 duos
626 2875 706 2935 illios
721 2873 820 2949 Titiae,

60 2973 132 3034 qoam
147 2957 207 3038 jam
225 2961 320 3022 991191
334 2962 459 3040 ducere,
478 2965 538 3024 ete.
561 2964 677 3024 docent
691 2961 820 3040 11999999.

14 3042 21 3101 i
61 3042 172 3106 ledesm.
189 3048 316 3148 liodrig.
333 3051 431 3129 Vaga,
448 3069 592 3112 nonesse
608 3069 686 3130 opus
702 3054 820 3112 utrum-

61 3147 105 3208 que
124 3136 302 3215 exprimere,
327 3138 416 3201 sicuti
441 3139 494 3219 qui
517 3158 574 3219 per
597 3140 702 3217 plures
732 3141 822 3200 aetus

14 3186 22 3297 l
61 3218 172 3296 ejusdem
189 3225 317 3288 rationis
337 3227 519 3289 incurrisset
542 3227 819 3306 irregularitatem,

15 3315 235 3384 ,9991999199
255 3316 443 3394 exprimere,
461 3317 521 3378 nisi
536 3336 632 3378 unum
646 3321 773 3386 actum,
791 3317 822 3374 99

14 3369 539 3484 Ι1199999999999999999999999199
555 3408 663 3481 mor.,l
680 3403 749 3465 dud.
767 3407 818 3479 43,

63 3483 118 3547 dicit
133 3507 192 3552 esse
214 3493 470 3594 probabiliorem,
493 3494 652 3594 favetque·
667 3493 765 3555 Krim.
787 3510 818 3551 a.

62 3576 127 3635 9111.
149 3579 306 3640 Rationem
330 3599 348 3641 a
370 3581 464 3660 priori
489 3582 575 3658 dant,
600 3581 674 3660 quia
694 3581 822 3642 ridetur

63 3679 112 3723 esse
131 3685 216 3727 unum
237 3687 370 3730 numero
391 3670 661 3749 impedimentum,
684 3669 774 3730 sicuti
795 3668 820 3729 si

10 3765 12 3770 ’
63 3750 113 3826 ems
123 3771 186 3816 com
199 3756 310 3816 eadem
325 3757 557 3835 consanguinea
575 3757 681 3835 plures
695 3755 824 3816 habuis·

63 3843 97 3900 set
112 3843 234 3922 copulas,
251 3849 334 3905 esset
348 3845 476 3904 unicum
499 3845 778 3926 impedimentum
796 3843 821 3903 si

10 3953 13 3960 ’
64 3927 186 4004 quiscum
199 3932 521 3994 excommunicatione
537 3931 651 4010 sapius
665 3932 822 3993 celebras-

10 4045 11 4050 *
64 4019 105 4091 set,
114 4017 279 4081 incurrisset
295 4019 418 4080 unicam
428 4020 741 4100 irregularitatem35i
753 4019 822 4100 quis

64 4111 191 4178 peccasset
212 4113 322 4169 eontra
344 4114 452 4169 votum
480 4109 594 4187 saepius
609 4112 819 4184 renovatum,

65 4193 234 4256 commisisset
253 4196 382 4254 unicum
413 4194 623 4275 sacrilegium,
651 4212 709 4255 nee
737 4199 822 4256 tene-

65 4285 128 4339 retur
150 4285 353 4362 pluralitatem
382 4285 567 4363 exprimere.
598 4283 823 4346 contradicunt

65 4367 101 4426 elii
123 4371 324 4446 communius,
355 4372 469 4433 Sanelr.
496 4373 585 4433 Pont.
612 4373 717 4433 Perez.
748 4371 819 4433 dub.

65 4459 101 4531 16,
115 4469 172 4520 sect.
195 4462 316 4534 maie.
333 4462 443 4523 'lamb
469 4463 578 4522 199999.
604 4479 633 4541 q.
660 4465 707 4534 19,
730 4480 753 4521 s.
780 4463 819 4532 53

66 4544 167 4607 Wiestn.
181 4549 292 4610 1199919.
312 4569 341 4610 a.
358 4551 426 4626 938,
445 4550 519 4628 quia
538 4551 616 4610 Rota
631 4567 755 4627 semper
770 4549 821 4609 de-

10 4651 13 4658 ’
66 4631 120 4692 cidit
139 4637 319 4714 oppositum,
343 4637 387 4699 uti
409 4639 505 4698 refert
528 4636 618 4698 Card.
645 4635 676 4695 ia
697 4639 715 4695 9
739 4636 819 4714 crisi,

66 4717 115 4781 dim.
129 4727 153 4798 9,
168 4743 195 4784 a.
207 4729 276 4801 694,
286 4724 393 4785 dicens
407 4724 594 4786 sententiam
609 4723 743 4802 primam
758 4739 820 4782 non

67 4811 823 4892 essepmeticeprobabilem,ideoqueetiamdieunt

67 4897 123 4958 lun.
137 4901 234 4975 999199,
251 4919 325 4960 enin
339 4901 391 4980 qui
406 4919 463 4977 per
484 4899 599 4978 duplex
618 4899 821 4960 homicidium

68 4983 213 5051 incurrisset
235 4989 514 5064 irregularitatem,
539 4987 654 5048 debere
683 4985 742 5045 hoe
771 5005 821 5045 ex-

67 5073 170 5147 primere
187 5097 192 5136 :
209 5095 283 5154 ergo
305 5077 401 5136 multo
420 5076 521 5153 iungis
543 5074 595 5154 qai
611 5074 726 5150 duplex
741 5073 820 5152 ojus-

68 5160 246 5226 irritationis
265 5165 397 5226 haberet
410 5163 668 5242 impedimentum
682 5181 689 5234 3
707 5167 738 5222 99
761 5162 821 5222 1999

69 5250 143 5328 urps
162 5251 391 5312 confirmabitur
414 5270 450 5310 ex
475 5250 615 5311 dicendis
637 5251 656 5310 l.
674 5255 703 5326 7,
721 5269 751 5310 n.
769 5253 818 5324 87,

70 5331 171 5416 ideoque
184 5359 241 5400 nen
256 5339 380 5400 videtur
402 5338 578 5399 audiendus
593 5337 669 5398 doh.
686 5346 724 5398 tr.
741 5340 771 5412 9,
789 5356 817 5396 a.

70 5425 118 5498 619,
131 5426 195 5486 item
217 5429 247 5488 in
267 5427 414 5500 Quinario
430 5437 470 5488 tr.
487 5429 516 5504 5,
533 5446 558 5485 e.
576 5431 625 5502 37,
642 5447 672 5486 9.
690 5428 759 5499 948,
776 5425 821 5484 di-

72 5527 136 5592 ceus,
150 5534 204 5580 non
228 5535 294 5582 esse
319 5517 497 5596 scrupulum
516 5513 706 5574 movendum
730 5513 754 5574 si
770 5531 822 5572 ex·

682 571 733 633 oh
754 571 1014 633 Mnt'ltlmomo.

1612 575 1669 635 935

876 757 995 836 pressio
1011 757 1145 837 duplicis
1168 759 1250 820 illius
1271 759 1487 840 impedimenti
1511 760 1670 820 bonafide

877 849 959 906 esset
974 846 1099 923 omissa,
1126 847 1188 908 imo
1213 849 1237 908 si
1263 849 1398 910 antehae
1423 848 1619 928 dispensatus
1641 849 1673 908 in

876 933 1006 994 erimine
1022 934 1135 995 iterum
1150 937 1327 998 committat
1341 937 1435 1012 idem,
1453 941 1487 999 ut
1510 938 1535 998 si
1554 937 1673 998 machi·

876 1025 968 1083 natus
990 1013 1029 1082 s'it
1050 1023 1158 1101 primae
1181 1028 1212 1086 et
1233 1026 1380 1086 secundae
1404 1025 1502 1100 uxori,
1519 1029 1673 1087 doctores

876 1128 907 1171 n.
938 1112 996 1172 918
1024 1111 1109 1172 999999
1138 1114 1334 1174 communius
1366 1114 1473 1174 dicunt
1498 1114 1614 1174 debere
1638 1115 1671 1174 id

876 1197 1018 1276 exprimi,
1049 1205 1187 1261 attamen
1213 1201 1244 1262 id
1267 1220 1331 1264 non
1355 1207 1402 1264 cst
1429 1221 1518 1281 opus,
1549 1201 1575 1262 si
1603 1202 1672 1282 quis

876 1285 970 1346 aliam
986 1307 1115 1348 uxorem
1131 1289 1281 1352 ducturus
1299 1291 1413 1353 debeat
1435 1289 1611 1369 dispensari
1639 1289 1670 1348 in

876 1374 987 1434 eodem
1011 1375 1072 1436 alio
1095 1377 1322 1456 impedimento
1338 1379 1369 1440 iu
1385 1399 1447 1458 que
1463 1383 1557 1439 antea
1572 1378 1672 1437 fuerat

876 1462 1085 1539 dispensatus,
1103 1463 1146 1524 uti
1164 1465 1260 1527 hahet
1275 1467 1481 1528 communior.

916 1551 992 1628 §lh
1011 1551 1043 1612 Si
1058 1551 1140 1613 inter
1155 1553 1276 1634 aliquos
1288 1555 1349 1616 sint
1363 1557 1454 1633 plura
1469 1554 1672 1634 impedimen·
1699 1544 1741 1590 9²⁰

876 1644 919 1715 ta,
936 1641 967 1700 et
981 1638 1115 1712 diversa,
1133 1645 1245 1718 putant
1260 1645 1338 1704 Nav.
1356 1645 1484 1723 llenriq.
1497 1644 1599 1719 Salas,
1617 1644 1669 1718 Sa,

877 1730 908 1784 et
922 1723 1083 1803 probabile
1099 1745 1166 1786 esse
1182 1727 1290 1788 dicunt
1305 1730 1421 1791 Sanch.
1440 1731 1461 1790 1.
1485 1735 1514 1807 8,
1531 1729 1559 1790 d.
1571 1731 1621 1804 93,
1638 1749 1669 1788 a.

877 1815 891 1873 1
907 1832 914 1886 ;
932 1813 1021 1874 Dian.
1039 1833 1073 1894 p.
1093 1817 1120 1882 1,
1139 1823 1177 1876 tr.
1196 1820 1244 1892 19,
1261 1837 1290 1898 q.
1308 1821 1365 1891 39;
1390 1822 1468 1898 Lug.
1491 1819 1669 1900 1999999999.

877 1900 906 1962 d.
937 1905 987 1978 49,
1018 1921 1048 1962 n.
1078 1907 1107 1979 9,
1139 1903 1275 1965 validam
1303 1907 1371 1968 tore
1392 1907 1668 1986 dispensationem,

878 1989 1022 2070 quamvis
1045 1989 1077 2049 in
1101 1991 1233 2054 diversis
1255 1995 1404 2074 supplicis
1428 2001 1500 2073 peta
1481 2001 1551 2058 atur
1565 1995 1672 2074 singu-

876 2076 979 2136 lorum
1000 2077 1201 2157 dispensatio,
1226 2084 1257 2143 et
1277 2101 1339 2142 non
1365 2083 1520 2162 exprimat
1522 2103 1558 2143 ur
1586 2084 1670 2162 quael

877 2165 938 2225 sint
961 2165 1155 2246 9999999999Ι
1148 2187 1179 2228 rn
1203 2169 1314 2230 eadem
1342 2191 1486 2250 persona,
1514 2173 1588 2253 quia
1609 2190 1671 2232 non

876 2252 947 2314 ideo
963 2255 1130 2331 postulatio
1147 2257 1250 2319 reddit
1238 2263 1289 2319 tur
1302 2259 1512 2338 fraudulenta,
1529 2262 1578 2322 vel
1598 2261 1672 2321 sub·

877 2341 1012 2420 reptitia,
1030 2348 1061 2403 et
1078 2343 1201 2422 singula
1223 2346 1276 2407 9119
1290 2346 1516 2426 impedimenta
1530 2354 1602 2410 sun
1616 2368 1672 2428 per

878 2448 910 2489 se
932 2436 964 2490 et
984 2430 1142 2509 sigillatim
1167 2435 1295 2510 capacia
1319 2437 1570 2516 dispensationis.
1594 2439 1672 2498 Cou-

877 2517 1034 2581 tradieont
1066 2521 1259 2598 probabilius
1292 2525 1437 2586 Ledrsm.
1467 2529 1543 2606 Lep.
1577 2527 1668 2587 Suar.

877 2609 987 2684 haym.
1006 2609 1121 2669 Sanch.
1139 2612 1228 2670 Pont.
1246 2611 1336 2672 Dian.
1354 2614 1431 2674 Gob.
1450 2623 1488 2675 tr.
1506 2619 1535 2690 9,
1553 2635 1581 2675 a.
1599 2617 1668 2684 694;

878 2695 1011 2754 Wiestn.
1028 2697 1120 2757 Kero.
1137 2717 1166 2757 9.
1185 2700 1254 2775 938,
1270 2705 1302 2760 99
1316 2699 1379 2776 9199,
1398 2702 1472 2780 quia
1486 2703 1577 2782 plura
1591 2701 1671 2782 99999-

878 2784 963 2844 modi
979 2784 1203 2862 impedimenta
1218 2788 1396 2852 alternatim
1412 2791 1523 2851 eadem
1537 2809 1673 2870 por-sona

878 2871 1033 2952 majorem
1049 2872 1270 2952 indecentiam,
1288 2879 1319 2938 et
1338 2877 1448 2939 morito
1464 2878 1599 2938 reddunt
1614 2877 1673 2938 dii-

878 2959 1041 3020 tteiliorem
1067 2960 1329 3038 dispensationem
1349 2984 1356 3024 :
1382 2967 1468 3046 Papa
1486 2966 1570 3026 enim
1589 2983 1671 3044 saepe

878 3067 941 3108 non
966 3048 1172 3126 dispensaret,
1202 3049 1227 3109 si
1250 3050 1344 3113 sciret
1366 3053 1462 3114 totin
1478 3053 1588 3113 eadem
1603 3071 1671 3131 per-

878 3155 956 3198 sona
970 3154 1169 3213 concurrere,
1197 3138 1339 3219 adeoque
1361 3141 1486 3202 videtur
1506 3161 1540 3202 ex
1566 3159 1672 3203 errore

878 3225 1059 3304 dispensare
1074 3222 1105 3283 in
1120 3224 1262 3303 singulis.
1280 3229 1319 3288 nt
1333 3227 1395 3289 huc
1409 3229 1483 3291 lacit
1498 3229 1672 3290 eommunis

878 3312 1020 3374 doctrina
1043 3313 1195 3374 ductores
1219 3316 1304 3394 apud
1325 3318 1667 3396 89999·911.9199.119,9.

876 3405 927 3478 36,
953 3401 1219 3480 dispensationem
1242 3421 1305 3464 non
1330 3407 1598 3487 comprehendere
1622 3424 1671 3467 ea-

877 3506 947 3548 sum
961 3487 1103 3564 mixtum,
1121 3487 1254 3568 ideoque
1269 3489 1470 3571 ldpiseopum,
1484 3493 1537 3573 qui
1548 3493 1672 3572 dispen-

877 3595 947 3637 sare
962 3579 1077 3655 potest,
1094 3578 1126 3636 et
1139 3577 1171 3636 in
1186 3576 1351 3656 adulterio,
1369 3587 1399 3642 et
1414 3581 1444 3641 in
1459 3581 1591 3659 incesto,
1608 3600 1671 3642 non

876 3664 960 3725 idem
975 3681 1065 3742 posse
1080 3663 1104 3723 si
1129 3668 1295 3746 utrumque
1317 3668 1435 3730 crimen
1455 3671 1487 3730 in
1510 3687 1573 3730 uno
1599 3688 1671 3730 con·

873 3753 1049 3832 jungatur3
1074 3751 1130 3812 sed
1151 3752 1191 3812 de
1211 3753 1271 3815 hoe
1287 3755 1384 3816 videri
1400 3763 1501 3836 potest
1516 3757 1630 3820 Saneh.
1648 3758 1668 3817 l.

877 3845 907 3918 8,
923 3839 953 3901 d.
971 3843 1001 3914 9,
1018 3842 1234 3903 9991999999
1249 3846 1355 3904 autern
1369 3846 1457 3906 multi
1473 3865 1544 3906 cum
1559 3849 1668 3907 Avers.

876 3952 906 4012 q.
933 3933 981 4006 l9,
1005 3949 1029 3989 s.
1056 3933 1086 4004 5,
1112 3930 1136 3990 si
1160 3931 1287 4010 aliquod
1311 3951 1348 3992 ex
1373 3935 1421 3994 his
1440 3935 1671 4014 impedimentis

878 4023 959 4080 esset
978 4019 1146 4094 occultum,
1177 4037 1235 4079 nee
1264 4027 1369 4098 posset
1396 4023 1514 4103 absque
1543 4023 1671 4082 infamia

876 4106 1041 4188 publicari,
1058 4107 1163 4166 valere
1178 4106 1443 4185 dispensationem
1464 4111 1555 4170 unius
1569 4110 1671 4188 publi-

876 4214 913 4257 ee
928 4195 1100 4266 obtentam,
1113 4194 1283 4256 dummodo
1298 4197 1330 4256 in
1345 4198 1485 4276 supplica
1501 4217 1557 4276 pro
1572 4199 1669 4258 altero

877 4285 1069 4347 occultabat
1090 4282 1208 4342 mentio
1234 4283 1321 4344 istius
1344 4285 1471 4347 alterius
1487 4285 1667 4364 dispensati,

875 4373 926 4433 xrl
949 4369 1160 4450 dispensandi,
1186 4370 1260 4449 quia
1280 4390 1341 4431 non
1365 4371 1489 4436 videtur
1505 4378 1670 4435 censenta-

877 4479 971 4522 neum
986 4459 1096 4540 pietati
1110 4460 1203 4535 Papae
1219 4460 1359 4540 obligare
1383 4463 1423 4522 ad
1448 4482 1491 4532 se,
1517 4467 1547 4522 et
1565 4461 1669 4542 praxi·

876 4568 963 4610 mum
986 4548 1016 4608 in
1040 4547 1097 4608 isto
1113 4546 1210 4608 altero
1236 4548 1349 4609 iterum
1364 4551 1489 4628 publice
1505 4551 1670 4611 diffaman-

877 4638 1043 4714 dum,eum
1058 4636 1096 4695 de
1112 4635 1163 4695 illo
1178 4635 1369 4715 conjunctim
1384 4637 1457 4697 alibi
1469 4639 1523 4699 fiat
1536 4637 1665 4697 mentio.

877 4723 1044 4803 Speeiatim
1061 4727 1166 4784 autem.
1181 4727 1290 4786 notant
1308 4725 1449 4804 plerique
1464 4723 1668 4802 impedimen·

875 4820 942 4876 tum
957 4811 1130 4890 impediens
1149 4812 1210 4873 voti
1233 4813 1365 4893 alicujus
1386 4831 1477 4892 posse
1498 4810 1667 4888 separatim

876 4900 1020 4980 proponi,
1037 4918 1108 4959 oum
1124 4919 1204 4978 per
1194 4901 1340 4961 accidens
1364 4920 1397 4960 se
1417 4901 1532 4960 haheat
1555 4896 1594 4956 ad
1609 4895 1668 4954 im-

875 4990 1056 5069 pedimenta
1071 4988 1258 5062 dirimentio,
1278 4993 1308 5050 et
1329 4989 1496 5068 aliquando
1516 4983 1613 5064 possit
1628 4983 1667 5042 ah

879 5078 1034 5156 Episcopo
1051 5077 1099 5136 991
1115 5081 1225 5154 parent
1213 5077 1296 5136 tibus
1311 5075 1384 5137 tolli.

915 5165 933 5242 ἓ
948 5167 995 5224 13.
1014 5163 1045 5224 Si
1070 5162 1243 5239 impetrasti
1260 5161 1524 5240 dispensationem
1540 5174 1595 5234 pro
1612 5154 1667 5214 du-
1695 5159 1734 5203 9²¹

876 5253 976 5314 ceorla
989 5251 1047 5312 'lit
1041 5269 1142 5327 rrgrco
1123 5253 1227 5325 enata,
1253 5267 1289 5310 ea
1313 5254 1417 5308 autem
1439 5248 1521 5304 mort
1524 5261 1563 5300 ua
1578 5247 1667 5318 potas

876 5339 1138 5418 dispensationem
1158 5355 1213 5414 pro
1238 5337 1382 5397 doeenda
1405 5333 1479 5394 Gaia
1502 5328 1597 5389 etiam
1613 5345 1668 5386 co

875 5447 928 5505 gn
920 5431 996 5486 atat
998 5444 1047 5496 ua,
1066 5441 1125 5483 non
1152 5427 1197 5482 est
1219 5441 1296 5501 opos
1317 5423 1381 5481 herr
1375 5415 1589 5478 mentionem
1604 5411 1667 5471 dis-

876 5512 1065 5594 pensationis
1088 5509 1233 5592 prioris:
1260 5509 1284 5576 99
1309 5514 1413 5568 tamon
1437 5501 1518 5564 'sitia
1542 5498 1666 5559 livente
