4176 6350
424 519 449 581 P
768 515 888 580 INDEX
907 515 1080 582 1168111116.
1406 521 1432 584 P

106 718 132 756 6.
149 704 204 756 336.
224 702 411 763 Diverelruode
421 703 455 756 lis
465 703 659 768 exstinguitur,
674 718 700 756 r.
715 717 753 770 6.,
767 701 791 754 61
805 705 895 768 partes

104 774 203 826 lsciant
221 775 446 838 compositionem
465 775 620 840 6661666666,
634 789 690 826 666
702 775 895 838 ’666666666666

104 843 196 896 liberm
210 845 371 911 mutationi,
389 847 411 896 si
426 859 488 896 reus
502 846 598 896 saltem
620 847 702 896 tacite
717 845 851 906 ostendat,
867 859 895 894 se

105 916 175 968 66116
190 929 299 966 6666666
315 916 453 980 prosequi,
467 920 530 978 etc,
544 929 571 966 6.
587 917 641 966 332.
656 917 691 967 116
708 916 742 966 116
756 915 828 966 circa
845 919 894 968 Be-

103 986 231 1038 neficium
254 988 396 1042 censeatur
419 986 536 1048 deserta,
560 987 710 1052 requiritur
732 987 823 1050 lapsus
846 987 896 1035 tri-

102 1056 175 1120 61616
189 1070 335 1120 annorum,
346 1057 389 1110 vsi
399 1057 535 1112 sententis
549 1057 690 1108 declarans
703 1058 895 1117 desertionem,

102 1125 194 1178 66166
214 1131 320 1178 constet
339 1127 372 1178 dc
394 1129 455 1195 6666
475 1128 667 1194 prosequentia
684 1141 746 1178 cum
768 1128 844 1194 lapsu
867 1129 895 1180 63

101 1210 246 1260 annorum,
262 1202 325 1262 etc,
339 1213 367 1250 ιι.
382 1199 437 1256 633.

425 1321 566 1384 6161011161.

110 1459 112 1466 .
133 1417 244 1472 Pactum
255 1417 328 1468 66661
340 1417 400 1483 quis
410 1419 488 1476 616661
499 1432 527 1468 66
536 1417 570 1468 ad
580 1415 684 1483 aliquid
697 1416 763 1468 velit
774 1417 895 1482 66116666

102 1489 608 1554 66666666666116666661666616,6ο6
625 1492 715 1539 tamen
731 1503 763 1540 ex
776 1489 895 1554 66661616,

101 1560 211 1612 6661166
226 1560 394 1610 uoluntatem
412 1561 485 1616 illsm
500 1563 632 1624 acceptet,
643 1560 660 1609 l.
676 1561 701 1620 3,
718 1575 743 1625 6.
759 1561 783 1620 3,
800 1574 825 1610 6.
838 1562 892 1610 166.

102 1629 210 1682 Pactum
225 1630 259 1680 de
274 1631 347 1694 prole
363 1631 391 1680 in
409 1631 508 1684 tiaeresi
527 1631 668 1684 educanda
688 1643 743 1682 666
763 1629 827 1680 11666
845 1630 893 1681 ad·

100 1699 163 1750 dere
177 1701 359 1762 Matrimonia,
378 1700 395 1751 l.
411 1704 435 1766 2,
450 1715 477 1766 p.
491 1703 529 1752 38.

131 1771 242 1822 l’actum
263 1774 388 1822 mutuam
407 1771 478 1825 inter
490 1773 618 1836 conjuges
636 1783 692 1822 nan
706 1771 829 1836 petendi,
843 1785 893 1823 nec

101 1841 230 1894 reddendi
245 1842 379 1904 debitum,
401 1847 442 1896 est
456 1843 578 1894 validum
595 1860 601 1892 s
617 1845 730 1907 uterque
752 1847 843 1894 tamen
858 1844 893 1894 li·

101 1911 151 1962 alte
166 1912 266 1977 poterit
280 1916 388 1978 pscium
403 1912 470 1968 illud
481 1915 564 1964 etiem
576 1914 696 1977 66666666
707 1914 784 1965 616661
797 1915 892 1966 remit-

101 1985 165 2044 tere,
180 1983 234 2034 nisi
249 1997 283 2034 ex
298 1983 399 2047 pietate
417 1983 451 2035 ad
471 1983 614 2035 colendum
637 1985 721 2034 Deum
739 1998 788 2052 per
802 1986 891 2034 conti·

101 2053 220 2104 nentium
241 2055 380 2118 iurassent
402 2057 473 2108 stare
497 2058 585 2118 pacto,
600 2053 618 2104 1.
643 2055 669 2115 6,
687 2067 712 2118 6.
736 2055 761 2115 3,
785 2068 812 2105 6.
836 2056 890 2105 361.

101 2123 219 2186 Pactum,
234 2123 325 2174 ducam
346 2125 377 2185 te,
392 2125 417 2172 si
432 2123 566 2176 6666666616
582 2123 646 2173 inubi
658 2123 735 2186 mille,
753 2123 891 2174 ordinarie

101 2206 154 2244 non
171 2195 270 2246 valet:
292 2194 401 2260 quodsi
421 2195 448 2246 id
468 2198 541 2262 petat
560 2208 640 2245 causa
660 2193 731 2245 dotis
750 2196 892 2260 66666666,

101 2262 142 2313 vel
164 2270 276 2330 propter
294 2264 508 2328 inaequalitatem
531 2265 659 2328 ipsorum,
676 2264 719 2315 661
734 2281 770 2316 ex·
783 2265 837 2315 alia
854 2266 892 2314 61-

101 2331 159 2384 66111
171 2336 284 2386 honeste
305 2350 386 2386 causa
406 2335 522 2396 valebit,
538 2334 555 2385 1.
573 2338 597 2396 6,
612 2351 638 2400 6.
658 2337 682 2397 3,
697 2350 723 2386 6.
739 2339 792 2388 663.
811 2339 890 2387 Pactu

102 2406 214 2468 ponatis
229 2405 400 2471 sponsalibus
416 2405 529 2471 6666666,
541 2405 678 2455 ordinarie
689 2420 743 2455 non
759 2406 890 2470 66116661,

100 2475 118 2526 1.
131 2478 155 2538 6,
169 2491 195 2539 p.
209 2479 234 2537 3,
256 2491 284 2527 6.
304 2479 356 2528 661.
376 2477 404 2527 81
426 2477 489 2542 quis
509 2477 567 2526 sine
584 2478 656 2540 66666
673 2491 752 2528 causa
777 2477 890 2540 resiliat,

101 2548 266 2610 probabilius
289 2548 420 2611 66116666,
454 2549 520 2600 dum
543 2547 638 2599 saltem
658 2549 792 2612 sponsalia
812 2551 889 2614 lura·

101 2621 189 2669 mento
204 2620 261 2670 sint
276 2619 391 2680 6666666,
411 2632 439 2671 n.
460 2619 513 2680 163,
536 2621 589 2679 653,
604 2619 629 2680 6,
646 2623 708 2669 6666
730 2620 889 2684 sponsalitio

98 2687 208 2752 66666666
225 2689 276 2754 666
297 2689 369 2752 leges
383 2702 470 2752 prensa
491 2689 724 2751 conventionales,
739 2689 888 2740 secundum

100 2763 322 2814 communiorem.
331 2773 384 2812 non
396 2759 589 2826 661166666616
600 2761 763 2812 sententiam
773 2762 888 2826 iudicis,

101 2833 158 2890 666..
172 2845 199 2882 6.
219 2835 272 2884 163.

128 2901 205 2952 Pacta
219 2905 315 2954 mutuo
328 2901 453 2966 adjuncta
464 2895 532 2953 'sunt
548 2903 681 2960 usuraria,
692 2901 798 2964 quoties
808 2901 886 2952 debi-

100 2973 140 3020 tor
148 2973 257 3028 6661666
274 2974 362 3024 mutui
378 2973 447 3026 ultra
462 2977 562 3024 sortem
578 2973 611 3024 ed
626 2973 730 3036 aliquid
742 2973 886 3038 obligatur,

98 3042 167 3104 quod
183 3057 265 3108 agere
280 3057 333 3094 non
349 3045 501 3105 tenebatur,
517 3047 567 3094 etc.
583 3059 608 3094 ι.
622 3059 649 3108 6.
666 3045 887 3108 616666666666-

99 3113 154 3163 tum
168 3117 271 3181 666166
284 3115 431 3178 recipiatur
442 3115 673 3168 cxbenevoicntis
684 3115 887 3180 661666666166,

100 3186 130 3238 116
150 3187 332 3238 mutuatarius
352 3185 455 3248 aliquid
471 3186 558 3236 661666
582 3191 687 3236 tanturn
711 3186 888 3250 probabiliter

100 3251 234 3320 debitum
251 3261 281 3307 ut
296 3259 386 3320 postea
402 3257 519 3310 vicissim
535 3259 649 3320 mutuet,
665 3259 799 3321 66666166
812 3257 886 3309 aliud

100 3323 201 3386 reddat,
216 3330 278 3386 666,
294 3327 311 3376 1.
329 3327 353 3388 3,
369 3341 386 3390 6
409 3329 434 3392 2,
449 3341 465 3377 6
480 3341 506 3376 n.
522 3327 576 3378 336.

129 3395 237 3448 Paetum
252 3397 296 3446 661
306 3397 417 3448 donatio
426 3397 460 3447 66
469 3397 582 3448 61666166
592 3397 709 3448 virentis
720 3397 888 3462 haereditate,

101 3460 155 3542 ibeo
166 3467 226 3530 6666
242 3471 283 3518 666
297 3468 383 3529 irrita,
398 3467 537 3532 aliquibus
551 3469 657 3518 casibus
672 3469 800 3533 exceptis,
817 3483 841 3518 v.
861 3483 887 3533 6.

100 3533 150 3585 arsi
169 3538 356 3598 consentiatis,
374 3538 408 3589 do
425 3539 502 3602 66666
519 3537 679 3590 hereditate
695 3540 794 3602 agitur,
809 3545 836 3590 et
860 3541 889 3591 in

100 3614 130 3651 eo
142 3618 274 3658 consensu
290 3621 374 3672 usque
389 3607 422 3660 ad
438 3613 553 3658 mortens
571 3614 734 3672 perseveret,
750 3614 811 3670 cte,
828 3611 845 3661 l.
862 3611 888 3674 3,

100 3682 124 3734 p·
138 3675 161 3736 2,
176 3689 251 3728 uum.
274 3681 342 3730 6126.
360 3679 470 3730 Pactrrm
486 3691 547 3728 curm
562 3679 737 3732 6166666611.
753 3681 888 3734 Divinatio.

130 3743 336 3814 366666666666
350 3749 488 3813 obligatio.
506 3749 537 3800 V.
555 3751 678 3814 36666166

436 3871 550 3923 estus.

129 3963 199 4018 Palla
213 3981 263 4033 pro
277 3965 413 4019 Sacrificio
427 3968 508 4020 debet
522 3981 579 4019 essa
594 3968 666 4018 linea
686 3973 715 4020 et
729 3972 890 4034 6666616166

97 4043 145 4094 pro
161 4049 201 4098 ea,
218 4039 240 4088 si
257 4036 351 4090 666661
377 4051 433 4090 uon
454 4040 549 4104 possit,
566 4042 654 4104 potest
675 4041 804 4093 sulrstitui
824 4045 889 4094 Cor·

100 4105 196 4168 parsle,
221 4107 437 4160 purificatorium
459 4109 501 4162 vei
516 4111 608 4171 Bursa,
626 4109 644 4160 1.
665 4112 691 4171 6,
706 4126 731 4175 6.
751 4114 775 4174 2,
791 4127 817 4162 n.
833 4116 889 4176 333,

100 4171 151 4223 332.
169 4177 225 4228 6166
248 4179 330 4230 debet
349 4181 473 4244 superius
496 4181 595 4232 habere
618 4195 739 4246 pannum
763 4185 889 4248 sericum,

101 4253 126 4293 6.
140 4247 217 4312 23636
232 4250 264 4301 D.
278 4250 328 4300 313.

292 4381 473 4436 PALMARUM
492 4383 692 4438 subnotatio.

129 4482 300 4562 lisiniarum,
327 4489 466 4548 Cinerum,
497 4494 547 4540 etc.
579 4491 750 4554 Benedictio,
777 4493 888 4544 absente

101 4548 225 4620 Episcopo
240 4558 271 4609 66
283 4559 317 4610 66
333 4570 374 4622 66,
389 4559 436 4622 qui
448 4560 551 4610 66166666
567 4564 608 4611 666
622 4564 790 4624 cantaturus,
803 4577 885 4628 quam

100 4617 270 4702 benedicens,
298 4643 396 4680 canere
418 4631 508 4693 debet,
533 4633 580 4694 qui
603 4631 709 4684 detecto
733 4635 820 4698 capite
844 4650 889 4686 666

100 4689 243 4763 distribuit,
258 4701 310 4752 nisi
323 4702 368 4764 666
378 4701 476 4750 babeat
488 4701 612 4765 gestandi
625 4703 740 4764 Mitram,
754 4703 771 4753 l.
787 4705 811 4765 6,
827 4718 853 4767 p.
862 4709 888 4768 2,

96 4771 126 4816 n.
148 4767 311 4833 2336,611.
335 4773 504 4834 61366116,
526 4785 575 4835 666
599 4773 714 4824 solemni
738 4774 888 4836 palmarum

101 4830 479 4906 36666166166666666611666
495 4843 691 4894 66616666616
711 4857 794 4894 66666
813 4847 888 4910 Epis·

100 4901 188 5030 &13⁰3
210 4912 363 4964 celebrante
387 4913 488 4977 absque
511 4913 631 4964 Diacono
654 4917 682 4965 66
704 4914 887 4978 subdiacono,

434 5063 547 5115 Petro.

113 5216 118 5228 ⁵
129 5148 207 5218 Palpo
221 5158 334 5220 dicitur,
348 5160 395 5225 qui
410 5159 500 5220 16666,
509 5159 676 5222 adulatione,
688 5161 729 5211 vel
740 5161 887 5224 exprobra·

99 5218 424 5304 30661666616661116666
435 5231 563 5282 etiamad
575 5232 703 5282 damnum
716 5232 886 5282 inferendum

100 5297 216 5350 66666666
241 5302 287 5365 qui
303 5305 413 5354 tenetur
424 5301 457 5352 66
477 5303 688 5364 restitutionem,
709 5303 732 5352 si
750 5302 886 5354 laudando

100 5369 176 5414 21366
191 5369 235 5433 sit,
247 5387 297 5424 cur
310 5373 439 5424 damnum
456 5373 594 5435 inferatur,
616 5374 656 5424 661
678 5388 727 5424 666
749 5375 887 5426 restitutio

99 5437 153 5482 666
167 5433 223 5506 366,
236 5442 303 5496 61166
318 5455 383 5509 666,
397 5442 415 5493 l.
433 5445 458 5505 3,
473 5451 498 5510 a
514 5445 539 5506 2,
552 5455 580 5494 6.
598 5444 638 5510 23,
651 5457 668 5495 6
682 5456 709 5494 6.
724 5444 762 5499 31.

1693 523 1753 606 ιιι

1306 703 1398 758 1111111.

982 793 1052 857 Papa
1068 789 1168 845 dicitur
1182 791 1256 858 loqui
1277 806 1311 844 ex
1325 791 1470 855 Cathcdra,
1485 791 1596 858 quando
1612 797 1674 860 post
1688 807 1748 846 ms·

949 865 1038 914 turam
1052 864 1274 916 deliberationem
1289 869 1317 914 ct
1330 863 1456 914 debitum
1471 876 1585 916 examen
1600 866 1672 916 cirea
1690 878 1748 918 rem

950 938 1115 998 spectantem
1132 937 1167 986 ad
1186 934 1268 986 tidem
1283 933 1326 984 661
1348 947 1446 995 mores,
1468 937 1499 985 ut
1513 939 1596 1000 caput
1613 933 1747 1000 66616616,

950 1004 1006 1054 6616
1032 1006 1175 1056 Decretum
1199 1019 1249 1070 pro
1277 1004 1426 1056 universali
1457 1005 1584 1069 66616616,
1613 1006 1686 1070 quod
1711 1007 1747 1058 sb

950 1075 1078 1126 omnibus
1102 1076 1239 1126 Fluctibus
1266 1075 1327 1126 vuit
1363 1075 1552 1126 indubitanter
1578 1073 1689 1128 admitti
1720 1080 1749 1128 66

951 1145 1099 1207 observari,
1113 1146 1131 1196 i.
1149 1149 1171 1208 6,
1187 1160 1214 1196 6.
1232 1147 1287 1196 262.

982 1218 1054 1280 Papa
1077 1221 1119 1266 est
1138 1215 1291 1266 inlellibilis
1314 1215 1343 1267 in
1360 1217 1473 1268 materia
1490 1217 1744 1282 666166166666666

951 1289 978 1336 66
992 1299 1089 1348 marea,
1105 1285 1215 1350 quando
1230 1286 1300 1336 61666
1320 1299 1365 1336 666
1378 1287 1482 1351 aliquid
1503 1287 1600 1338 delinit
1618 1301 1632 1338 s
1647 1289 1744 1339 Cathe-

950 1354 1041 1414 666,1.
1058 1359 1081 1416 1,
1099 1369 1115 1405 6
1134 1369 1160 1405 6.
1175 1357 1231 1406 232.
1254 1357 1320 1406 item
1342 1355 1441 1407 1611116
1459 1358 1657 1422 quaeetionibus
1671 1358 1747 1422 16661,

950 1437 1010 1488 quae
1026 1427 1062 1475 116
1077 1426 1228 1489 coniunctae
1243 1429 1308 1476 6666
1322 1440 1383 1476 curm
1394 1428 1593 1491 questionibus
1604 1429 1674 1492 66616
1687 1433 1744 1480 666

950 1500 1047 1560 negata
1077 1497 1272 1547 iulaliibilitute
1299 1497 1369 1546 circa
1397 1498 1537 1548 materiam
1566 1499 1630 1550 lacti
1657 1499 1747 1550 661666

949 1567 1141 1630 consequentia
1156 1567 1189 1618 66
1206 1567 1356 1632 negendam
1373 1568 1594 1621 1666116111666666
1610 1571 1638 1620 16
1653 1583 1743 1635 quaes·

949 1635 1071 1687 tionibus
1087 1639 1167 1700 66616,
1185 1637 1203 1687 1.
1220 1642 1242 1699 6,
1257 1651 1273 1688 6
1288 1652 1314 1687 6.
1330 1639 1385 1688 231.
1402 1637 1583 1688 infallibiliter
1595 1640 1744 1692 declaravit

948 1707 977 1756 in
992 1707 1061 1756 libro
1075 1707 1195 1757 16666611
1214 1708 1348 1758 contineri
1364 1707 1516 1758 doctrinam
1531 1708 1698 1769 haercticam,
1716 1715 1745 1762 et

949 1779 977 1830 in
992 1791 1073 1828 sensu
1086 1776 1121 1826 66
1137 1791 1168 1828 66
1184 1778 1299 1840 1616666,
1314 1791 1329 1827 6
1345 1791 1371 1827 6.
1388 1780 1444 1828 233.
1460 1779 1529 1842 Papa
1544 1792 1599 1830 ιιοιι
1613 1784 1655 1831 est
1665 1780 1745 1831 intul-

947 1848 1031 1899 iibilis
1064 1848 1091 1897 in
1121 1848 1320 1911 questionibus
1349 1849 1563 1912 particularibus
1596 1848 1657 1900 16661
1688 1863 1745 1902 666

946 1917 1110 1968 habentibus
1128 1918 1211 1968 uilem
1236 1918 1435 1969 connexionem
1457 1931 1520 1968 cum
1542 1920 1747 1987 quaestionibus¹

943 1990 1013 2054 66616
1028 1990 1099 2039 circa
1114 1988 1195 2040 fldem
1210 1991 1237 2038 et
1252 2003 1350 2050 mores,
1364 2003 1391 2039 6.
1406 1991 1462 2040 263.

978 2061 1047 2124 Papa
1058 2059 1139 2110 babet
1149 2059 1279 2110 directam
1292 2063 1454 2124 potestatem
1465 2059 1493 2110 iu
1508 2059 1672 2123 spiritualia,
1682 2074 1738 2113 aon

946 2134 1036 2182 autem
1051 2131 1179 2181 directam
1194 2133 1221 2180 et
1235 2131 1401 2182 ordinariam
1423 2131 1452 2182 in
1474 2132 1610 2195 principes
1630 2133 1745 2183 6666616-
1838 2129 1840 2134 ’

946 2216 998 2264 666,
1016 2204 1046 2251 61
1062 2215 1108 2252 666
1122 2200 1249 2264 6666666,
1271 2203 1334 2262 666,
1356 2200 1373 2251 i.
1391 2201 1415 2262 6,
1435 2215 1462 2251 n.
1478 2203 1551 2263 1132,
1567 2201 1637 2263 6636,
1656 2207 1745 2266 potest

945 2273 1102 2336 dispensare
1140 2285 1173 2321 ex
1209 2285 1289 2322 66666
1322 2272 1350 2322 16
1379 2271 1455 2322 omni
1493 2273 1561 2336 6666
1595 2273 1743 2336 Canonica,

946 2357 973 2398 6.
990 2345 1057 2394 6631.
1074 2343 1118 2394 1366
1132 2355 1213 2405 supra
1234 2341 1397 2403 Concilium,
1421 2344 1448 2392 et
1461 2356 1490 2393 se
1504 2343 1562 2392 solo
1578 2342 1740 2405 infallibilia,

945 2414 967 2462 si
991 2413 1056 2476 quid
1081 2411 1194 2462 6666166
1213 2425 1246 2462 ex
1269 2411 1412 2472 Catbedra,
1435 2427 1462 2464 n.
1483 2413 1553 2475 1632,
1576 2425 1593 2462 6
1617 2425 1644 2462 6.
1669 2415 1739 2464 6636.

944 2482 1065 2534 Antehac
1080 2495 1096 2530 a
1110 2481 1282 2547 principibus
1305 2480 1398 2546 populi
1422 2487 1451 2534 66
1464 2481 1541 2533 61666
1565 2486 1606 2533 est
1629 2482 1743 2548 electus,

944 2567 1021 2603 num.
1037 2555 1107 2604 1331.

975 2625 1047 2686 Papa
1061 2623 1142 2674 habet
1157 2622 1325 2674 ordinariam
1341 2625 1369 2672 et
1383 2621 1565 2674 usniversalcm
1575 2627 1737 2688 potestatem

943 2694 1110 2745 concedendi
1139 2693 1283 2759 quibusvis
1311 2693 1449 2743 Fidelibus
1484 2694 1566 2744 etiam
1601 2693 1740 2744 lleiunctis

943 2765 1077 2830 quaslibet
1112 2763 1326 2827 indulgentias:
1364 2762 1542 2828 probabiliter
1576 2764 1658 2814 ctiam
1694 2779 1740 2818 ess

944 2833 1100 2885 immediate
1122 2848 1169 2898 per
1188 2847 1215 2884 se
1239 2833 1329 2897 ipsum
1345 2833 1483 2884 Delurrctis
1504 2832 1612 2898 61666161
1630 2836 1737 2898 potcst;

943 2919 998 2956 nou
1013 2909 1101 2968 potest
1116 2909 1205 2956 tumen
1229 2907 1314 2956 66166
1330 2906 1419 2954 tantm
1437 2903 1595 2964 concedere,
1610 2906 1641 2953 66
1653 2908 1743 2956 totum

945 2975 1131 3039 t’urgatorium
1146 2978 1268 3034 6666666,
1280 2973 1297 3024 l.
1308 2975 1332 3035 6,
1344 2988 1369 3040 6.
1385 2976 1409 3034 2,
1424 2987 1451 3024 6.
1469 2975 1543 3034 13116
1559 2977 1743 3038 potestetism

942 3045 1010 3111 ipse,
1025 3049 1057 3097 ut
1070 3045 1221 3095 membrum
1235 3045 1368 3100 Ecclesiae.
1379 3057 1423 3095 eas
1434 3043 1605 3108 participare,
1629 3059 1656 3094 6.
1669 3048 1741 3099 6311.

969 3119 1037 3180 ispe
1053 3114 1223 3179 privilegium
1238 3114 1362 3164 sumendi
1377 3114 1479 3178 species
1494 3113 1563 3175 vini,
1575 3127 1623 3166 seu
1637 3128 1742 3168 sacrum

943 3187 1058 3238 Calicem
1084 3188 1166 3238 etiam
1182 3187 1267 3236 Laicis
1281 3187 1346 3236 dare
1365 3188 1464 3249 potest,
1479 3185 1498 3236 1.
1517 3187 1541 3247 3,
1557 3199 1582 3250 6.
1600 3189 1622 3248 1,
1638 3201 1665 3237 6.
1680 3189 1739 3258 533,

942 3261 1001 3317 6326
1017 3260 1086 3321 Papa
1100 3257 1224 3308 absolute
1240 3261 1268 3307 ct
1279 3256 1399 3307 totaliter
1409 3269 1464 3306 non
1478 3259 1568 3320 potest
1578 3257 1737 3321 dispensare

942 3342 1003 3378 cum
1018 3329 1110 3392 aliquo
1125 3340 1206 3393 super
1219 3327 1385 3392 obligatione
1400 3326 1533 3378 audiendi
1548 3327 1671 3389 Missam,
1683 3327 1700 3378 1.
1715 3329 1743 3394 3,

968 3402 1015 3460 ,1,
1030 3413 1057 3450 6.
1073 3401 1127 3450 631.

948 3413 1045 3533 pl’aps
1053 3471 1141 3533 potest
1151 3467 1319 3532 principibus
1329 3466 1490 3518 Christianis
1501 3465 1643 3532 prohibere
1653 3466 1735 3529 bella,

944 3540 961 3589 1.
983 3542 1007 3600 3,
1023 3553 1049 3602 6.
1066 3544 1088 3600 6,
1106 3551 1132 3588 6.
1157 3541 1219 3599 tlt,
1236 3541 1325 3602 potest
1347 3539 1405 3588 sine
1429 3552 1510 3588 66666
1531 3537 1688 3602 dispensare
1711 3539 1741 3592 16

944 3609 1105 3663 recitatione
1121 3610 1268 3670 Horarum,
1284 3607 1303 3659 1.
1318 3611 1342 3669 6,
1360 3623 1387 3659 6.
1404 3609 1474 3670 1211,
1491 3609 1558 3660 6223.

976 3683 1046 3744 Papa
1057 3680 1130 3730 solus
1138 3680 1295 3742 dispensare
1306 3682 1395 3744 potest
1407 3679 1435 3728 in
1446 3679 1503 3742 1666
1514 3691 1568 3728 non
1579 3677 1736 3742 deponendi

944 3752 1069 3804 habitum
1085 3749 1371 3814 116116166666,1.6,6.
1389 3751 1444 3799 212.
1462 3753 1531 3814 3666
1540 3747 1610 3800 Vota
1620 3747 1739 3812 11611616·

944 3822 989 3871 616
1012 3820 1202 3871 substsntialis
1220 3821 1324 3870 irritare
1347 3833 1402 3869 non
1425 3821 1523 3883 potest,
1546 3817 1593 3868 sed
1616 3819 1740 3882 exigente

945 3906 1025 3942 66666
1040 3891 1150 3955 6661166
1171 3891 1324 3954 permittere
1341 3891 1436 3953 potest,
1452 3891 1483 3939 ut
1506 3888 1657 3951 lteligiosus
1673 3900 1737 3951 pro·

946 3963 1030 4014 166666
1045 3976 1156 4012 uxorem
1171 3962 1261 4024 ducat,
1278 3961 1295 4010 1.
1310 3961 1334 4023 6,
1352 3975 1379 4011 6.
1395 3962 1448 4020 631,
1464 3958 1482 4009 1.
1500 3960 1524 4021 3,
1540 3973 1565 4024 6.
1584 3961 1607 4022 3,
1623 3974 1651 4010 6.
1665 3963 1720 4012 323.

976 4034 1048 4096 Papa
1062 4031 1217 4096 dispensare
1232 4032 1320 4094 potest
1341 4029 1457 4079 1666616
1476 4028 1643 4079 solemnibus
1666 4031 1739 4080 lielt-

944 4103 1043 4168 616616,
1058 4107 1088 4152 66
1107 4103 1168 4166 quis
1190 4101 1297 4150 desinat
1320 4113 1378 4150 esec
1399 4098 1560 4163 3611616666,
1583 4113 1639 4150 666
1662 4113 1737 4159 vero,

943 4178 976 4224 ut
994 4173 1055 4224 talis
1070 4185 1182 4222 manens
1202 4171 1234 4221 iis
1253 4183 1306 4221 non
1323 4169 1467 4234 obligetur,
1481 4169 1500 4220 l.
1518 4173 1541 4231 6,
1553 4183 1580 4220 6.
1595 4173 1650 4222 221.
1668 4175 1740 4237 l’sps

944 4247 1033 4309 potest
1047 4243 1201 4302 simoniam,
1217 4255 1270 4292 non
1285 4244 1377 4291 autem
1400 4253 1492 4303 pmnss
1511 4241 1568 4304 6666
1588 4241 1736 4303 incurrere,

943 4315 961 4366 1.
977 4317 1002 4378 3,
1015 4329 1041 4379 6.
1059 4317 1082 4376 6,
1103 4327 1130 4364 6.
1147 4316 1207 4376 221;
1227 4317 1296 4377 Papa
1315 4312 1388 4364 solus
1409 4325 1463 4362 non
1487 4316 1576 4376 potest
1600 4312 1738 4366 incurrere

944 4386 1167 4447 6666666666,1.1,
1183 4400 1209 4435 n.
1227 4385 1264 4436 61.

976 4460 1046 4522 Papa
1061 4471 1076 4507 6
1090 4457 1152 4508 Fide
1167 4457 1264 4507 devius
1273 4467 1322 4521 per
1332 4456 1465 4506 censuras
1475 4455 1532 4520 cogi
1544 4458 1632 4519 potest
1641 4470 1656 4506 a
1666 4456 1737 4508 Con·

943 4528 1018 4591 cilio,
1032 4532 1061 4578 ut
1075 4530 1178 4592 parcat,
1193 4528 1210 4578 1.
1225 4529 1249 4586 1,
1265 4541 1291 4577 6.
1307 4529 1351 4587 aas
1365 4531 1432 4591 1666
1450 4525 1502 4577 6161
1523 4539 1597 4578 niune
1614 4531 1736 4579 reservat

944 4601 1076 4652 Censuras
1091 4599 1120 4648 in
1135 4599 1324 4663 imperatorem
1339 4603 1368 4649 66
1381 4599 1474 4661 116666,
1487 4600 1514 4648 66
1529 4596 1597 4648 16666
1612 4597 1692 4649 etism
1708 4598 1738 4649 ln

943 4669 1155 4736 6666666661166
1171 4671 1315 4734 Supremos
1333 4669 1480 4732 Principes,
1495 4681 1523 4718 6.
1541 4669 1580 4718 33.

975 4741 1044 4806 l‘apa
1067 4741 1135 4791 dans
1159 4739 1314 4791 laenitatem
1334 4739 1494 4790 absolvendi
1516 4753 1531 4788 6
1551 4739 1669 4804 pcccatis
1683 4741 1735 4794 6161

943 4811 1094 4872 reservatis,
1114 4811 1195 4861 etlam
1220 4814 1346 4860 censetur
1368 4821 1427 4860 earn
1450 4809 1513 4860 dare
1537 4808 1693 4860 absolvendi
1719 4825 1736 4861 s

942 4882 1062 4933 censuris
1077 4881 1201 4941 annexis,
1216 4895 1243 4929 n.
1258 4880 1312 4929 236.
1326 4879 1351 4930 Si
1369 4879 1532 4930 Censuratus
1548 4881 1646 4942 l’apsm
1661 4879 1736 4930 adire

943 4966 996 5002 non
1015 4951 1107 5016 possit.
1123 4949 1298 5014 probabiliter
1313 4947 1737 5012 (666616666666166666661666·

942 5026 986 5073 tur
1006 5036 1054 5087 per
1072 5021 1175 5072 11666666
1193 5022 1237 5070 661
1256 5023 1456 5084 praesumtorem
1472 5017 1670 5069 absolutionem
1685 5031 1734 5084 pe-

942 5096 1009 5155 tere,
1025 5106 1052 5143 6.
1068 5094 1120 5143 163.
1137 5091 1165 5143 Si
1179 5092 1268 5140 sciens
1285 5089 1405 5152 aliquem
1425 5101 1482 5138 csse
1501 5091 1672 5138 censuratum
1691 5087 1736 5139 uel

943 5164 1125 5228 irregularem,
1145 5161 1264 5212 conterat
1288 5158 1313 5210 61
1336 5158 1464 5211 Ordinem
1490 5159 1533 5208 661
1559 5156 1733 5219 Beneficium,

941 5238 1069 5285 censetur
1084 5245 1147 5283 cum
1162 5232 1302 5283 absolvere
1319 5230 1361 5280 vel
1376 5243 1438 5280 cum
1453 5244 1485 5280 eo
1499 5229 1664 5293 dispensare,
1678 5242 1735 5294 non

940 5309 1031 5354 autern
1050 5304 1206 5368 Episcopus,
1221 5317 1249 5353 6.
1266 5305 1321 5363 661,
1338 5303 1390 5354 663.
1404 5301 1440 5351 Eo
1458 5305 1574 5361 mortuo,
1589 5313 1671 5350 nemo
1684 5300 1734 5350 ab·

940 5373 1044 5424 solvere
1068 5375 1154 5438 potest
1173 5387 1189 5424 a
1208 5375 1326 5424 Censura
1344 5377 1421 5437 repa
1436 5375 1580 5432 reservata,
1595 5369 1733 5422 6161066-

938 5444 1059 5512 6666666
1073 5442 1266 5510 cardinalium,
1284 5443 1327 5500 vei
1341 5443 1386 5498 cui
1402 5443 1460 5500 hec
1472 5441 1620 5508 commisit,
1634 5454 1662 5492 6.
1679 5443 1732 5496 133.
