3974 6348
637 565 689 627 ull
710 561 972 626 MATRIMONIO.

51 745 149 828 picoto
163 749 297 828 proximo
321 750 564 829 incontinentias,
583 750 703 814 censeri
718 767 789 814 can-

50 852 96 896 an
105 836 181 900 secui
191 837 348 916 adulterii,
365 839 498 921 ideoque
513 858 576 903 non
589 857 681 922 posse
695 857 791 920 prop-

49 927 111 986 terea
119 931 203 1006 petere
217 927 400 991 divortium.

21 1023 33 1070 ι
74 1013 88 1093 ξ
101 1015 220 1078 tillium
233 1019 305 1080 tum
327 1035 390 1080 non
404 1017 477 1080 licet
491 1017 645 1098 expellere
668 1016 790 1079 adulte·

48 1107 141 1178 auten,
161 1103 280 1183 qnando
305 1104 345 1166 ab
368 1107 466 1168 altero
487 1107 622 1188 conjuge
645 1107 721 1169 data
742 1107 790 1166 est

47 1191 192 1253 rddtrrandi
222 1193 359 1256 facultas
385 1213 556 1275 expresse,
593 1196 642 1256 vel
669 1195 786 1262 tacite,

47 1282 123 1340 Arca.
142 1299 166 1361 q.
187 1282 232 1359 33,
259 1301 284 1344 s.
308 1285 336 1345 3.
357 1284 436 1344 Hinc
462 1284 488 1344 si
511 1285 570 1361 vir,
596 1303 667 1346 eum
690 1282 789 1364 possit

45 1367 128 1448 atque
138 1371 214 1448 gravi
227 1370 441 1451 incommodo,
454 1391 516 1434 non
524 1373 690 1453 prohibeat
699 1371 789 1433 adol-

45 1455 125 1516 terium
136 1459 237 1537 uxoris,
257 1464 405 1522 censetur
418 1461 604 1539 consentire,
612 1463 645 1523 L.
663 1464 692 1522 3.
709 1459 785 1522 God.

44 1542 111 1606 tdb.
123 1545 232 1626 lulium,
253 1551 299 1609 De
316 1548 414 1611 adult.
431 1549 615 1630 Oppositum
628 1555 733 1612 muron
748 1548 787 1608 de

45 1647 110 1692 crore
127 1631 228 1696 deant.
258 1637 374 1699 Sanch.
400 1640 496 1699 Tana.
521 1640 669 1718 Gespens.
686 1635 784 1699 lirim.

44 1737 64 1782 r.
78 1723 145 1798 rar,
166 1723 232 1803 quia
257 1743 371 1788 uxores
392 1745 455 1789 non
482 1726 599 1790 babent
622 1725 787 1788 auetorita-

44 1809 171 1888 tenillam,
192 1831 249 1876 nec
272 1815 479 1877 communiter
499 1814 617 1877 audent
629 1815 787 1893 corripere

44 1895 99 1958 rios
111 1916 117 1972 ;
130 1915 204 1978 crgo,
219 1902 365 1981 quamvis
383 1907 518 1980 taceant,
540 1921 602 1964 non
624 1901 694 1964 ideo
716 1921 787 1964 een-

43 1987 118 2046 ector
126 1988 301 2050 consentire.
324 1989 549 2052 connadieunt
566 1989 658 2050 valde
672 1989 787 2068 proba-

42 2069 114 2132 biliter
130 2074 224 2136 Arera
250 2079 285 2138 et
304 2078 413 2140 Mastr.
434 2097 466 2138 n.
490 2079 567 2151 434;
591 2077 666 2157 quia
688 2077 786 2140 viret

42 2177 96 2220 uxor
105 2161 191 2240 quoad
208 2163 350 2226 debitum
363 2165 528 2245 conjugale
543 2168 615 2228 sunt
635 2183 738 2246 pares,
755 2167 787 2225 et

41 2246 131 2309 doror
149 2247 255 2312 audeat
276 2251 380 2314 virum
393 2251 518 2333 ejicere,
542 2252 644 2332 magis
657 2252 786 2314 deberet

41 2351 165 2414 compare.

21 2435 27 2490 l
65 2423 137 2502 tlt.
163 2425 192 2487 S.
218 2428 339 2491 Bonus.
363 2429 502 2492 Durand.
532 2429 642 2493 Palud.
667 2428 782 2491 Sanch.

40 2512 109 2573 dab.
128 2513 223 2575 coner.
246 2536 275 2578 c.
299 2520 329 2593 9,
354 2537 384 2598 q.
402 2519 457 2592 133
480 2517 577 2580 lirim.
601 2518 732 2578 12.bess
754 2517 786 2576 et

21 2663 22 2666 ,
39 2595 128 2659 turine
138 2599 216 2663 molti
234 2604 356 2680 dicunt,
382 2605 423 2665 ad
438 2623 566 2684 poenam
580 2605 706 2667 divortii
721 2604 786 2664 suf-

39 2685 111 2766 tare,
135 2689 158 2750 si
182 2691 369 2755 adulterium
392 2690 433 2754 sit
452 2693 666 2769 commissum,
690 2692 785 2752 etiam

39 2789 65 2834 cx
79 2782 147 2842 neto
166 2780 261 2863 gravi,
286 2781 361 2860 quia
382 2781 526 2861 quamvis
552 2785 654 2843 metus
680 2780 785 2860 gravis

38 2861 167 2944 aliquando
187 2874 312 2932 excuset
330 2887 351 2930 a
363 2868 465 2948 peanis
479 2870 555 2930 Jure
570 2869 708 2930 humano
722 2872 786 2930 sta-

37 2951 98 3031 ab,
110 2973 164 3019 non
176 2962 278 3022 lamen
293 2958 334 3019 ab
348 2958 419 3035 hac,
435 2975 517 3038 qua,
534 2957 577 3018 nti
592 2977 622 3018 n.
638 2959 697 3018 436
710 2956 786 3016 insi-

21 3047 131 3104 -noalun
143 3050 193 3124 eet,
208 3046 347 3128 quaside
357 3048 433 3109 Jure
449 3050 567 3107 naturae
582 3046 786 3125 consequitur

37 3125 79 3191 loc
101 3133 239 3198 delictum.
270 3133 455 3214 Oppositum
477 3137 585 3196 tenent
602 3133 682 3196 Abb.
707 3133 782 3196 Silv.

37 3217 119 3283 lael.
140 3224 260 3287 Tabieo.
285 3225 380 3286 Grati.
397 3225 507 3285 Avers.
524 3243 554 3304 q.
580 3225 629 3292 33,
645 3241 668 3284 s.
684 3224 714 3300 3,
732 3221 784 3302 qui

21 3308 168 3373 abradunt
188 3313 281 3375 etiam
301 3311 343 3374 ad
365 3329 473 3373 casnm
496 3329 558 3391 quo
581 3311 694 3372 mulier
720 3329 785 3390 prae

37 3398 182 3460 verecundie
202 3403 232 3461 et
254 3401 340 3460 metu
354 3398 492 3460 infamia
511 3416 573 3460 non
588 3398 782 3477 clamaverit,

38 3481 90 3560 quic
104 3487 167 3547 Can.
189 3487 363 3570 Propositio,
383 3489 435 3564 33,
451 3506 481 3569 q.
499 3491 528 3564 t,
546 3486 659 3548 dicitur
674 3487 712 3548 de
726 3489 785 3548 Lu-

37 3571 107 3632 creis
124 3574 202 3654 gravi
223 3579 309 3639 meto
332 3574 495 3654 compulsa
521 3575 562 3636 ad
584 3574 783 3654 adulterium,

37 3657 140 3722 elcale
150 3662 235 3733 dieta,
249 3663 307 3725 duo
320 3663 454 3744 sumunt,
477 3672 505 3724 et
518 3663 699 3726 adulterium
712 3683 787 3725 caue

37 3749 166 3820 annet,-
187 3753 268 3814 onde
287 3751 413 3814 videtur
434 3753 549 3832 colligi,
571 3751 655 3833 quod
674 3753 786 3831 copula

37 3837 112 3897 eruli
123 3845 197 3901 metu
216 3840 297 3902 facta
311 3858 374 3902 non
396 3845 561 3902 censeatur
574 3858 632 3920 pro
652 3840 718 3901 foro
734 3859 785 3900 ex·

39 3923 103 3986 terno
114 3926 296 3990 adulterium.
313 3930 387 3988 Haec
406 3927 561 3988 sententia
581 3929 628 3989 est
641 3926 786 4006 probabi·

37 4005 71 4086 b,
88 4014 132 4076 sed
151 4016 245 4096 primo
268 4015 392 4078 videtur
411 4015 614 4095 probabilior.
641 4016 730 4088 Quod
758 4015 785 4077 si

39 4113 94 4161 uror
103 4102 238 4167 violenter
250 4109 331 4168 esset
345 4105 482 4184 cognita,
499 4109 580 4167 esset
593 4102 784 4166 adulterium

21 4187 126 4276 ittnton
136 4193 298 4271 materiale,
313 4211 372 4255 neo
392 4193 464 4255 ideo
480 4193 551 4274 ejici
564 4196 683 4272 posset.

21 4299 26 4362 p
64 4275 785 4363 §itDocetGonet.e.9,q.8,divortiumpeti,et

38 4367 133 4428 mnudi
144 4387 227 4448 posse
241 4370 333 4432 etiam
343 4375 472 4451 propter
481 4369 695 4449 pollutionem,
709 4367 785 4448 quia

38 4447 86 4516 la
96 4455 203 4520 ridetur
221 4459 407 4539 generaliter
428 4457 535 4519 venire
550 4456 676 4518 nomine
691 4455 784 4517 forni-

38 4539 144 4620 cationis,
165 4547 312 4627 refertque
334 4563 391 4627 pro
415 4564 452 4607 eo
469 4547 500 4608 S.
518 4546 599 4625 Aug.
617 4547 649 4608 S.
665 4545 724 4606 Th.
749 4547 781 4608 S.

38 4623 126 4692 donar.
137 4633 297 4712 locutum,
308 4635 483 4708 abbatem
500 4634 553 4696 sed
566 4633 680 4697 Sanch.
693 4633 715 4695 l.
732 4636 781 4712 f0,

39 4711 60 4776 f.
77 4721 92 4778 4
107 4721 206 4802 aliique
226 4723 346 4803 plurimi
366 4742 438 4786 cnm
460 4721 608 4785 Busemb.
630 4725 662 4783 et
674 4723 781 4784 Mastr.

39 4805 122 4884 orso,
135 4807 237 4870 melius
250 4815 382 4890 negant3
400 4809 474 4891 qnia
487 4828 544 4889 per
565 4809 646 4870 hanc
662 4825 724 4869 non
739 4805 784 4868 di-

21 4925 22 4928 =
39 4885 124 4954 dditor
134 4911 199 4957 caro
213 4911 283 4957 cum
296 4897 397 4958 aliena
414 4914 473 4976 per
486 4896 697 4972 concubitum,
713 4913 783 4975 queo

21 5031 22 5036 ,
40 4977 72 5037 st
81 4979 144 5043 ratio
156 4981 282 5045 bciendi
296 4983 462 5046 divonium
477 4984 518 5045 ob
532 4981 780 5045 fornicationem.

40 5061 152 5128 rernm
169 5075 270 5130 tamen
294 5070 381 5131 valde
395 5069 599 5149 probabiliter
614 5071 646 5131 S.
663 5069 721 5131 Tb.
747 5071 779 5132 S.

21 5145 126 5258 qinom.
150 5155 279 5219 burand.
306 5159 385 5219 lion.
424 5159 524 5219 Tann.
560 5155 672 5217 Hurtb.
702 5159 780 5218 Boo.

21 5259 23 5320 g
41 5237 137 5318 Spercll
151 5243 205 5307 dee.
221 5247 287 5312 443,
302 5265 363 5309 aa.
378 5249 429 5323 40,
445 5245 588 5306 sufficere
608 5243 782 5306 sodomiam

21 5325 92 5400 fan
111 5332 191 5394 tertia
208 5349 336 5412 persona
357 5354 364 5395 :
390 5332 475 5413 quod
499 5332 671 5394 extendunt
692 5332 782 5392 multi

21 5401 23 5508 l
43 5419 381 5482 metamaucum.
398 5440 429 5483 n.
447 5423 535 5497 rsus,
550 5420 646 5480 etiam
660 5421 700 5481 ao
714 5421 782 5482 nes-

21 5547 23 5586 3
43 5497 176 5586 rouen,
190 5505 324 5588 quamvis
341 5510 455 5588 praeter
469 5507 580 5570 citatos
601 5507 780 5568 aBusemb.

1589 557 1647 618 433

843 750 1061 813 contradicant
1074 753 1142 814 lnn.
1160 752 1212 815 ΙΙΙ.
1229 751 1318 812 Pont.
1343 751 1375 810 et
1387 751 1498 809 Auara.
1514 763 1537 806 e.
1556 747 1585 821 f,
1602 759 1640 803 eo

844 839 929 918 quod
943 839 1072 901 istanon
1085 839 1126 901 sit
1134 837 1247 919 copula
1262 841 1336 917 apta
1345 836 1385 899 ad
1402 831 1640 916 generationem

843 945 1014 1008 perquam
1038 927 1145 1008 spuria
1165 928 1268 1007 proles
1287 927 1320 987 io
1334 925 1464 987 domum
1478 921 1527 984 vel
1548 917 1639 982 fami·

842 1016 918 1078 liam
932 1017 1060 1079 alterius
1083 1016 1225 1098 conjugis
1239 1015 1345 1077 induci
1360 1012 1476 1094 possit;
1495 1014 1579 1093 quod
1593 1016 1638 1078 vi·

842 1104 935 1166 detur
949 1105 1096 1167 directius
1117 1123 1293 1185 repugnare
1313 1100 1511 1166 Matrimonio
1528 1121 1535 1163 ε
1553 1106 1585 1165 et
1598 1105 1639 1166 si·

843 1192 907 1253 cuti
917 1192 979 1254 ista
993 1193 1112 1254 scelera
1126 1211 1188 1254 non
1198 1190 1357 1252 sufficiunt
1371 1189 1412 1251 ad
1426 1189 1637 1254 inducendam

842 1279 1023 1343 affinitatem
1047 1281 1096 1342 vel
1117 1279 1380 1360 irregularitatem
1400 1277 1563 1358 bigamia,
1589 1278 1634 1342 ita

842 1385 900 1428 nec
914 1367 1061 1431 videntur
1073 1367 1148 1448 ipsis
1160 1367 1302 1430 sulficere
1317 1367 1358 1428 ad
1372 1365 1561 1440 divortium
1578 1367 1636 1428 sed

841 1455 921 1516 ratio
946 1459 1052 1518 nostra
1073 1461 1129 1534 est,
1153 1455 1226 1536 quia
1245 1474 1302 1535 per
1318 1454 1378 1516 ista
1391 1471 1465 1515 vere
1480 1453 1630 1516 dividitur

841 1561 926 1620 caro,
952 1547 984 1606 et
1004 1543 1185 1607 adulterans
1206 1543 1242 1606 fit
1264 1561 1328 1604 una
1349 1557 1421 1603 caro
1441 1558 1513 1602 cnm
1532 1541 1632 1602 altera

841 1648 975 1711 persona
988 1633 1037 1695 vel
1051 1633 1161 1710 bestia,
1178 1636 1210 1695 et
1229 1631 1357 1712 quidem
1370 1630 1507 1692 maxime
1522 1635 1633 1693 conus

841 1725 997 1782 naturam.
1032 1722 1139 1784 Mastr.
1169 1739 1265 1799 supra
1292 1719 1434 1800 agnoscit
1467 1724 1634 1801 utramque

841 1817 1027 1878 sententiam
1042 1835 1109 1880 esse
1123 1816 1330 1897 probabilem.

880 1905 960 1984 git.
979 1905 1010 1968 Si
1035 1905 1223 1967 adulterium
1243 1900 1283 1967 sit
1310 1909 1395 1966 certo
1419 1903 1632 1974 commissum,
1661 1917 1703 1966 aar

840 1992 1009 2054 divortium
1037 1993 1141 2072 quoad
1168 1996 1272 2060 torum
1300 1991 1365 2052 sive
1393 1990 1635 2071 denegationem

840 2081 948 2158 debiti,
964 2099 1034 2161 quae
1055 2081 1136 2144 actio
1150 2080 1273 2160 privata
1287 2083 1344 2148 est,
1361 2078 1428 2139 freri
1442 2083 1546 2158 potest
1559 2097 1634 2141 auc-

839 2169 963 2231 toritate
980 2169 1118 2248 propria,
1142 2169 1185 2231 uti
1201 2168 1297 2230 habet
1320 2167 1495 2229 communis
1510 2187 1582 2229 oum
1597 2170 1631 2232 S.

839 2256 896 2318 Tb.
921 2259 965 2317 lle
989 2255 1121 2319 divortio
1145 2256 1239 2317 etiam
1261 2254 1365 2337 quoad
1392 2254 1632 2334 habitationem,

839 2364 912 2407 cum
926 2343 985 2406 boc
999 2344 1039 2406 sit
1053 2344 1128 2425 quid
1137 2343 1308 2423 publicum,
1325 2345 1373 2404 est
1381 2343 1483 2424 major
1499 2343 1634 2405 difficul-

839 2435 898 2509 tas,
910 2449 983 2492 nam
994 2430 1104 2492 saltem
1119 2430 1268 2510 quamdiu
1278 2429 1635 2492 adulteriumcstoccnl-

839 2516 1141 2595 tum,dcoentS.'lh.
1154 2519 1184 2579 S.
1194 2517 1313 2578 Bonav.
1331 2517 1363 2578 S.
1373 2517 1632 2580 Antonourond.

839 2605 987 2668 bellarm.
1010 2609 1124 2668 Beoan.
1147 2604 1277 2684 Sperell.
1298 2601 1359 2666 dec.
1385 2607 1462 2680 1383
1479 2608 1590 2668 Avers.
1607 2626 1630 2667 s.

838 2698 869 2771 3,
899 2699 930 2756 et
953 2694 1006 2755 alii
1028 2693 1129 2770 multi,
1154 2693 1221 2754 fieri
1246 2710 1309 2755 non
1331 2710 1422 2772 posse
1446 2693 1634 2756 anctoritate

839 2783 977 2863 propria,
994 2782 1069 2863 quia
1082 2782 1126 2844 ita
1138 2781 1263 2842 videtur
1285 2781 1379 2842 statui
1399 2783 1475 2844 Gan.
1500 2780 1635 2844 Soecafo-

838 2889 883 2930 ree
911 2871 960 2945 33,
977 2888 1007 2951 q.
1034 2873 1072 2943 3;
1099 2872 1163 2932 Gan
1183 2866 1350 2928 Multorum
1372 2870 1422 2944 33,
1439 2887 1469 2950 q.
1490 2871 1531 2943 63
1555 2872 1632 2932 Can.

839 2961 947 3021 Porro.
970 2960 1015 3019 lle
1039 2957 1153 3018 divort.
1182 2955 1222 3016 Et
1244 2955 1381 3016 rationes
1401 2960 1483 3018 sunt.
1513 2959 1539 3018 t.
1556 2957 1636 3031 Quia

838 3046 1072 3108 Matrimonium
1093 3046 1154 3107 tale
1179 3044 1307 3123 publica
1329 3045 1514 3108 auctoritate
1528 3046 1637 3111 Eccle-

838 3135 892 3196 eiae
915 3134 1109 3196 celebratum
1124 3135 1193 3194 est:
1223 3149 1299 3212 ergo
1314 3133 1385 3193 sine
1395 3151 1433 3194 ea
1450 3138 1575 3197 nonest
1594 3135 1634 3198 ab

839 3240 876 3285 eo
893 3221 1116 3285 recedendum.
1134 3223 1164 3283 3.
1188 3220 1268 3293 Quia
1291 3220 1396 3300 quoad
1419 3221 1554 3301 publica,
1581 3242 1636 3284 ne-

839 3330 891 3373 mo
918 3312 951 3373 in
978 3310 1107 3390 propria
1133 3328 1229 3372 causa
1256 3308 1350 3371 debet
1369 3327 1436 3371 esse
1456 3309 1570 3374 ludex.
1601 3315 1632 3376 3.

840 3401 919 3472 Onia
933 3399 1101 3460 divortium
1123 3399 1186 3460 talc
1210 3402 1258 3459 est
1277 3414 1373 3476 poena
1393 3397 1542 3476 publica:
1559 3417 1635 3481 ergo

839 3487 933 3548 debet
950 3486 1116 3567 provenire
1137 3504 1157 3546 a
1179 3485 1301 3548 Judioe.
1331 3485 1497 3566 Excipiunt
1525 3487 1633 3571 aliqui,

839 3575 865 3636 si
880 3592 995 3637 nocens
1018 3574 1059 3637 ad
1081 3574 1243 3636 vitandam
1267 3573 1429 3635 infamiam
1453 3593 1511 3638 sua
1523 3579 1635 3656 sponte

839 3664 933 3724 vellet
954 3663 1090 3724 cedere:
1116 3661 1169 3723 alii
1194 3661 1325 3738 addunt,
1342 3661 1368 3723 si
1392 3661 1541 3727 innocens
1565 3683 1636 3745 pro·

838 3750 914 3812 bare
929 3768 991 3812 non
1006 3754 1112 3830 posset
1133 3749 1166 3811 in
1181 3749 1249 3811 foro
1265 3752 1405 3828 externo,
1422 3750 1531 3814 dicunt
1551 3751 1635 3814 enim

839 3843 906 3902 tum
927 3837 1135 3902 communiter
1149 3856 1258 3900 omnes
1271 3855 1364 3918 posse
1374 3838 1455 3900 clam
1469 3859 1502 3902 se
1517 3841 1636 3902 subdu-

839 3945 921 4004 cere,
938 3926 1137 4008 pretexendo
1162 3925 1289 4005 negotia
1303 3925 1390 4004 alibi,
1406 3946 1464 4006 per
1478 3929 1537 3990 boc
1551 3927 1635 3990 enim

839 4017 963 4079 nocenti
978 4017 1096 4077 nnllam
1119 4012 1268 4094 injuriam
1282 4013 1367 4074 facit.
1385 4015 1409 4075 lt
1425 4021 1534 4076 contra
1547 4016 1635 4078 inno-

839 4109 961 4166 centem
985 4104 1080 4165 invito
1107 4102 1202 4165 etiam
1223 4105 1355 4163 nocente
1377 4103 1518 4165 absolute
1542 4123 1634 4184 posse

838 4211 985 4272 separare
1000 4211 1033 4254 se
1048 4191 1143 4254 etiam
1158 4188 1262 4270 quoad
1281 4189 1507 4253 habitationem
1520 4193 1636 4262 docent

838 4285 915 4344 Nav.
946 4284 1012 4345 sot.
1041 4283 1136 4342 Henr.
1167 4278 1285 4341 Rebell.
1310 4281 1389 4340 Kon.
1414 4280 1526 4361 Regin.
1551 4283 1630 4345 Bon.

838 4372 936 4432 Gastr.
954 4368 1021 4430 Dic.
1034 4365 1148 4430 Sanch.
1168 4365 1189 4427 l.
1207 4368 1256 4443 10,
1273 4364 1303 4426 d.
1321 4369 1370 4444 33,
1387 4387 1417 4428 o.
1434 4367 1471 4428 34
1486 4388 1494 4442 ;
1511 4369 1630 4450 Burgh.

837 4466 910 4520 cent.
926 4461 956 4534 3,
972 4475 1030 4518 coe.
1047 4457 1103 4529 33;
1120 4455 1218 4517 lirim.
1231 4475 1259 4516 a.
1284 4457 1374 4532 4544,
1392 4455 1466 4535 quia
1479 4456 1630 4535 Christos,

838 4549 1003 4626 supremus
1016 4545 1128 4622 ludex,
1146 4542 1255 4605 uacet.
1273 4545 1321 4622 49,
1346 4541 1471 4605 videtur
1491 4544 1632 4607 absolute

838 4635 912 4696 dare
934 4633 1114 4695 facultatem
1136 4629 1313 4692 dimittendi
1341 4633 1471 4710 propter
1496 4630 1633 4694 fornica·

837 4722 970 4798 tionem,
991 4737 1092 4799 neque
1115 4718 1214 4779 ullum
1238 4715 1324 4778 aliud
1344 4719 1401 4781 fus
1415 4718 1536 4779 clarum
1557 4718 1633 4782 dicit

838 4806 1064 4886 expectandam
1078 4823 1146 4866 esse
1160 4805 1349 4866 sententiam
1371 4804 1498 4866 alterius
1516 4805 1632 4885 judicis

838 4894 977 4971 humani,
994 4893 1129 4954 maxime
1144 4910 1217 4955 cum
1232 4893 1406 4954 secundom
1419 4892 1542 4955 dictare.
1559 4897 1629 4972 436,

836 4983 870 5043 id
885 4983 923 5044 de
937 4985 954 5046 J
958 5002 1013 5044 ure
1029 4985 1148 5044 natura
1171 4980 1290 5042 licitum
1313 4981 1363 5042 sit.
1389 4979 1529 5058 Accedit,
1546 4982 1631 5062 quod

837 5070 974 5134 conditio
995 5070 1035 5132 ad
1059 5068 1256 5130 retinendam
1280 5067 1503 5148 obligationem
1521 5069 1631 5132 matri·-

836 5159 933 5219 monii
958 5158 1052 5220 etiam
1071 5176 1109 5218 ex
1133 5155 1317 5218 auctoritate
1339 5155 1486 5217 Ecclesia
1508 5155 1632 5219 sitnon

837 5244 947 5306 divisio
962 5243 1065 5305 narnis
1084 5263 1091 5316 ;
1118 5261 1192 5322 ergo
1208 5243 1268 5304 bac
1291 5242 1442 5304 divisione
1456 5242 1550 5319 facta,
1567 5261 1630 5305 non

837 5336 943 5394 manet
957 5331 1115 5412 obligatio.
1134 5329 1275 5408 Denique
1286 5328 1338 5408 jus
1353 5327 1477 5389 divortii
1493 5330 1633 5392 nascitur

837 5439 875 5482 ex
890 5419 1014 5495 delicto,
1039 5421 1071 5478 et
1093 5435 1154 5480 non
1171 5436 1209 5477 ex
1227 5413 1409 5494 publicitate
1427 5433 1434 5476 :
1451 5433 1528 5494 ergo
1551 5416 1633 5496 posi·

837 5511 869 5570 to
897 5505 1020 5583 delicto,
1044 5504 1139 5566 etiam
1162 5504 1300 5580 occulto,
1323 5505 1371 5565 est
1389 5502 1442 5584 jus
1465 5502 1506 5564 ad
1530 5504 1632 5566 divor·
