4044 6340
291 511 311 572 1
949 505 1025 570 LlB.
1048 505 1101 570 Vl.
1125 503 1238 570 PARS.
1260 507 1311 570 111.

224 707 251 754 11
329 695 602 778 5111111111.
624 693 738 776 aliique
753 693 891 758 haeretici
914 693 998 774 apud
1018 693 1086 756 Bel·
1146 696 1184 755 11
1204 714 1210 756 :
1231 693 1350 778 Siquis
1368 697 1482 760 dicerit
1498 698 1733 778 prohibitionem
1751 701 1937 765 solemnitatis

289 786 381 850 larm.
406 804 500 867 supra
519 785 557 847 cle
578 785 731 847 Monuclris
757 804 823 864 cap.
844 791 874 861 6,
900 782 1083 859 docuerunt,
1140 785 1320 863 nuptiarum
1341 791 1428 848 certis
1447 792 1522 849 anni
1547 792 1729 868 temporibus
1756 796 1936 871 superstitio·

290 878 409 937 statum
430 874 620 940 Matrimonii
645 893 712 937 esse
736 893 825 956 eaque
854 874 1027 955 perfectum
1049 891 1088 954 aa
1140 891 1205 931 reem
1219 877 1522 953 essetpraunicomab
1536 879 1721 963 ethnicorum
1734 885 1937 959 superstitione

289 968 406 1025 statum
429 963 615 1044 virginitatis
634 967 689 1026 aut
702 964 878 1040 coelibutus,
895 982 953 1024 nea
968 961 1086 1042 aliquid
1136 961 1316 1041 profectam,
1331 969 1385 1024 aut
1396 965 1605 1027 benedictiones
1614 974 1642 1029 et
1651 971 1730 1030 olias
1739 975 1935 1047 coeremonias,

289 1051 419 1133 majoris
432 1051 634 1132 perfectionis
657 1052 773 1114 habere
789 1052 929 1130 consilia,
946 1070 1016 1132 quae
1030 1069 1086 1112 uo·
1140 1050 1247 1128 quibus
1260 1050 1392 1114 Ecclesia
1405 1057 1437 1114 in
1451 1055 1513 1115 illis
1526 1061 1633 1132 utitur,
1650 1057 1851 1133 damuaverit,
1870 1078 1936 1120 aaa·

289 1157 399 1203 camus
418 1141 618 1222 evangelica;
637 1143 693 1204 sed
708 1142 876 1204 damnatur
890 1161 910 1204 a
924 1140 1086 1220 Scriptura
1141 1135 1237 1198 thema
1250 1142 1298 1199 sit.
1316 1138 1448 1200 Ethunc
1463 1141 1591 1222 quidem
1604 1142 1833 1206 benedictionis
1848 1164 1937 1206 usum

290 1226 509 1291 ladGorinth.
524 1231 557 1306 7,
572 1249 603 1291 v.
620 1231 659 1292 38
676 1249 683 1291 :
703 1230 764 1311 Qui
777 1231 971 1292 Matrimonia
978 1230 1085 1308 junpit
1140 1243 1206 1308 esse
1231 1225 1494 1307 antiquissimum,
1511 1228 1706 1292 demonstrat
1726 1251 1763 1292 ex
1779 1231 1934 1312 conciliis,

287 1317 434 1396 uirpimm
452 1333 551 1393 mam,
576 1317 647 1378 bene
661 1315 754 1394 facit,
778 1323 806 1379 ct
828 1317 883 1399 qui
894 1317 1081 1394 nonjunpit‚
1139 1318 1170 1374 11
1184 1315 1239 1376 SS.
1256 1315 1411 1378 Patribus.
1429 1319 1538 1380 Avens.
1555 1327 1660 1400 quast.
1677 1322 1727 1396 10,
1744 1329 1813 1382 sect.
1833 1323 1862 1382 1.

287 1407 394 1467 melius
408 1405 511 1484 sacit;
534 1405 618 1486 quod
640 1407 743 1486 ipsum
762 1407 903 1486 pluribus
917 1405 959 1466 ibi
974 1405 1085 1466 asseri·
1179 1404 1244 1478 39.
1269 1404 1444 1482 Novatiani,
1471 1407 1684 1486 Montaniana,
1710 1409 1934 1488 Tertullianus,
1973 1421 1994 1466 n

287 1499 350 1556 tur.
367 1494 446 1556 11111
455 1493 541 1557 Trid.
558 1513 623 1557 sess.
644 1501 693 1572 21,
719 1493 793 1558 Can.
814 1499 863 1572 10,
880 1495 942 1556 111;
965 1493 1000 1555 Si
1018 1497 1085 1575 quis
1139 1487 1328 1552 damnarunt
1349 1492 1504 1553 secundas
1529 1495 1664 1574 nuptias,
1682 1495 1738 1556 secl
1753 1501 1877 1557 certum
1893 1503 1939 1561 est

287 1582 403 1644 dicerit
424 1587 536 1644 statum
558 1584 747 1662 conjupalem
769 1583 1010 1662 anteponendum
1027 1599 1085 1642 esse
1110 1647 1114 1652 ,
1139 1595 1206 1638 esse
1220 1578 1331 1657 licitae,
1358 1597 1420 1641 non
1437 1583 1560 1643 tantum
1574 1584 1740 1661 secundas,
1758 1584 1814 1644 sed
1830 1587 1938 1647 11111-

287 1675 382 1732 slatui
394 1675 580 1750 uispinitutis
592 1675 636 1735 oet
652 1674 816 1748 multtatus,
837 1679 866 1733 et
880 1691 940 1734 non
953 1690 1012 1733 esse
1024 1689 1084 1732 me·
1137 1664 1207 1742 1111,
1220 1664 1359 1745 aliasque
1369 1667 1485 1746 pinuae,
1499 1669 1574 1748 quia
1584 1670 1670 1731 nullo
1682 1671 1754 1751 jure
1765 1671 1940 1750 prohiben-

287 1759 348 1820 tias
365 1776 400 1820 aa
420 1759 531 1820 matius
552 1777 675 1821 manere
691 1763 724 1820 tn
740 1763 916 1838 perpepetrata
935 1765 987 1820 aaa
1004 1760 1084 1820 awti.
1138 1755 1199 1829 tur,
1225 1750 1286 1813 imo
1308 1756 1340 1814 11
1360 1754 1492 1832 positive
1515 1757 1740 1836 permittuntur
1757 1760 1939 1822 assonciliis

288 1847 372 1926 batn,
394 1865 486 1928 mom
504 1849 603 1927 junqi
622 1849 826 1917 Matrimonto,
852 1848 1012 1910 anatliema
1032 1853 1080 1909 sit.
1138 1845 1170 1900 et
1184 1841 1237 1902 SS·
1258 1841 1402 1902 Patribus
1417 1843 1501 1921 apud
1515 1845 1632 1907 Arcud.
1651 1845 1702 1907 lib.
1721 1851 1751 1924 'l‚
1769 1867 1837 1929 cap.
1855 1851 1894 1910 27
1912 1853 1942 1911 et

289 1936 457 2014 Potestque
472 1934 539 1997 haec
563 1935 679 1998 veritas
700 1935 854 1998 catholica
874 1935 973 1996 videri
989 1937 1083 1998 etiam
1137 1931 1185 1991 29.
1204 1929 1293 2001 Quod
1307 1934 1412 1991 autem
1432 1931 1463 1990 in
1479 1931 1667 2010 quibusdam
1683 1935 1831 1997 conciliis
1846 1953 1942 2015 poene

289 2022 407 2085 axeliis
421 2023 576 2103 Conciliis,
593 2025 738 2087 Patribus
757 2030 788 2088 et
806 2026 927 2087 ratione
951 2026 1084 2104 probata
1137 2018 1319 2098 imponatur
1331 2019 1446 2098 saepius
1460 2019 1603 2098 nubenti,
1615 2021 1687 2084 ideo
1703 2028 1761 2102 esc,
1778 2025 1857 2104 quia
1871 2026 1945 2104 plu-

288 2111 373 2193 epud
387 2113 534 2175 Bellium,
550 2133 643 2194 supra
656 2134 720 2195 cap,
743 2122 761 2177 7
782 2122 811 2177 ec
831 2135 889 2197 seq,
913 2119 945 2175 et
965 2115 1083 2194 spacia.
1137 2125 1187 2167 res
1210 2107 1326 2186 nuptiae
1347 2109 1532 2189 plerumque
1558 2115 1631 2172 sunt
1654 2112 1781 2190 signum
1806 2113 1943 2176 inconti-

287 2201 345 2263 tim
359 2200 444 2263 circa
456 2203 685 2283 professionem
692 2209 791 2266 status
805 2205 1004 2267 continentiae
1014 2223 1080 2286 cap.
1137 2197 1272 2271 ssssssiiaei
1289 2196 1327 2258 de
1342 2202 1455 2258 Gaetflffl
1470 2200 1638 2277 Apsssiolfls
1653 2200 1693 2262 ad
1704 2203 1796 2264 Rom·
1812 2206 1845 2280 7,
1863 2223 1899 2265 v·
1913 2205 1944 2280 3,
2019 2285 2020 2288 Ἴ

288 2295 327 2352 22
350 2296 459 2372 etseq.
486 2294 536 2353 An
559 2298 676 2370 autem,
696 2293 721 2353 si
738 2311 847 2354 omnes
869 2292 953 2354 Laici
976 2293 1083 2372 periis-
1137 2285 1198 2346 ait:
1223 2284 1260 2347 Si
1281 2293 1413 2346 mortuus
1434 2285 1527 2365 suerit
1547 2287 1594 2348 uir
1616 2289 1689 2371 ejus,
1714 2289 1841 2352 liberata
1866 2299 1909 2351 est
1928 2309 1947 2352 a

287 2383 368 2456 sent,
384 2378 532 2459 Religiosi
548 2384 579 2442 et
592 2381 702 2444 Clerici
721 2384 904 2442 tenerentur
925 2381 1003 2442 inire
1018 2383 1082 2443 Ma·
1138 2371 1199 2454 leue
1214 2373 1282 2450 viti,
1298 2381 1332 2433 ul
1344 2392 1402 2433 non
1416 2374 1453 2434 sil
1466 2373 1614 2444 adultera,
1639 2377 1665 2436 si
1685 2375 1780 2457 fucrit
1797 2397 1870 2438 cum
1886 2378 1947 2439 alio
2018 2389 2020 2392 ’

287 2465 480 2545 trimonium,
510 2469 610 2532 videri
638 2474 741 2550 potest
776 2475 886 2534 Avens.
916 2477 1019 2552 quast.
1041 2475 1079 2549 l,
1136 2463 1212 2522 viro·
1238 2462 1343 2523 Prima
1366 2462 1406 2523 ad
1429 2462 1569 2527 Corinth.
1591 2469 1622 2541 7,
1647 2485 1677 2526 v.
1695 2469 1724 2543 9,
1748 2466 1892 2547 loquens
1908 2467 1948 2529 de
2018 2521 2020 2554 ,

287 2560 356 2616 sect.
378 2562 410 2632 2,
422 2556 440 2635 ᾗ
453 2556 508 2620 ult.
1136 2570 1198 2612 non
1214 2551 1329 2630 nuptis,
1346 2555 1377 2611 et
1392 2550 1430 2611 de
1444 2551 1567 2613 viduis:
1586 2553 1671 2627 Quod
1686 2554 1715 2614 si
1728 2572 1788 2614 non
1802 2574 1834 2615 se
1848 2556 1949 2616 conti·
2019 2565 2020 2592 ³

327 2643 388 2723 §7-
404 2646 497 2707 Luth.
514 2646 630 2726 aliique
644 2648 795 2726 haeretici,
813 2667 892 2729 quos
902 2649 998 2710 refert
1011 2649 1082 2710 Bel.
1137 2649 1217 2709 nent,
1233 2640 1354 2708 nubant,
1383 2644 1415 2702 11
1438 2659 1467 2701 v.
1488 2645 1528 2703 39
1548 2661 1554 2702 :
1580 2641 1618 2703 Si
1630 2641 1787 2704 dormient
1800 2645 1856 2706 uir
1870 2646 1948 2727 ep'us,

286 2733 378 2796 laum.
394 2753 484 2816 supra
498 2733 534 2797 de
546 2733 679 2799 Matrim.
697 2757 761 2818 cap.
782 2741 816 2799 nt
835 2746 863 2799 et
875 2758 953 2820 seqq.
966 2738 1082 2800 docue—
1136 2730 1263 2793 liberata
1282 2739 1337 2799 est,
1363 2731 1412 2790 cui
1433 2729 1498 2792 uult
1527 2730 1631 2801 nubat,
1649 2734 1662 2793 1
1689 2732 1729 2794 ad
1754 2733 1902 2797 Timoth.
1918 2738 1951 2812 5,

286 2826 371 2900 runt,
395 2840 562 2903 perperam
585 2823 625 2886 ab
650 2826 790 2887 Ecclesia
817 2827 986 2889 constituta
1013 2845 1081 2888 esse
1136 2819 1266 2899 loquens
1287 2817 1461 2880 desiduis:
1489 2817 1560 2878 Volo
1573 2839 1642 2901 erpo
1659 2819 1801 2901 juniores
1814 2823 1947 2899 nubem,

286 2909 513 2989 impedimenta
526 2912 957 2992 ffirjmentiaMafflmoniuQ
970 2920 1002 2976 at
1012 2933 1080 2993 spe.
1135 2905 1160 2966 si
1176 2925 1288 2986 nempe
1300 2907 1522 2985 sitpericulum
1537 2907 1784 2972 incontinentias.
1801 2913 1848 2974 Et
1860 2911 1952 2993 quod

287 2997 394 3060 oiatim
416 3000 522 3080 aliqua
544 3001 823 3080 consanguinitatis
842 3008 873 3064 et
900 3002 1078 3075 affinitatis;
1135 2996 1248 3065 viduet,
1274 2996 1358 3057 idem
1379 2996 1474 3056 viduo
1502 2996 1623 3057 licitum
1647 3003 1705 3066 est,
1731 3000 1808 3079 quia
1836 2999 1951 3081 quoad

287 3085 363 3148 item
384 3087 462 3149 illud
481 3087 520 3149 de
543 3091 616 3150 voto
638 3089 789 3164 solemni3
815 3089 870 3150 sed
892 3089 1082 3151 damnantur
1136 3084 1205 3150 ista.
1222 3087 1296 3146 sunt
1307 3101 1410 3163 paces,
1423 3083 1691 3146 utirecteArcud.
1708 3105 1807 3167 supra
1824 3094 1867 3149 et
1879 3089 1953 3168 plu-

286 3176 405 3239 aTrid.
427 3179 502 3240 Gan.
519 3180 539 3238 1
556 3196 562 3238 :
579 3175 617 3238 Si
634 3177 1008 3258 que‘sdiceritEeelesiom
1022 3198 1081 3239 non
1136 3170 1221 3232 ribus
1248 3191 1313 3253 cap.
1344 3174 1393 3232 20.
1423 3170 1528 3232 Videri
1557 3176 1662 3250 potest
1690 3175 1787 3236 etiam
1817 3179 1956 3238 Aversa

283 3263 411 3345 potuisse
432 3263 602 3326 constituere
625 3264 832 3347 impedimenta
858 3265 1081 3326 Matrimonium
1135 3269 1237 3340 quaest.
1262 3265 1311 3340 11,
1344 3263 1419 3322 sect.
1443 3265 1472 3322 t.
1499 3261 1663 3333 Quomodo
1687 3282 1763 3325 uero
1788 3265 1955 3327 secunda

287 3350 471 3430 dirimentis,
487 3351 535 3413 uel
549 3352 581 3412 in
595 3351 629 3414 iis
643 3352 850 3415 constituendis
863 3373 986 3424 errasse,
1007 3375 1081 3418 aua-
1135 3350 1262 3428 nuptiae,
1288 3349 1431 3429 quamvis
1451 3348 1618 3427 prohibitae
1642 3367 1705 3411 non
1729 3350 1805 3430 sint,
1838 3359 1958 3416 tamen

285 3438 382 3501 tleerna
400 3440 449 3502 sit.
475 3442 540 3503 Gan
562 3442 581 3501 3
603 3460 609 3502 :
631 3441 669 3502 Si
690 3442 758 3522 quis
780 3441 896 3504 dicerit
909 3462 953 3504 eos
967 3453 1080 3504 tantum
1136 3438 1230 3499 etiam
1238 3439 1271 3498 in
1282 3438 1353 3519 jure
1364 3437 1425 3499 sint
1435 3437 1562 3515 odiosa,
1574 3457 1612 3499 11
1622 3439 1740 3518 passim
1756 3441 1958 3522 improben-

285 3528 546 3610 consanpuinitatis
568 3538 596 3590 et
618 3531 772 3611 affinitatis
790 3529 903 3611 proetus
925 3531 980 3612 qui
993 3531 1080 3593 Leoi-
1134 3531 1196 3600 tur,
1222 3527 1352 3608 adjectis
1375 3527 1470 3587 etiam
1493 3526 1683 3608 quibusdam
1703 3530 1795 3608 quasi
1826 3533 1958 3612 poenis,

285 3615 344 3678 lieo
373 3618 602 3699 exprimuntur,
637 3636 720 3700 posse
754 3617 895 3700 impedire
924 3617 1081 3680 Matrimo-
1134 3615 1195 3675 late
1219 3614 1314 3676 hebet
1336 3613 1504 3693 Tiraquell.
1531 3623 1601 3675 tom.
1619 3619 1649 3693 4,
1675 3623 1765 3677 tract.
1787 3620 1826 3696 4,
1857 3620 1906 3680 ad
1921 3622 1957 3682 L.

283 3704 368 3767 nium
389 3704 618 3768 contrabendum
649 3713 678 3766 et
715 3705 855 3768 dirimere
885 3713 1076 3774 contractum,
1133 3701 1810 3779 1111111111.111,111)1111111Κ111111
1827 3725 1852 3769 a
1870 3727 1960 3769 num.

283 3810 336 3853 nec
354 3810 436 3874 posse
464 3791 630 3853 Ecclesiam
657 3791 688 3852 in
715 3792 870 3854 nonnullis
897 3812 995 3854 eorum
1023 3791 1079 3853 dis-
1135 3795 1221 3856 taor.
1238 3791 1378 3871 Denique
1392 3791 1545 3852 secundas
1561 3791 1714 3872 ejusmodi
1727 3795 1873 3872 nuptias
1886 3813 1961 3856 esse

280 3897 416 3961 pensare,
436 3887 488 3942 aut
505 3880 690 3958 comtituere,
705 3890 740 3942 ut
749 3880 855 3962 plures
879 3880 1042 3962 impediant
1052 3889 1080 3944 et
1133 3900 1206 3942 vere
1225 3881 1473 3956 Sacramentum,
1490 3879 1698 3942 videturesse
1714 3881 1754 3942 de
1769 3883 1861 3952 nde,
1882 3901 1964 3946 cum

283 3967 441 4045 dirimant,
457 3966 613 4028 anatlrerna
625 3967 674 4029 sit.
691 3970 755 4029 can
770 3973 788 4031 9
806 3989 812 4031 :
829 3969 866 4032 Si
882 3970 946 4051 quis
966 3969 1080 4030 dicerit
1133 3966 1194 4028 sint
1204 3966 1399 4027 verissimum
1414 3967 1648 4030 Matrimonium
1658 3969 1742 4030 inter
1755 3971 1888 4034 fideles
1900 3973 1964 4033 ini-

283 4055 413 4118 Clerieos
426 4056 458 4116 in
471 4055 562 4116 sacris
581 4053 744 4117 Ordinibus
766 4058 948 4127 constitutos,
965 4059 1011 4119 uel
1022 4057 1080 4119 Re·
1133 4060 1199 4118 tum
1210 4075 1247 4115 ex
1258 4055 1428 4116 intentione
1439 4056 1645 4118 sacramenti.
1658 4055 1852 4128 Mecobstat,
1870 4060 1966 4141 quod

281 4143 402 4226 pules-es
414 4143 577 4206 castitatem
590 4143 754 4206 solemniter
763 4145 911 4227 professos
922 4166 1002 4228 posse
1013 4147 1080 4208 Ma·
1132 4142 1194 4204 1111
1209 4141 1440 4204 Matrimonium
1450 4143 1515 4204 sive
1525 4143 1666 4223 bigamia
1680 4163 1744 4206 non
1760 4165 1966 4227 repraesen-

282 4232 459 4294 trimouium
481 4232 663 4302 contrahere,
689 4242 927 4317 contractumque
944 4234 1077 4297 ualc'elum
1131 4233 1177 4292 tet
1190 4233 1338 4292 unionem
1352 4232 1466 4295 Christi
1480 4249 1552 4294 cum
1566 4233 1718 4312 Iioclesia,
1736 4253 1817 4297 numu
1836 4255 1967 4300 secun·

281 4340 349 4391 esse,
365 4322 566 4384 nonobstante
583 4320 646 4402 lepe
658 4319 866 4384 Ecclesiastico
886 4323 934 4385 vei
953 4333 1030 4393 uoto,
1051 4333 1078 4384 et
1132 4320 1208 4384 dum
1223 4340 1255 4381 se
1270 4320 1502 4384 consideratum
1516 4325 1697 4400 presentat,
1715 4341 1795 4384 cum
1814 4325 1867 4388 sit
1884 4345 1968 4389 con-

281 4412 446 4492 oppositum
459 4411 539 4471 nibil
555 4409 644 4472 aliud
660 4429 726 4479 esse,
748 4431 835 4492 quam
850 4412 991 4475 damnare
1009 4411 1077 4473 Ma·
1127 4407 1247 4489 junctio
1263 4409 1354 4470 unius
1365 4427 1521 4489 eumuna,
1538 4411 1683 4490 quamvis
1697 4413 1969 4480 consideratum

281 4499 462 4567 trimonium,
482 4506 657 4581 possentque
671 4516 765 4560 omnes
781 4499 950 4560 contrahere
967 4499 1077 4560 Matri·
1131 4498 1303 4577 respective
1317 4497 1357 4559 ad
1373 4497 1458 4576 prius
1468 4497 1651 4580 conjugium
1667 4500 1700 4563 id
1714 4518 1784 4562 111
1804 4522 1968 4584 praesen-

279 4588 426 4665 monium,
446 4588 500 4669 qui
522 4586 704 4647 consentiunt
725 4605 754 4647 se
780 4588 935 4656 castitates,
964 4587 1080 4648 etiamsi
1130 4589 1185 4662 tet,
1208 4586 1263 4646 sed
1285 4585 1344 4647 hoo
1366 4604 1428 4647 non
1452 4586 1556 4648 obstat
1578 4588 1694 4650 rationi
1720 4591 1967 4672 sacramenti,

280 4694 344 4738 eom
358 4677 497 4744 voverint,
523 4673 626 4735 babere
640 4674 759 4744 denum,
776 4675 993 4743 anathemasti,
1011 4693 1076 4736 cum
1131 4692 1202 4734 oum
1226 4675 1366 4736 absolute
1390 4677 1421 4735 et
1443 4675 1617 4737 secundum
1638 4693 1672 4738 se
1694 4679 1968 4746 consideratum

278 4761 357 4828 ltus
370 4764 404 4826 id
415 4773 492 4826 reete
499 4763 662 4846 petentibus
671 4783 729 4824 non
738 4763 866 4846 deueyn,
878 4784 930 4826 nee
938 4765 1077 4845 potiatur
1131 4763 1211 4823 hanc
1226 4763 1379 4824 rationem
1396 4763 1522 4826 babeat.

277 4871 431 4935 nossupra
445 4852 480 4915 ia
492 4852 571 4934 quod
582 4871 733 4935 possumus
746 4854 864 4916 tentari.
880 4856 1075 4933 Possuntque
1171 4850 1278 4931 (latest.
1295 4853 1324 4912 3.
1340 4883 1381 4896 -
1396 4849 1626 4925 Ouissitsludea·
1639 4865 1819 4936 competens
1836 4859 1877 4921 in
1894 4878 1972 4923 can·
2007 4885 2020 4934 a

278 4960 401 5004 errores
415 4942 459 5004 illi
473 4941 573 5004 videri
588 4942 731 5022 pluribus
744 4943 894 5005 contutati
906 4942 991 5022 apud
1006 4941 1074 5004 Bel·
1129 4939 1169 4998 sis
1178 4937 1381 5000 matrimonial
1387 4937 1464 5000 'tusi
1479 4941 1572 5018 Resp.
1584 4941 1642 5020 §L
1665 4943 1783 5006 Causae
1807 4947 1971 5026 deciate,

276 5030 368 5093 laum.
385 5049 488 5114 supra.
1129 5027 1310 5107 sponsalitia
1324 5027 1479 5108 largitate,
1494 5028 1745 5110 alimentatione,
1764 5038 1973 5100 successio-

317 5119 379 5198 §8.
396 5119 482 5183 Cale.
503 5122 534 5181 11
546 5117 683 5180 Kemnit.
700 5119 785 5199 apud
798 5118 945 5180 Bellarm.
957 5129 1025 5181 tom.
1042 5122 1072 5198 3,
1129 5116 1231 5193 11111,
1257 5116 1444 5185 heredibus,
1467 5117 1627 5196 pertinent
1647 5119 1830 5186 adfurum
1850 5127 1971 5196 civile,

278 5203 421 5269 deMatr.
438 5226 504 5289 cop.
531 5210 559 5285 1,
585 5207 823 5287 reprehendunt
836 5206 1017 5284 Ecclesiam,
1036 5224 1073 5268 eo
1128 5209 1202 5266 sunt
1219 5205 1302 5266 enim
1324 5224 1409 5268 merc
1431 5206 1632 5284 temporales.
1656 5207 1828 5275 Bellarm.
1863 5233 1974 5296 supra

279 5292 365 5375 quad
388 5294 534 5358 observet
559 5300 705 5374 tempora
732 5295 921 5360 Matrimonii
951 5301 1074 5356 contra·
1128 5291 1308 5356 deMatrim.
1329 5313 1394 5376 cap.
1411 5297 1442 5363 3,
1468 5294 1584 5356 Saneh.
1603 5293 1657 5357 lib.
1680 5297 1971 5374 10‚-d.s,aam.

277 5381 387 5460 hendi,
403 5387 504 5446 111111
518 5385 724 5447 caeremonias
734 5387 766 5445 11
779 5383 1028 5446 benedictionem
1042 5385 1074 5444 in
1129 5387 1302 5460 1111111.
1328 5387 1476 5466 quaesti,
1501 5393 1568 5447 sect.
1587 5386 1615 5446 1.
1636 5386 1734 5448 Recte
1750 5390 1895 5455 tamen
1912 5413 1974 5456 no·
2019 5457 2020 5462 ,

277 5487 315 5531 co
331 5471 559 5552 contrahendo,
576 5472 632 5534 sed
649 5472 840 5536 damnantur
853 5491 872 5534 1
886 5471 970 5535 Trid.
995 5475 1070 5535 Gan.
1126 5478 1196 5537 tant
1209 5473 1297 5536 multi
1309 5491 1381 5535 cum
1390 5474 1479 5536 Delb.
1498 5472 1802 5543 dalamantiam.
1820 5499 1904 5566 cap,
1919 5485 1975 5556 10,
2018 5479 2020 5582 ἱ
