<?xml version="1.0" encoding="UTF-8"?>
<!DOCTYPE html PUBLIC "-//W3C//DTD XHTML 1.0 Transitional//EN"
    "http://www.w3.org/TR/xhtml1/DTD/xhtml1-transitional.dtd">
<html xmlns="http://www.w3.org/1999/xhtml" xml:lang="en" lang="en">
 <head>
  <title>
</title>
<meta http-equiv="Content-Type" content="text/html;charset=utf-8" />
  <meta name='ocr-system' content='tesseract 3.04.00' />
  <meta name='ocr-capabilities' content='ocr_page ocr_carea ocr_par ocr_line ocrx_word'/>
</head>
<body>
  <div class='ocr_page' id='page_1' title='image "./theologiamorali00diongoog_0019.png"; bbox 0 0 4044 6340; ppageno 0'>
   <div class='ocr_carea' id='block_1_1' title="bbox 24 646 28 740">
    <p class='ocr_par' dir='ltr' id='par_1_1' title="bbox 24 646 28 748">
     <span class='ocr_line' id='line_1_1' title="bbox 24 646 28 740; baseline 0 0"><span class='ocrx_word' id='word_1_1' title='bbox 24 646 28 740; x_wconf 87' lang='lat' dir='ltr'>l</span> 
     </span>
    </p>
   </div>
   <div class='ocr_carea' id='block_1_2' title="bbox 746 526 1848 630">
    <p class='ocr_par' dir='ltr' id='par_1_2' title="bbox 746 526 1848 630">
     <span class='ocr_line' id='line_1_2' title="bbox 746 526 1848 630; baseline 0.002 -42"><span class='ocrx_word' id='word_1_2' title='bbox 746 526 798 588; x_wconf 91' lang='lat' dir='ltr'>DE</span> <span class='ocrx_word' id='word_1_3' title='bbox 818 527 1082 590; x_wconf 85' lang='lat' dir='ltr'>MATRIMONlO.</span> <span class='ocrx_word' id='word_1_4' title='bbox 1713 539 1732 600; x_wconf 87' lang='grc'>9</span> <span class='ocrx_word' id='word_1_5' title='bbox 1845 622 1848 630; x_wconf 31' lang='grc' dir='ltr'>Ι</span> 
     </span>
    </p>
   </div>
   <div class='ocr_carea' id='block_1_3' title="bbox 19 712 1807 980">
    <p class='ocr_par' dir='ltr' id='par_1_3' title="bbox 19 712 1807 980">
     <span class='ocr_line' id='line_1_3' title="bbox 23 712 1807 802; baseline 0.01 -32"><span class='ocrx_word' id='word_1_6' title='bbox 23 752 24 770; x_wconf 82' lang='grc'><strong>.</strong></span> <span class='ocrx_word' id='word_1_7' title='bbox 108 713 149 788; x_wconf 77' lang='lat' dir='ltr'>tis,</span> <span class='ocrx_word' id='word_1_8' title='bbox 163 712 229 775; x_wconf 89' lang='lat' dir='ltr'>item</span> <span class='ocrx_word' id='word_1_9' title='bbox 253 713 433 792; x_wconf 79' lang='lat' dir='ltr'>probabile</span> <span class='ocrx_word' id='word_1_10' title='bbox 452 717 513 790; x_wconf 91' lang='lat' dir='ltr'>est,</span> <span class='ocrx_word' id='word_1_11' title='bbox 531 713 616 795; x_wconf 93' lang='lat' dir='ltr'>quod</span> <span class='ocrx_word' id='word_1_12' title='bbox 636 713 763 793; x_wconf 89' lang='lat' dir='ltr'>quando</span> <span class='ocrx_word' id='word_1_13' title='bbox 778 714 886 776; x_wconf 88' lang='lat' dir='ltr'>Matri·</span> <span class='ocrx_word' id='word_1_14' title='bbox 978 713 1212 794; x_wconf 60' lang='grc' dir='ltr'><strong>1111111116τί6</strong></span> <span class='ocrx_word' id='word_1_15' title='bbox 1234 717 1376 797; x_wconf 87' lang='lat' dir='ltr'>sequitur</span> <span class='ocrx_word' id='word_1_16' title='bbox 1398 737 1487 798; x_wconf 88' lang='lat' dir='ltr'>eum,</span> <span class='ocrx_word' id='word_1_17' title='bbox 1513 721 1567 802; x_wconf 92' lang='lat' dir='ltr'>qui</span> <span class='ocrx_word' id='word_1_18' title='bbox 1588 739 1661 786; x_wconf 90' lang='lat' dir='ltr'>cum</span> <span class='ocrx_word' id='word_1_19' title='bbox 1681 725 1736 787; x_wconf 90' lang='lat' dir='ltr'>tali</span> <span class='ocrx_word' id='word_1_20' title='bbox 1778 723 1807 770; x_wconf 73' lang='lat'>⁴³</span> 
     </span>
     <span class='ocr_line' id='line_1_4' title="bbox 22 801 1737 884; baseline 0.005 -18"><span class='ocrx_word' id='word_1_21' title='bbox 22 818 24 871; x_wconf 78' lang='lat' dir='ltr'><strong>j</strong></span> <span class='ocrx_word' id='word_1_22' title='bbox 110 801 215 866; x_wconf 88' lang='lat' dir='ltr'>nonium</span> <span class='ocrx_word' id='word_1_23' title='bbox 236 801 361 864; x_wconf 87' lang='lat' dir='ltr'>initum</span> <span class='ocrx_word' id='word_1_24' title='bbox 391 809 439 864; x_wconf 89' lang='lat' dir='ltr'>est</span> <span class='ocrx_word' id='word_1_25' title='bbox 461 820 566 864; x_wconf 88' lang='lat' dir='ltr'>coram</span> <span class='ocrx_word' id='word_1_26' title='bbox 594 803 737 866; x_wconf 87' lang='lat' dir='ltr'>Parooho</span> <span class='ocrx_word' id='word_1_27' title='bbox 762 802 883 882; x_wconf 83' lang='lat' dir='ltr'>invito,</span> <span class='ocrx_word' id='word_1_28' title='bbox 940 802 1035 864; x_wconf 92' lang='lat' dir='ltr'>dubio</span> <span class='ocrx_word' id='word_1_29' title='bbox 1061 803 1253 882; x_wconf 87' lang='lat' dir='ltr'>speculativo</span> <span class='ocrx_word' id='word_1_30' title='bbox 1281 804 1411 884; x_wconf 84' lang='lat' dir='ltr'><strong>suscipit</strong></span> <span class='ocrx_word' id='word_1_31' title='bbox 1439 808 1674 872; x_wconf 82' lang='lat' dir='ltr'><strong>Matrimonium</strong></span> <span class='ocrx_word' id='word_1_32' title='bbox 1698 829 1737 874; x_wconf 86' lang='grc'>611</span> 
     </span>
     <span class='ocr_line' id='line_1_5' title="bbox 19 891 1735 980; baseline 0.002 -20"><span class='ocrx_word' id='word_1_33' title='bbox 19 955 20 960; x_wconf 73' lang='grc'><strong>,</strong></span> <span class='ocrx_word' id='word_1_34' title='bbox 111 891 261 954; x_wconf 86' lang='lat' dir='ltr'>eutinitum</span> <span class='ocrx_word' id='word_1_35' title='bbox 276 895 329 954; x_wconf 88' lang='lat' dir='ltr'>est</span> <span class='ocrx_word' id='word_1_36' title='bbox 343 910 418 954; x_wconf 88' lang='lat' dir='ltr'>cum</span> <span class='ocrx_word' id='word_1_37' title='bbox 436 895 522 953; x_wconf 91' lang='lat' dir='ltr'>metu</span> <span class='ocrx_word' id='word_1_38' title='bbox 542 891 758 968; x_wconf 88' lang='lat' dir='ltr'>reverentieli,</span> <span class='ocrx_word' id='word_1_39' title='bbox 776 891 816 954; x_wconf 90' lang='lat' dir='ltr'>sit</span> <span class='ocrx_word' id='word_1_40' title='bbox 830 910 886 952; x_wconf 83' lang='lat' dir='ltr'>ve·</span> <span class='ocrx_word' id='word_1_41' title='bbox 939 892 1093 953; x_wconf 87' lang='lat' dir='ltr'>sententia</span> <span class='ocrx_word' id='word_1_42' title='bbox 1116 891 1270 970; x_wconf 80' lang='lat' dir='ltr'>probabili</span> <span class='ocrx_word' id='word_1_43' title='bbox 1293 893 1402 955; x_wconf 89' lang='lat' dir='ltr'>relicta</span> <span class='ocrx_word' id='word_1_44' title='bbox 1422 896 1549 974; x_wconf 89' lang='lat' dir='ltr'>tutiore,</span> <span class='ocrx_word' id='word_1_45' title='bbox 1575 917 1638 961; x_wconf 91' lang='lat' dir='ltr'>non</span> <span class='ocrx_word' id='word_1_46' title='bbox 1659 919 1735 980; x_wconf 89' lang='lat' dir='ltr'>peo-</span> 
     </span>
    </p>
   </div>
   <div class='ocr_carea' id='block_1_4' title="bbox 110 979 1735 1153">
    <p class='ocr_par' dir='ltr' id='par_1_4' title="bbox 110 979 1735 1153">
     <span class='ocr_line' id='line_1_6' title="bbox 112 979 1735 1062; baseline 0.005 -19"><span class='ocrx_word' id='word_1_47' title='bbox 112 981 206 1043; x_wconf 88' lang='lat' dir='ltr'>lidun:</span> <span class='ocrx_word' id='word_1_48' title='bbox 227 998 305 1041; x_wconf 89' lang='lat' dir='ltr'>cum</span> <span class='ocrx_word' id='word_1_49' title='bbox 327 980 385 1042; x_wconf 89' lang='lat' dir='ltr'>tali</span> <span class='ocrx_word' id='word_1_50' title='bbox 404 979 623 1059; x_wconf 72' lang='lat' dir='ltr'>probabilitate</span> <span class='ocrx_word' id='word_1_51' title='bbox 637 979 758 1040; x_wconf 89' lang='lat' dir='ltr'>licitum</span> <span class='ocrx_word' id='word_1_52' title='bbox 773 985 837 1056; x_wconf 90' lang='lat' dir='ltr'>est,</span> <span class='ocrx_word' id='word_1_53' title='bbox 855 983 887 1043; x_wconf 91' lang='lat' dir='ltr'>et</span> <span class='ocrx_word' id='word_1_54' title='bbox 939 997 1029 1057; x_wconf 89' lang='lat' dir='ltr'>care,</span> <span class='ocrx_word' id='word_1_55' title='bbox 1051 998 1110 1040; x_wconf 90' lang='lat' dir='ltr'>nec</span> <span class='ocrx_word' id='word_1_56' title='bbox 1130 979 1290 1042; x_wconf 92' lang='lat' dir='ltr'>incurrere</span> <span class='ocrx_word' id='word_1_57' title='bbox 1305 999 1414 1061; x_wconf 82' lang='lat' dir='ltr'>poenas</span> <span class='ocrx_word' id='word_1_58' title='bbox 1428 1002 1485 1062; x_wconf 87' lang='lat' dir='ltr'>per</span> <span class='ocrx_word' id='word_1_59' title='bbox 1499 985 1735 1050; x_wconf 78' lang='lat' dir='ltr'>damnationem</span> 
     </span>
     <span class='ocr_line' id='line_1_7' title="bbox 110 1067 1735 1153; baseline 0.005 -22"><span class='ocrx_word' id='word_1_60' title='bbox 110 1070 208 1151; x_wconf 83' lang='lat' dir='ltr'>petrino</span> <span class='ocrx_word' id='word_1_61' title='bbox 223 1073 338 1149; x_wconf 89' lang='lat' dir='ltr'>postea</span> <span class='ocrx_word' id='word_1_62' title='bbox 353 1068 433 1130; x_wconf 91' lang='lat' dir='ltr'>inire</span> <span class='ocrx_word' id='word_1_63' title='bbox 448 1068 683 1131; x_wconf 81' lang='lat' dir='ltr'>Matrimonium</span> <span class='ocrx_word' id='word_1_64' title='bbox 698 1087 770 1130; x_wconf 91' lang='lat' dir='ltr'>curn</span> <span class='ocrx_word' id='word_1_65' title='bbox 784 1072 884 1130; x_wconf 88' lang='lat' dir='ltr'>matre</span> <span class='ocrx_word' id='word_1_66' title='bbox 937 1067 1047 1147; x_wconf 84' lang='lat' dir='ltr'>primae</span> <span class='ocrx_word' id='word_1_67' title='bbox 1068 1068 1289 1148; x_wconf 87' lang='lat' dir='ltr'>propositionis</span> <span class='ocrx_word' id='word_1_68' title='bbox 1309 1070 1496 1149; x_wconf 88' lang='lat' dir='ltr'>intentatas,</span> <span class='ocrx_word' id='word_1_69' title='bbox 1520 1073 1594 1153; x_wconf 89' lang='lat' dir='ltr'>quia</span> <span class='ocrx_word' id='word_1_70' title='bbox 1614 1075 1653 1136; x_wconf 95' lang='lat' dir='ltr'>ob</span> <span class='ocrx_word' id='word_1_71' title='bbox 1669 1077 1735 1139; x_wconf 88' lang='lat' dir='ltr'>dis·</span> 
     </span>
    </p>
   </div>
   <div class='ocr_carea' id='block_1_5' title="bbox 12 1156 1730 1243">
    <p class='ocr_par' dir='ltr' id='par_1_5' title="bbox 12 1156 1730 1243">
     <span class='ocr_line' id='line_1_8' title="bbox 12 1156 1730 1243; baseline 0.004 -23"><span class='ocrx_word' id='word_1_72' title='bbox 12 1165 14 1190; x_wconf 74' lang='lat'><em>³</em></span> <span class='ocrx_word' id='word_1_73' title='bbox 111 1157 340 1237; x_wconf 83' lang='lat' dir='ltr'>taliabaptizati,</span> <span class='ocrx_word' id='word_1_74' title='bbox 359 1163 391 1218; x_wconf 88' lang='lat' dir='ltr'>et</span> <span class='ocrx_word' id='word_1_75' title='bbox 405 1156 591 1218; x_wconf 78' lang='lat' dir='ltr'>contrahere</span> <span class='ocrx_word' id='word_1_76' title='bbox 613 1175 721 1218; x_wconf 86' lang='lat' dir='ltr'>eoram</span> <span class='ocrx_word' id='word_1_77' title='bbox 743 1157 884 1219; x_wconf 89' lang='lat' dir='ltr'>Perocho</span> <span class='ocrx_word' id='word_1_78' title='bbox 938 1157 1154 1235; x_wconf 79' lang='lat' dir='ltr'>pausationem</span> <span class='ocrx_word' id='word_1_79' title='bbox 1176 1158 1322 1220; x_wconf 76' lang='lat' dir='ltr'>Ecclesia</span> <span class='ocrx_word' id='word_1_80' title='bbox 1344 1159 1466 1222; x_wconf 87' lang='lat' dir='ltr'>aceedit</span> <span class='ocrx_word' id='word_1_81' title='bbox 1484 1162 1730 1243; x_wconf 88' lang='lat' dir='ltr'>circumstantia,</span> 
     </span>
    </p>
   </div>
   <div class='ocr_carea' id='block_1_6' title="bbox 108 1245 1735 1945">
    <p class='ocr_par' dir='ltr' id='par_1_6' title="bbox 109 1245 1735 1596">
     <span class='ocr_line' id='line_1_9' title="bbox 110 1245 1734 1329; baseline 0.002 -19"><span class='ocrx_word' id='word_1_82' title='bbox 110 1247 206 1324; x_wconf 85' lang='grc'><strong>111116,</strong></span> <span class='ocrx_word' id='word_1_83' title='bbox 229 1252 262 1306; x_wconf 87' lang='grc'>61</span> <span class='ocrx_word' id='word_1_84' title='bbox 285 1263 528 1322; x_wconf 87' lang='lat' dir='ltr'>consummare,</span> <span class='ocrx_word' id='word_1_85' title='bbox 555 1246 700 1325; x_wconf 87' lang='lat' dir='ltr'>quamvis</span> <span class='ocrx_word' id='word_1_86' title='bbox 724 1265 884 1326; x_wconf 85' lang='lat' dir='ltr'>unapars</span> <span class='ocrx_word' id='word_1_87' title='bbox 939 1264 1008 1325; x_wconf 87' lang='lat' dir='ltr'>quae</span> <span class='ocrx_word' id='word_1_88' title='bbox 1036 1245 1223 1308; x_wconf 81' lang='lat' dir='ltr'>sententiam</span> <span class='ocrx_word' id='word_1_89' title='bbox 1250 1246 1337 1307; x_wconf 88' lang='lat' dir='ltr'>illam</span> <span class='ocrx_word' id='word_1_90' title='bbox 1365 1266 1403 1308; x_wconf 84' lang='lat' dir='ltr'>ex</span> <span class='ocrx_word' id='word_1_91' title='bbox 1432 1249 1549 1310; x_wconf 90' lang='lat' dir='ltr'>directe</span> <span class='ocrx_word' id='word_1_92' title='bbox 1577 1253 1734 1329; x_wconf 89' lang='lat' dir='ltr'>probabili</span> 
     </span>
     <span class='ocr_line' id='line_1_10' title="bbox 111 1333 1731 1418; baseline 0.004 -21"><span class='ocrx_word' id='word_1_93' title='bbox 111 1334 253 1398; x_wconf 84' lang='lat' dir='ltr'>contrahat</span> <span class='ocrx_word' id='word_1_94' title='bbox 277 1352 316 1396; x_wconf 85' lang='lat' dir='ltr'>ex</span> <span class='ocrx_word' id='word_1_95' title='bbox 334 1337 422 1396; x_wconf 89' lang='lat' dir='ltr'>metu</span> <span class='ocrx_word' id='word_1_96' title='bbox 441 1333 651 1395; x_wconf 86' lang='lat' dir='ltr'>reverentiali.</span> <span class='ocrx_word' id='word_1_97' title='bbox 673 1335 776 1414; x_wconf 80' lang='lat' dir='ltr'>Atque</span> <span class='ocrx_word' id='word_1_98' title='bbox 800 1333 884 1396; x_wconf 90' lang='lat' dir='ltr'>idem</span> <span class='ocrx_word' id='word_1_99' title='bbox 938 1334 1013 1396; x_wconf 90' lang='lat' dir='ltr'>lacit</span> <span class='ocrx_word' id='word_1_100' title='bbox 1033 1352 1101 1396; x_wconf 90' lang='lat' dir='ltr'>esse</span> <span class='ocrx_word' id='word_1_101' title='bbox 1123 1335 1236 1396; x_wconf 85' lang='lat' dir='ltr'>retlexe</span> <span class='ocrx_word' id='word_1_102' title='bbox 1258 1339 1394 1414; x_wconf 90' lang='lat' dir='ltr'>certam,</span> <span class='ocrx_word' id='word_1_103' title='bbox 1417 1340 1448 1398; x_wconf 91' lang='lat' dir='ltr'>et</span> <span class='ocrx_word' id='word_1_104' title='bbox 1468 1338 1604 1418; x_wconf 88' lang='lat' dir='ltr'>practice</span> <span class='ocrx_word' id='word_1_105' title='bbox 1619 1343 1731 1404; x_wconf 90' lang='lat' dir='ltr'>tutem.</span> 
     </span>
     <span class='ocr_line' id='line_1_11' title="bbox 109 1420 1735 1507; baseline 0.004 -21"><span class='ocrx_word' id='word_1_106' title='bbox 109 1429 149 1486; x_wconf 82' lang='lat' dir='ltr'>est</span> <span class='ocrx_word' id='word_1_107' title='bbox 159 1424 192 1484; x_wconf 91' lang='lat' dir='ltr'>de</span> <span class='ocrx_word' id='word_1_108' title='bbox 204 1422 358 1484; x_wconf 85' lang='lat' dir='ltr'>similibus</span> <span class='ocrx_word' id='word_1_109' title='bbox 373 1422 591 1502; x_wconf 88' lang='lat' dir='ltr'>opinionibus;</span> <span class='ocrx_word' id='word_1_110' title='bbox 608 1420 688 1482; x_wconf 89' lang='lat' dir='ltr'>ratio</span> <span class='ocrx_word' id='word_1_111' title='bbox 704 1425 809 1484; x_wconf 89' lang='lat' dir='ltr'>autem</span> <span class='ocrx_word' id='word_1_112' title='bbox 824 1427 882 1500; x_wconf 92' lang='lat' dir='ltr'>est,</span> <span class='ocrx_word' id='word_1_113' title='bbox 938 1425 1011 1484; x_wconf 84' lang='lat' dir='ltr'>Haec</span> <span class='ocrx_word' id='word_1_114' title='bbox 1026 1423 1214 1502; x_wconf 85' lang='lat' dir='ltr'>generaliter</span> <span class='ocrx_word' id='word_1_115' title='bbox 1232 1423 1316 1484; x_wconf 88' lang='lat' dir='ltr'>diota</span> <span class='ocrx_word' id='word_1_116' title='bbox 1335 1443 1391 1487; x_wconf 91' lang='lat' dir='ltr'>suo</span> <span class='ocrx_word' id='word_1_117' title='bbox 1406 1426 1475 1488; x_wconf 93' lang='lat' dir='ltr'>loco</span> <span class='ocrx_word' id='word_1_118' title='bbox 1491 1427 1735 1507; x_wconf 88' lang='lat' dir='ltr'>applicabuntur</span> 
     </span>
     <span class='ocr_line' id='line_1_12' title="bbox 109 1509 1317 1596; baseline -0.001 -22"><span class='ocrx_word' id='word_1_119' title='bbox 109 1513 171 1596; x_wconf 88' lang='lat' dir='ltr'>quia</span> <span class='ocrx_word' id='word_1_120' title='bbox 186 1511 272 1572; x_wconf 85' lang='lat' dir='ltr'>valor</span> <span class='ocrx_word' id='word_1_121' title='bbox 290 1513 396 1572; x_wconf 88' lang='lat' dir='ltr'>certus</span> <span class='ocrx_word' id='word_1_122' title='bbox 412 1509 528 1572; x_wconf 87' lang='lat' dir='ltr'>talibus</span> <span class='ocrx_word' id='word_1_123' title='bbox 542 1509 749 1572; x_wconf 88' lang='lat' dir='ltr'>Matrimoniis</span> <span class='ocrx_word' id='word_1_124' title='bbox 763 1511 885 1573; x_wconf 89' lang='lat' dir='ltr'>accedit</span> <span class='ocrx_word' id='word_1_125' title='bbox 938 1511 1153 1574; x_wconf 90' lang='lat' dir='ltr'>determinatis</span> <span class='ocrx_word' id='word_1_126' title='bbox 1167 1512 1317 1574; x_wconf 87' lang='lat' dir='ltr'>materiis.</span> 
     </span>
    </p>

    <p class='ocr_par' dir='ltr' id='par_1_7' title="bbox 109 1598 881 1682">
     <span class='ocr_line' id='line_1_13' title="bbox 109 1598 881 1682; baseline -0.005 -18"><span class='ocrx_word' id='word_1_127' title='bbox 109 1624 141 1665; x_wconf 83' lang='lat' dir='ltr'>es</span> <span class='ocrx_word' id='word_1_128' title='bbox 159 1599 378 1682; x_wconf 86' lang='lat' dir='ltr'>approbatione</span> <span class='ocrx_word' id='word_1_129' title='bbox 399 1603 454 1662; x_wconf 89' lang='lat' dir='ltr'>aut</span> <span class='ocrx_word' id='word_1_130' title='bbox 472 1598 704 1678; x_wconf 88' lang='lat' dir='ltr'>dispensatione</span> <span class='ocrx_word' id='word_1_131' title='bbox 723 1599 881 1676; x_wconf 79' lang='lat' dir='ltr'>Ecclesia,</span> 
     </span>
    </p>

    <p class='ocr_par' dir='ltr' id='par_1_8' title="bbox 108 1688 884 1774">
     <span class='ocr_line' id='line_1_14' title="bbox 108 1688 884 1774; baseline -0.005 -20"><span class='ocrx_word' id='word_1_132' title='bbox 108 1692 180 1774; x_wconf 91' lang='lat' dir='ltr'>quod</span> <span class='ocrx_word' id='word_1_133' title='bbox 192 1689 386 1753; x_wconf 87' lang='lat' dir='ltr'>convincitur</span> <span class='ocrx_word' id='word_1_134' title='bbox 398 1688 514 1769; x_wconf 89' lang='lat' dir='ltr'>partim</span> <span class='ocrx_word' id='word_1_135' title='bbox 534 1707 572 1748; x_wconf 87' lang='lat' dir='ltr'>ex</span> <span class='ocrx_word' id='word_1_136' title='bbox 585 1688 811 1752; x_wconf 87' lang='lat' dir='ltr'>consuetudine</span> <span class='ocrx_word' id='word_1_137' title='bbox 825 1691 884 1752; x_wconf 89' lang='lat' dir='ltr'>Ec-</span> 
     </span>
    </p>

    <p class='ocr_par' dir='ltr' id='par_1_9' title="bbox 108 1776 1541 1872">
     <span class='ocr_line' id='line_1_15' title="bbox 108 1776 1541 1872; baseline -0.005 -29"><span class='ocrx_word' id='word_1_138' title='bbox 108 1781 210 1856; x_wconf 76' lang='lat' dir='ltr'>clesiae,</span> <span class='ocrx_word' id='word_1_139' title='bbox 232 1796 302 1860; x_wconf 79' lang='lat' dir='ltr'>quae</span> <span class='ocrx_word' id='word_1_140' title='bbox 320 1778 353 1838; x_wconf 88' lang='lat' dir='ltr'>in</span> <span class='ocrx_word' id='word_1_141' title='bbox 367 1776 589 1839; x_wconf 84' lang='lat' dir='ltr'>Tribunalibus</span> <span class='ocrx_word' id='word_1_142' title='bbox 603 1777 666 1838; x_wconf 90' lang='lat' dir='ltr'>suis</span> <span class='ocrx_word' id='word_1_143' title='bbox 681 1795 764 1856; x_wconf 84' lang='lat' dir='ltr'>saepe</span> <span class='ocrx_word' id='word_1_144' title='bbox 779 1777 885 1839; x_wconf 89' lang='lat' dir='ltr'>decla·</span> <span class='ocrx_word' id='word_1_145' title='bbox 1123 1807 1146 1866; x_wconf 74' lang='lat' dir='ltr'><strong>G</strong></span> <span class='ocrx_word' id='word_1_146' title='bbox 1157 1808 1183 1866; x_wconf 69' lang='grc' dir='ltr'>Α</span> <span class='ocrx_word' id='word_1_147' title='bbox 1194 1806 1218 1866; x_wconf 81' lang='lat' dir='ltr'>p</span> <span class='ocrx_word' id='word_1_148' title='bbox 1228 1808 1289 1868; x_wconf 69' lang='lat' dir='ltr'>UT</span> <span class='ocrx_word' id='word_1_149' title='bbox 1330 1809 1411 1868; x_wconf 66' lang='lat' dir='ltr'>PR]</span> <span class='ocrx_word' id='word_1_150' title='bbox 1422 1809 1452 1870; x_wconf 80' lang='lat' dir='ltr'><strong>M</strong></span> <span class='ocrx_word' id='word_1_151' title='bbox 1463 1809 1489 1872; x_wconf 80' lang='lat' dir='ltr'>U</span> <span class='ocrx_word' id='word_1_152' title='bbox 1500 1809 1541 1872; x_wconf 44' lang='lat' dir='ltr'>M·</span> 
     </span>
    </p>

    <p class='ocr_par' dir='ltr' id='par_1_10' title="bbox 108 1865 1226 1945">
     <span class='ocr_line' id='line_1_16' title="bbox 108 1865 1226 1945; baseline -0.006 -15"><span class='ocrx_word' id='word_1_153' title='bbox 108 1868 177 1930; x_wconf 82' lang='lat' dir='ltr'>ravit</span> <span class='ocrx_word' id='word_1_154' title='bbox 187 1866 420 1931; x_wconf 88' lang='lat' dir='ltr'>Matrimonium</span> <span class='ocrx_word' id='word_1_155' title='bbox 439 1865 483 1927; x_wconf 90' lang='lat' dir='ltr'>sie</span> <span class='ocrx_word' id='word_1_156' title='bbox 505 1869 700 1927; x_wconf 89' lang='lat' dir='ltr'>contractum</span> <span class='ocrx_word' id='word_1_157' title='bbox 721 1884 788 1926; x_wconf 89' lang='lat' dir='ltr'>esse</span> <span class='ocrx_word' id='word_1_158' title='bbox 809 1865 883 1945; x_wconf 88' lang='lat' dir='ltr'>legi·</span> <span class='ocrx_word' id='word_1_159' title='bbox 1225 1885 1226 1889; x_wconf 44' lang='lat'>¹</span> 
     </span>
    </p>
   </div>
   <div class='ocr_carea' id='block_1_7' title="bbox 1 1955 1478 2305">
    <p class='ocr_par' dir='ltr' id='par_1_11' title="bbox 1 1955 1478 2311">
     <span class='ocr_line' id='line_1_17' title="bbox 1 1955 1478 2048; baseline -0.001 -29"><span class='ocrx_word' id='word_1_160' title='bbox 1 2007 2 2048; x_wconf 67' lang='grc'><strong>,</strong></span> <span class='ocrx_word' id='word_1_161' title='bbox 107 1959 222 2035; x_wconf 88' lang='lat' dir='ltr'>timum,</span> <span class='ocrx_word' id='word_1_162' title='bbox 248 1975 327 2038; x_wconf 90' lang='lat' dir='ltr'>quas</span> <span class='ocrx_word' id='word_1_163' title='bbox 354 1955 582 2017; x_wconf 86' lang='lat' dir='ltr'>declarationes</span> <span class='ocrx_word' id='word_1_164' title='bbox 610 1955 648 2016; x_wconf 93' lang='lat' dir='ltr'>de</span> <span class='ocrx_word' id='word_1_165' title='bbox 677 1955 807 2035; x_wconf 86' lang='lat' dir='ltr'>singulis</span> <span class='ocrx_word' id='word_1_166' title='bbox 835 1955 883 2015; x_wconf 92' lang='lat' dir='ltr'>his</span> <span class='ocrx_word' id='word_1_167' title='bbox 1190 1957 1235 2018; x_wconf 89' lang='lat' dir='ltr'>De</span> <span class='ocrx_word' id='word_1_168' title='bbox 1261 1955 1478 2036; x_wconf 80' lang='lat' dir='ltr'>sponsalibus.</span> 
     </span>
     <span class='ocr_line' id='line_1_18' title="bbox 1 2043 884 2125; baseline -0.008 -16"><span class='ocrx_word' id='word_1_169' title='bbox 1 2071 2 2079; x_wconf 52' lang='lat'>¹</span> <span class='ocrx_word' id='word_1_170' title='bbox 107 2045 241 2125; x_wconf 79' lang='lat' dir='ltr'>exemplis</span> <span class='ocrx_word' id='word_1_171' title='bbox 261 2045 352 2106; x_wconf 82' lang='lat' dir='ltr'>affert</span> <span class='ocrx_word' id='word_1_172' title='bbox 370 2043 548 2118; x_wconf 80' lang='lat' dir='ltr'>Gardenes;</span> <span class='ocrx_word' id='word_1_173' title='bbox 570 2044 763 2105; x_wconf 90' lang='lat' dir='ltr'>consuetudo</span> <span class='ocrx_word' id='word_1_174' title='bbox 778 2045 884 2104; x_wconf 90' lang='lat' dir='ltr'>eutem</span> 
     </span>
     <span class='ocr_line' id='line_1_19' title="bbox 2 2131 884 2212; baseline -0.009 -11"><span class='ocrx_word' id='word_1_175' title='bbox 2 2149 6 2201; x_wconf 69' lang='lat' dir='ltr'>t</span> <span class='ocrx_word' id='word_1_176' title='bbox 107 2137 151 2198; x_wconf 91' lang='lat' dir='ltr'>bic</span> <span class='ocrx_word' id='word_1_177' title='bbox 167 2135 337 2197; x_wconf 87' lang='lat' dir='ltr'>secundum</span> <span class='ocrx_word' id='word_1_178' title='bbox 357 2133 491 2195; x_wconf 88' lang='lat' dir='ltr'>dicenda</span> <span class='ocrx_word' id='word_1_179' title='bbox 512 2153 531 2196; x_wconf 88' lang='lat' dir='ltr'>a</span> <span class='ocrx_word' id='word_1_180' title='bbox 552 2152 583 2195; x_wconf 85' lang='lat' dir='ltr'>n.</span> <span class='ocrx_word' id='word_1_181' title='bbox 606 2136 676 2212; x_wconf 86' lang='grc'><strong>517,</strong></span> <span class='ocrx_word' id='word_1_182' title='bbox 703 2133 800 2194; x_wconf 84' lang='lat' dir='ltr'>habet</span> <span class='ocrx_word' id='word_1_183' title='bbox 820 2131 884 2194; x_wconf 88' lang='lat' dir='ltr'>vim</span> 
     </span>
     <span class='ocr_line' id='line_1_20' title="bbox 5 2220 882 2305; baseline -0.008 -16"><span class='ocrx_word' id='word_1_184' title='bbox 5 2220 9 2292; x_wconf 81' lang='grc'>1</span> <span class='ocrx_word' id='word_1_185' title='bbox 107 2224 263 2305; x_wconf 80' lang='lat' dir='ltr'>abrogandi</span> <span class='ocrx_word' id='word_1_186' title='bbox 285 2225 371 2304; x_wconf 88' lang='lat' dir='ltr'>leges</span> <span class='ocrx_word' id='word_1_187' title='bbox 393 2243 400 2284; x_wconf 96' lang='lat'><strong>:</strong></span> <span class='ocrx_word' id='word_1_188' title='bbox 423 2224 538 2304; x_wconf 86' lang='lat' dir='ltr'>partim</span> <span class='ocrx_word' id='word_1_189' title='bbox 560 2243 598 2285; x_wconf 87' lang='lat' dir='ltr'>ex</span> <span class='ocrx_word' id='word_1_190' title='bbox 619 2241 770 2302; x_wconf 91' lang='lat' dir='ltr'>responso</span> <span class='ocrx_word' id='word_1_191' title='bbox 792 2224 882 2284; x_wconf 78' lang='lat' dir='ltr'>Alex.</span> 
     </span>
    </p>
   </div>
   <div class='ocr_carea' id='block_1_8' title="bbox 113 2181 1528 2404">
    <p class='ocr_par' dir='ltr' id='par_1_12' title="bbox 113 2181 1528 2404">
     <span class='ocr_line' id='line_1_21' title="bbox 1238 2181 1437 2246; baseline 0.005 -3"><span class='ocrx_word' id='word_1_192' title='bbox 1238 2181 1392 2246; x_wconf 89' lang='lat' dir='ltr'>DUBIUM</span> <span class='ocrx_word' id='word_1_193' title='bbox 1413 2183 1437 2245; x_wconf 90' lang='lat' dir='ltr'>l.</span> 
     </span>
     <span class='ocr_line' id='line_1_22' title="bbox 113 2311 1528 2404; baseline 0.004 -30"><span class='ocrx_word' id='word_1_194' title='bbox 113 2314 170 2384; x_wconf 87' lang='lat' dir='ltr'>Vll,</span> <span class='ocrx_word' id='word_1_195' title='bbox 189 2313 273 2395; x_wconf 90' lang='lat' dir='ltr'>quod</span> <span class='ocrx_word' id='word_1_196' title='bbox 297 2313 328 2374; x_wconf 92' lang='lat' dir='ltr'>in</span> <span class='ocrx_word' id='word_1_197' title='bbox 351 2313 485 2374; x_wconf 88' lang='lat' dir='ltr'>materia</span> <span class='ocrx_word' id='word_1_198' title='bbox 507 2311 779 2376; x_wconf 87' lang='lat' dir='ltr'>Matrimoniorum</span> <span class='ocrx_word' id='word_1_199' title='bbox 793 2311 882 2388; x_wconf 87' lang='lat' dir='ltr'>dixit,</span> <span class='ocrx_word' id='word_1_200' title='bbox 1148 2321 1231 2400; x_wconf 74' lang='lat' dir='ltr'>Quid</span> <span class='ocrx_word' id='word_1_201' title='bbox 1255 2327 1315 2386; x_wconf 69' lang='grc'><strong>1111</strong></span> <span class='ocrx_word' id='word_1_202' title='bbox 1341 2323 1528 2404; x_wconf 71' lang='lat' dir='ltr'>sponsalia?</span> 
     </span>
    </p>
   </div>
   <div class='ocr_carea' id='block_1_9' title="bbox 16 2395 885 2483">
    <p class='ocr_par' dir='ltr' id='par_1_13' title="bbox 16 2395 885 2483">
     <span class='ocr_line' id='line_1_23' title="bbox 16 2395 885 2483; baseline 0.03 -42"><span class='ocrx_word' id='word_1_203' title='bbox 16 2395 20 2441; x_wconf 69' lang='grc'>’1</span> <span class='ocrx_word' id='word_1_204' title='bbox 108 2405 153 2466; x_wconf 68' lang='lat' dir='ltr'>„bi</span> <span class='ocrx_word' id='word_1_205' title='bbox 173 2403 316 2483; x_wconf 69' lang='lat' dir='ltr'>quinque</span> <span class='ocrx_word' id='word_1_206' title='bbox 331 2405 436 2466; x_wconf 87' lang='lat' dir='ltr'>esseut</span> <span class='ocrx_word' id='word_1_207' title='bbox 450 2401 613 2482; x_wconf 86' lang='lat' dir='ltr'>opiniones</span> <span class='ocrx_word' id='word_1_208' title='bbox 632 2400 829 2481; x_wconf 88' lang='lat' dir='ltr'>probabiles,</span> <span class='ocrx_word' id='word_1_209' title='bbox 850 2403 885 2462; x_wconf 82' lang='lat' dir='ltr'>ut</span> 
     </span>
    </p>
   </div>
   <div class='ocr_carea' id='block_1_10' title="bbox 89 2485 1782 5585">
    <p class='ocr_par' dir='ltr' id='par_1_14' title="bbox 89 2485 1782 5585">
     <span class='ocr_line' id='line_1_24' title="bbox 109 2485 1735 2572; baseline -0.003 -15"><span class='ocrx_word' id='word_1_210' title='bbox 109 2491 275 2557; x_wconf 85' lang='lat' dir='ltr'>lliseionarii</span> <span class='ocrx_word' id='word_1_211' title='bbox 299 2495 507 2572; x_wconf 88' lang='lat' dir='ltr'>sequerentur</span> <span class='ocrx_word' id='word_1_212' title='bbox 528 2491 612 2568; x_wconf 90' lang='lat' dir='ltr'>illas,</span> <span class='ocrx_word' id='word_1_213' title='bbox 637 2509 707 2571; x_wconf 79' lang='lat' dir='ltr'>quae</span> <span class='ocrx_word' id='word_1_214' title='bbox 728 2509 785 2570; x_wconf 93' lang='lat' dir='ltr'>pro</span> <span class='ocrx_word' id='word_1_215' title='bbox 810 2507 885 2550; x_wconf 89' lang='lat' dir='ltr'>con·</span> <span class='ocrx_word' id='word_1_216' title='bbox 984 2507 998 2544; x_wconf 85' lang='grc'>6</span> <span class='ocrx_word' id='word_1_217' title='bbox 1020 2487 1112 2566; x_wconf 85' lang='lat' dir='ltr'>Resp.</span> <span class='ocrx_word' id='word_1_218' title='bbox 1131 2487 1211 2549; x_wconf 88' lang='lat' dir='ltr'>Sunt</span> <span class='ocrx_word' id='word_1_219' title='bbox 1224 2485 1389 2565; x_wconf 89' lang='lat' dir='ltr'>promissio</span> <span class='ocrx_word' id='word_1_220' title='bbox 1405 2487 1596 2566; x_wconf 84' lang='lat' dir='ltr'>voluntaria,</span> <span class='ocrx_word' id='word_1_221' title='bbox 1614 2488 1735 2552; x_wconf 91' lang='lat' dir='ltr'>delibe-</span> 
     </span>
     <span class='ocr_line' id='line_1_25' title="bbox 109 2573 1734 2656; baseline -0.001 -13"><span class='ocrx_word' id='word_1_222' title='bbox 109 2583 207 2644; x_wconf 88' lang='lat' dir='ltr'>ditione</span> <span class='ocrx_word' id='word_1_223' title='bbox 231 2580 395 2656; x_wconf 91' lang='lat' dir='ltr'>locorum,</span> <span class='ocrx_word' id='word_1_224' title='bbox 421 2596 457 2640; x_wconf 89' lang='lat' dir='ltr'>ao</span> <span class='ocrx_word' id='word_1_225' title='bbox 485 2579 650 2640; x_wconf 89' lang='lat' dir='ltr'>bominum</span> <span class='ocrx_word' id='word_1_226' title='bbox 676 2579 884 2640; x_wconf 88' lang='lat' dir='ltr'>barbarorum</span> <span class='ocrx_word' id='word_1_227' title='bbox 938 2579 1008 2638; x_wconf 85' lang='lat' dir='ltr'>rata</span> <span class='ocrx_word' id='word_1_228' title='bbox 1022 2579 1053 2638; x_wconf 89' lang='lat' dir='ltr'>et</span> <span class='ocrx_word' id='word_1_229' title='bbox 1066 2577 1176 2635; x_wconf 89' lang='lat' dir='ltr'>mutua</span> <span class='ocrx_word' id='word_1_230' title='bbox 1190 2573 1279 2654; x_wconf 87' lang='lat' dir='ltr'>signo</span> <span class='ocrx_word' id='word_1_231' title='bbox 1295 2575 1433 2637; x_wconf 85' lang='lat' dir='ltr'>sensibili</span> <span class='ocrx_word' id='word_1_232' title='bbox 1453 2595 1620 2656; x_wconf 84' lang='lat' dir='ltr'>expresse,</span> <span class='ocrx_word' id='word_1_233' title='bbox 1636 2577 1734 2641; x_wconf 84' lang='lat' dir='ltr'>futuri</span> 
     </span>
     <span class='ocr_line' id='line_1_26' title="bbox 109 2662 1638 2748; baseline -0.003 -17"><span class='ocrx_word' id='word_1_234' title='bbox 109 2673 195 2731; x_wconf 83' lang='grc'><strong>616611</strong></span> <span class='ocrx_word' id='word_1_235' title='bbox 206 2666 445 2730; x_wconf 77' lang='lat' dir='ltr'>favorabiliores</span> <span class='ocrx_word' id='word_1_236' title='bbox 462 2687 469 2727; x_wconf 91' lang='lat'>:</span> <span class='ocrx_word' id='word_1_237' title='bbox 486 2667 593 2746; x_wconf 89' lang='lat' dir='ltr'>sicque</span> <span class='ocrx_word' id='word_1_238' title='bbox 609 2666 711 2727; x_wconf 91' lang='lat' dir='ltr'>innuit</span> <span class='ocrx_word' id='word_1_239' title='bbox 724 2665 884 2748; x_wconf 89' lang='lat' dir='ltr'>sequendo</span> <span class='ocrx_word' id='word_1_240' title='bbox 939 2662 1139 2740; x_wconf 87' lang='lat' dir='ltr'>Matrimonii,</span> <span class='ocrx_word' id='word_1_241' title='bbox 1156 2663 1238 2723; x_wconf 91' lang='lat' dir='ltr'>inter</span> <span class='ocrx_word' id='word_1_242' title='bbox 1251 2681 1402 2743; x_wconf 89' lang='lat' dir='ltr'>personas</span> <span class='ocrx_word' id='word_1_243' title='bbox 1416 2667 1433 2728; x_wconf 91' lang='lat' dir='ltr'>J</span> <span class='ocrx_word' id='word_1_244' title='bbox 1438 2684 1491 2726; x_wconf 90' lang='lat' dir='ltr'>ure</span> <span class='ocrx_word' id='word_1_245' title='bbox 1506 2664 1638 2727; x_wconf 89' lang='lat' dir='ltr'>habiles.</span> 
     </span>
     <span class='ocr_line' id='line_1_27' title="bbox 108 2753 1734 2838; baseline -0.002 -18"><span class='ocrx_word' id='word_1_246' title='bbox 108 2762 256 2838; x_wconf 73' lang='grc'><strong>1116111116</strong></span> <span class='ocrx_word' id='word_1_247' title='bbox 275 2758 401 2836; x_wconf 88' lang='lat' dir='ltr'>partem</span> <span class='ocrx_word' id='word_1_248' title='bbox 421 2756 531 2818; x_wconf 86' lang='lat' dir='ltr'>talium</span> <span class='ocrx_word' id='word_1_249' title='bbox 553 2756 736 2836; x_wconf 90' lang='lat' dir='ltr'>opinionum</span> <span class='ocrx_word' id='word_1_250' title='bbox 758 2774 820 2818; x_wconf 93' lang='lat' dir='ltr'>non</span> <span class='ocrx_word' id='word_1_251' title='bbox 835 2774 885 2816; x_wconf 92' lang='lat' dir='ltr'>re·</span> <span class='ocrx_word' id='word_1_252' title='bbox 979 2777 993 2813; x_wconf 84' lang='grc'>1</span> <span class='ocrx_word' id='word_1_253' title='bbox 1019 2753 1170 2816; x_wconf 87' lang='lat' dir='ltr'>Diciturl.</span> <span class='ocrx_word' id='word_1_254' title='bbox 1185 2755 1358 2830; x_wconf 83' lang='lat' dir='ltr'>Promissis,</span> <span class='ocrx_word' id='word_1_255' title='bbox 1373 2754 1657 2835; x_wconf 89' lang='lat' dir='ltr'>quiapropositum</span> <span class='ocrx_word' id='word_1_256' title='bbox 1670 2773 1734 2817; x_wconf 91' lang='lat' dir='ltr'>non</span> 
     </span>
     <span class='ocr_line' id='line_1_28' title="bbox 106 2841 1734 2926; baseline -0.001 -18"><span class='ocrx_word' id='word_1_257' title='bbox 106 2864 217 2908; x_wconf 85' lang='lat' dir='ltr'>manere</span> <span class='ocrx_word' id='word_1_258' title='bbox 230 2845 503 2925; x_wconf 87' lang='lat' dir='ltr'>impedimentum.</span> <span class='ocrx_word' id='word_1_259' title='bbox 516 2845 657 2926; x_wconf 87' lang='lat' dir='ltr'>Denique</span> <span class='ocrx_word' id='word_1_260' title='bbox 672 2845 767 2908; x_wconf 87' lang='lat' dir='ltr'>etiam</span> <span class='ocrx_word' id='word_1_261' title='bbox 782 2862 883 2922; x_wconf 90' lang='lat' dir='ltr'>exeo,</span> <span class='ocrx_word' id='word_1_262' title='bbox 939 2842 1054 2904; x_wconf 84' lang='lat' dir='ltr'>sufficit</span> <span class='ocrx_word' id='word_1_263' title='bbox 1067 2859 1139 2902; x_wconf 89' lang='lat' dir='ltr'>cum</span> <span class='ocrx_word' id='word_1_264' title='bbox 1154 2860 1216 2902; x_wconf 93' lang='lat' dir='ltr'>non</span> <span class='ocrx_word' id='word_1_265' title='bbox 1235 2841 1364 2906; x_wconf 90' lang='lat' dir='ltr'>inducat</span> <span class='ocrx_word' id='word_1_266' title='bbox 1385 2842 1608 2923; x_wconf 85' lang='lat' dir='ltr'>obligationem</span> <span class='ocrx_word' id='word_1_267' title='bbox 1625 2863 1632 2906; x_wconf 91' lang='lat'>:</span> <span class='ocrx_word' id='word_1_268' title='bbox 1650 2844 1734 2906; x_wconf 90' lang='lat' dir='ltr'>unde</span> 
     </span>
     <span class='ocr_line' id='line_1_29' title="bbox 107 2930 1736 3017; baseline 0 -21"><span class='ocrx_word' id='word_1_269' title='bbox 107 2937 167 3017; x_wconf 88' lang='lat' dir='ltr'>quia</span> <span class='ocrx_word' id='word_1_270' title='bbox 179 2939 301 2998; x_wconf 86' lang='lat' dir='ltr'>eertum</span> <span class='ocrx_word' id='word_1_271' title='bbox 315 2937 364 2996; x_wconf 89' lang='lat' dir='ltr'>est</span> <span class='ocrx_word' id='word_1_272' title='bbox 378 2953 505 2996; x_wconf 88' lang='lat' dir='ltr'>causam</span> <span class='ocrx_word' id='word_1_273' title='bbox 515 2935 705 2998; x_wconf 87' lang='lat' dir='ltr'>Matrimonii</span> <span class='ocrx_word' id='word_1_274' title='bbox 716 2952 784 2996; x_wconf 89' lang='lat' dir='ltr'>esse</span> <span class='ocrx_word' id='word_1_275' title='bbox 798 2934 885 3000; x_wconf 87' lang='grc'><strong>1616,-</strong></span> <span class='ocrx_word' id='word_1_276' title='bbox 940 2931 994 3014; x_wconf 90' lang='lat' dir='ltr'>qui</span> <span class='ocrx_word' id='word_1_277' title='bbox 1008 2930 1136 3006; x_wconf 85' lang='lat' dir='ltr'>diceret,</span> <span class='ocrx_word' id='word_1_278' title='bbox 1152 2932 1220 2992; x_wconf 87' lang='lat' dir='ltr'>colo</span> <span class='ocrx_word' id='word_1_279' title='bbox 1234 2936 1261 2992; x_wconf 83' lang='lat' dir='ltr'>te</span> <span class='ocrx_word' id='word_1_280' title='bbox 1274 2936 1418 3011; x_wconf 75' lang='lat' dir='ltr'>occepere,</span> <span class='ocrx_word' id='word_1_281' title='bbox 1436 2933 1544 2994; x_wconf 79' lang='lat' dir='ltr'>tatere</span> <span class='ocrx_word' id='word_1_282' title='bbox 1557 2938 1614 2995; x_wconf 84' lang='lat' dir='ltr'>aut</span> <span class='ocrx_word' id='word_1_283' title='bbox 1627 2934 1736 2996; x_wconf 80' lang='lat' dir='ltr'>decere</span> 
     </span>
     <span class='ocr_line' id='line_1_30' title="bbox 107 3021 1732 3106; baseline -0.001 -20"><span class='ocrx_word' id='word_1_284' title='bbox 107 3025 239 3103; x_wconf 87' lang='lat' dir='ltr'>rabilem,</span> <span class='ocrx_word' id='word_1_285' title='bbox 265 3027 389 3086; x_wconf 89' lang='lat' dir='ltr'>certum</span> <span class='ocrx_word' id='word_1_286' title='bbox 411 3030 516 3085; x_wconf 89' lang='lat' dir='ltr'>autem</span> <span class='ocrx_word' id='word_1_287' title='bbox 540 3025 635 3086; x_wconf 89' lang='lat' dir='ltr'>etiam</span> <span class='ocrx_word' id='word_1_288' title='bbox 658 3030 719 3102; x_wconf 88' lang='lat' dir='ltr'>est,</span> <span class='ocrx_word' id='word_1_289' title='bbox 746 3025 831 3106; x_wconf 91' lang='lat' dir='ltr'>quod</span> <span class='ocrx_word' id='word_1_290' title='bbox 852 3024 884 3085; x_wconf 94' lang='lat' dir='ltr'>in</span> <span class='ocrx_word' id='word_1_291' title='bbox 938 3025 973 3082; x_wconf 83' lang='grc'>11</span> <span class='ocrx_word' id='word_1_292' title='bbox 982 3038 1117 3096; x_wconf 77' lang='lat' dir='ltr'>uxorem,</span> <span class='ocrx_word' id='word_1_293' title='bbox 1132 3037 1194 3081; x_wconf 91' lang='lat' dir='ltr'>non</span> <span class='ocrx_word' id='word_1_294' title='bbox 1209 3021 1410 3084; x_wconf 88' lang='lat' dir='ltr'>contraheret</span> <span class='ocrx_word' id='word_1_295' title='bbox 1423 3022 1592 3102; x_wconf 87' lang='lat' dir='ltr'>sponsalia,</span> <span class='ocrx_word' id='word_1_296' title='bbox 1605 3027 1640 3086; x_wconf 91' lang='lat' dir='ltr'>ut</span> <span class='ocrx_word' id='word_1_297' title='bbox 1653 3025 1732 3085; x_wconf 88' lang='lat' dir='ltr'>Bon.</span> 
     </span>
     <span class='ocr_line' id='line_1_31' title="bbox 105 3109 1735 3194; baseline 0.001 -22"><span class='ocrx_word' id='word_1_298' title='bbox 105 3112 188 3174; x_wconf 92' lang='lat' dir='ltr'>dubio</span> <span class='ocrx_word' id='word_1_299' title='bbox 210 3131 338 3192; x_wconf 90' lang='lat' dir='ltr'>semper</span> <span class='ocrx_word' id='word_1_300' title='bbox 360 3112 505 3174; x_wconf 90' lang='lat' dir='ltr'>standum</span> <span class='ocrx_word' id='word_1_301' title='bbox 529 3112 569 3174; x_wconf 92' lang='lat' dir='ltr'>sit</span> <span class='ocrx_word' id='word_1_302' title='bbox 589 3131 647 3193; x_wconf 92' lang='lat' dir='ltr'>pro</span> <span class='ocrx_word' id='word_1_303' title='bbox 668 3114 774 3175; x_wconf 89' lang='lat' dir='ltr'>valore</span> <span class='ocrx_word' id='word_1_304' title='bbox 796 3116 885 3174; x_wconf 88' lang='lat' dir='ltr'>aetus</span> <span class='ocrx_word' id='word_1_305' title='bbox 940 3118 962 3174; x_wconf 84' lang='grc'>1.</span> <span class='ocrx_word' id='word_1_306' title='bbox 981 3114 1008 3188; x_wconf 92' lang='grc'>1,</span> <span class='ocrx_word' id='word_1_307' title='bbox 1024 3109 1060 3172; x_wconf 82' lang='lat' dir='ltr'>de</span> <span class='ocrx_word' id='word_1_308' title='bbox 1072 3128 1171 3189; x_wconf 76' lang='lat' dir='ltr'>spons</span> <span class='ocrx_word' id='word_1_309' title='bbox 1187 3131 1216 3190; x_wconf 88' lang='lat' dir='ltr'>q.</span> <span class='ocrx_word' id='word_1_310' title='bbox 1234 3113 1262 3188; x_wconf 96' lang='grc'>1,</span> <span class='ocrx_word' id='word_1_311' title='bbox 1274 3130 1310 3190; x_wconf 85' lang='lat' dir='ltr'>p.</span> <span class='ocrx_word' id='word_1_312' title='bbox 1329 3114 1357 3189; x_wconf 95' lang='grc'>1,</span> <span class='ocrx_word' id='word_1_313' title='bbox 1382 3113 1474 3175; x_wconf 88' lang='lat' dir='ltr'>docet</span> <span class='ocrx_word' id='word_1_314' title='bbox 1493 3131 1531 3173; x_wconf 81' lang='lat' dir='ltr'>ex</span> <span class='ocrx_word' id='word_1_315' title='bbox 1549 3111 1638 3187; x_wconf 89' lang='lat' dir='ltr'>aliis;</span> <span class='ocrx_word' id='word_1_316' title='bbox 1660 3113 1735 3194; x_wconf 90' lang='lat' dir='ltr'>quia</span> 
     </span>
     <span class='ocr_line' id='line_1_32' title="bbox 104 3198 1735 3282; baseline -0.001 -20"><span class='ocrx_word' id='word_1_317' title='bbox 104 3201 288 3278; x_wconf 78' lang='lat' dir='ltr'>favorabilis,</span> <span class='ocrx_word' id='word_1_318' title='bbox 313 3219 390 3280; x_wconf 87' lang='lat' dir='ltr'>ergo</span> <span class='ocrx_word' id='word_1_319' title='bbox 411 3204 532 3263; x_wconf 90' lang='lat' dir='ltr'>eertum</span> <span class='ocrx_word' id='word_1_320' title='bbox 554 3206 618 3279; x_wconf 89' lang='lat' dir='ltr'>est,</span> <span class='ocrx_word' id='word_1_321' title='bbox 643 3203 726 3282; x_wconf 93' lang='lat' dir='ltr'>quod</span> <span class='ocrx_word' id='word_1_322' title='bbox 740 3201 773 3261; x_wconf 93' lang='lat' dir='ltr'>in</span> <span class='ocrx_word' id='word_1_323' title='bbox 788 3199 883 3262; x_wconf 93' lang='lat' dir='ltr'>dubio</span> <span class='ocrx_word' id='word_1_324' title='bbox 939 3199 1007 3261; x_wconf 83' lang='lat' dir='ltr'>hoec</span> <span class='ocrx_word' id='word_1_325' title='bbox 1029 3198 1127 3260; x_wconf 89' lang='lat' dir='ltr'>verba</span> <span class='ocrx_word' id='word_1_326' title='bbox 1150 3216 1212 3258; x_wconf 93' lang='lat' dir='ltr'>non</span> <span class='ocrx_word' id='word_1_327' title='bbox 1235 3198 1493 3278; x_wconf 91' lang='lat' dir='ltr'>promissionem,</span> <span class='ocrx_word' id='word_1_328' title='bbox 1515 3200 1571 3262; x_wconf 90' lang='lat' dir='ltr'>sed</span> <span class='ocrx_word' id='word_1_329' title='bbox 1590 3200 1735 3281; x_wconf 91' lang='lat' dir='ltr'>proposi-</span> 
     </span>
     <span class='ocr_line' id='line_1_33' title="bbox 104 3286 1734 3370; baseline 0.002 -20"><span class='ocrx_word' id='word_1_330' title='bbox 104 3307 290 3370; x_wconf 89' lang='lat' dir='ltr'>quocumque</span> <span class='ocrx_word' id='word_1_331' title='bbox 315 3288 411 3350; x_wconf 88' lang='lat' dir='ltr'>etiam</span> <span class='ocrx_word' id='word_1_332' title='bbox 433 3288 566 3368; x_wconf 89' lang='lat' dir='ltr'>positivo</span> <span class='ocrx_word' id='word_1_333' title='bbox 595 3291 741 3352; x_wconf 88' lang='lat' dir='ltr'>standum</span> <span class='ocrx_word' id='word_1_334' title='bbox 765 3289 804 3350; x_wconf 91' lang='lat' dir='ltr'>sit</span> <span class='ocrx_word' id='word_1_335' title='bbox 826 3305 886 3368; x_wconf 90' lang='lat' dir='ltr'>pro</span> <span class='ocrx_word' id='word_1_336' title='bbox 939 3292 1006 3350; x_wconf 89' lang='lat' dir='ltr'>tum</span> <span class='ocrx_word' id='word_1_337' title='bbox 1020 3286 1234 3367; x_wconf 88' lang='lat' dir='ltr'>promissionis</span> <span class='ocrx_word' id='word_1_338' title='bbox 1255 3291 1378 3350; x_wconf 86' lang='lat' dir='ltr'>tantum</span> <span class='ocrx_word' id='word_1_339' title='bbox 1398 3289 1594 3368; x_wconf 82' lang='lat' dir='ltr'>significant,</span> <span class='ocrx_word' id='word_1_340' title='bbox 1612 3289 1672 3351; x_wconf 86' lang='lat' dir='ltr'>nisi</span> <span class='ocrx_word' id='word_1_341' title='bbox 1686 3293 1734 3353; x_wconf 85' lang='lat' dir='ltr'>ta-</span> 
     </span>
     <span class='ocr_line' id='line_1_34' title="bbox 102 3376 1782 3458; baseline 0.001 -21"><span class='ocrx_word' id='word_1_342' title='bbox 102 3377 198 3440; x_wconf 84' lang='lat' dir='ltr'>ralore</span> <span class='ocrx_word' id='word_1_343' title='bbox 212 3376 402 3440; x_wconf 83' lang='lat' dir='ltr'>Matrimonii</span> <span class='ocrx_word' id='word_1_344' title='bbox 417 3377 482 3437; x_wconf 90' lang='lat' dir='ltr'>sive</span> <span class='ocrx_word' id='word_1_345' title='bbox 497 3378 664 3456; x_wconf 88' lang='lat' dir='ltr'>contracti,</span> <span class='ocrx_word' id='word_1_346' title='bbox 681 3377 746 3438; x_wconf 88' lang='lat' dir='ltr'>sive</span> <span class='ocrx_word' id='word_1_347' title='bbox 761 3379 885 3438; x_wconf 89' lang='grc'><strong>661116-</strong></span> <span class='ocrx_word' id='word_1_348' title='bbox 939 3393 1012 3438; x_wconf 89' lang='lat' dir='ltr'>men</span> <span class='ocrx_word' id='word_1_349' title='bbox 1027 3395 1065 3436; x_wconf 84' lang='lat' dir='ltr'>ex</span> <span class='ocrx_word' id='word_1_350' title='bbox 1079 3376 1321 3438; x_wconf 87' lang='lat' dir='ltr'>circumstantiis</span> <span class='ocrx_word' id='word_1_351' title='bbox 1335 3376 1421 3438; x_wconf 90' lang='lat' dir='ltr'>aliud</span> <span class='ocrx_word' id='word_1_352' title='bbox 1436 3379 1612 3458; x_wconf 88' lang='lat' dir='ltr'>colligatur.</span> <span class='ocrx_word' id='word_1_353' title='bbox 1780 3379 1782 3384; x_wconf 80' lang='grc'>’</span> 
     </span>
     <span class='ocr_line' id='line_1_35' title="bbox 103 3463 1735 3545; baseline 0.001 -19"><span class='ocrx_word' id='word_1_354' title='bbox 103 3465 199 3528; x_wconf 88' lang='lat' dir='ltr'>bendi.</span> <span class='ocrx_word' id='word_1_355' title='bbox 210 3469 248 3530; x_wconf 88' lang='lat' dir='ltr'>Et</span> <span class='ocrx_word' id='word_1_356' title='bbox 261 3467 334 3528; x_wconf 90' lang='lat' dir='ltr'>ideo</span> <span class='ocrx_word' id='word_1_357' title='bbox 349 3467 401 3528; x_wconf 82' lang='lat' dir='ltr'>lib.</span> <span class='ocrx_word' id='word_1_358' title='bbox 419 3470 448 3543; x_wconf 89' lang='grc'>6,</span> <span class='ocrx_word' id='word_1_359' title='bbox 459 3484 495 3544; x_wconf 87' lang='lat' dir='ltr'>p.</span> <span class='ocrx_word' id='word_1_360' title='bbox 514 3468 542 3543; x_wconf 93' lang='grc'>1,</span> <span class='ocrx_word' id='word_1_361' title='bbox 556 3487 576 3528; x_wconf 87' lang='grc'>1</span> <span class='ocrx_word' id='word_1_362' title='bbox 590 3485 621 3528; x_wconf 84' lang='lat' dir='ltr'>n.</span> <span class='ocrx_word' id='word_1_363' title='bbox 640 3469 708 3544; x_wconf 90' lang='grc'><strong>111,</strong></span> <span class='ocrx_word' id='word_1_364' title='bbox 726 3466 800 3544; x_wconf 86' lang='lat' dir='ltr'>dixi,</span> <span class='ocrx_word' id='word_1_365' title='bbox 818 3483 885 3526; x_wconf 92' lang='lat' dir='ltr'>cer·</span> <span class='ocrx_word' id='word_1_366' title='bbox 979 3487 993 3523; x_wconf 85' lang='grc'>1</span> <span class='ocrx_word' id='word_1_367' title='bbox 1013 3465 1131 3526; x_wconf 89' lang='lat' dir='ltr'>Dicitur</span> <span class='ocrx_word' id='word_1_368' title='bbox 1146 3467 1183 3526; x_wconf 92' lang='lat' dir='ltr'>ll.</span> <span class='ocrx_word' id='word_1_369' title='bbox 1213 3463 1393 3527; x_wconf 84' lang='lat' dir='ltr'>Voluntaria</span> <span class='ocrx_word' id='word_1_370' title='bbox 1412 3474 1438 3527; x_wconf 88' lang='lat' dir='ltr'>et</span> <span class='ocrx_word' id='word_1_371' title='bbox 1457 3466 1628 3545; x_wconf 83' lang='lat' dir='ltr'>deliberato,</span> <span class='ocrx_word' id='word_1_372' title='bbox 1651 3467 1735 3530; x_wconf 90' lang='lat' dir='ltr'>soili-</span> 
     </span>
     <span class='ocr_line' id='line_1_36' title="bbox 101 3552 1733 3637; baseline -0.001 -21"><span class='ocrx_word' id='word_1_373' title='bbox 101 3558 161 3616; x_wconf 89' lang='lat' dir='ltr'>tmn</span> <span class='ocrx_word' id='word_1_374' title='bbox 183 3576 249 3618; x_wconf 90' lang='lat' dir='ltr'>esse</span> <span class='ocrx_word' id='word_1_375' title='bbox 274 3555 362 3637; x_wconf 91' lang='lat' dir='ltr'>quod</span> <span class='ocrx_word' id='word_1_376' title='bbox 384 3555 524 3617; x_wconf 79' lang='lat' dir='ltr'>Ecclesia</span> <span class='ocrx_word' id='word_1_377' title='bbox 551 3556 696 3636; x_wconf 88' lang='lat' dir='ltr'>suppleat</span> <span class='ocrx_word' id='word_1_378' title='bbox 722 3555 755 3616; x_wconf 93' lang='lat' dir='ltr'>in</span> <span class='ocrx_word' id='word_1_379' title='bbox 777 3572 884 3616; x_wconf 89' lang='lat' dir='ltr'>errore</span> <span class='ocrx_word' id='word_1_380' title='bbox 939 3556 989 3616; x_wconf 91' lang='lat' dir='ltr'>oet</span> <span class='ocrx_word' id='word_1_381' title='bbox 1002 3552 1226 3615; x_wconf 91' lang='lat' dir='ltr'>deliberatione</span> <span class='ocrx_word' id='word_1_382' title='bbox 1241 3552 1413 3615; x_wconf 86' lang='lat' dir='ltr'>sufficiente</span> <span class='ocrx_word' id='word_1_383' title='bbox 1427 3555 1733 3634; x_wconf 87' lang='lat' dir='ltr'>adpeccatummor·</span> 
     </span>
     <span class='ocr_line' id='line_1_37' title="bbox 100 3641 1730 3723; baseline 0 -19"><span class='ocrx_word' id='word_1_384' title='bbox 100 3646 270 3722; x_wconf 88' lang='lat' dir='ltr'>communi,</span> <span class='ocrx_word' id='word_1_385' title='bbox 296 3650 326 3706; x_wconf 86' lang='lat' dir='ltr'>et</span> <span class='ocrx_word' id='word_1_386' title='bbox 348 3663 380 3706; x_wconf 82' lang='lat' dir='ltr'>a.</span> <span class='ocrx_word' id='word_1_387' title='bbox 407 3646 480 3721; x_wconf 91' lang='grc'><strong>117,</strong></span> <span class='ocrx_word' id='word_1_388' title='bbox 505 3645 632 3722; x_wconf 89' lang='lat' dir='ltr'>addidi,</span> <span class='ocrx_word' id='word_1_389' title='bbox 658 3644 780 3706; x_wconf 89' lang='lat' dir='ltr'>etiamsi</span> <span class='ocrx_word' id='word_1_390' title='bbox 804 3642 885 3705; x_wconf 89' lang='lat' dir='ltr'>absit</span> <span class='ocrx_word' id='word_1_391' title='bbox 938 3643 1011 3720; x_wconf 89' lang='lat' dir='ltr'>tale,</span> <span class='ocrx_word' id='word_1_392' title='bbox 1028 3660 1100 3704; x_wconf 90' lang='lat' dir='ltr'>cum</span> <span class='ocrx_word' id='word_1_393' title='bbox 1112 3641 1269 3721; x_wconf 88' lang='lat' dir='ltr'>sponsalia</span> <span class='ocrx_word' id='word_1_394' title='bbox 1279 3641 1337 3703; x_wconf 90' lang='lat' dir='ltr'>sub</span> <span class='ocrx_word' id='word_1_395' title='bbox 1346 3643 1470 3704; x_wconf 88' lang='lat' dir='ltr'>mortali</span> <span class='ocrx_word' id='word_1_396' title='bbox 1481 3644 1630 3723; x_wconf 89' lang='lat' dir='ltr'>obligent.</span> <span class='ocrx_word' id='word_1_397' title='bbox 1640 3642 1730 3704; x_wconf 90' lang='lat' dir='ltr'>Dian.</span> 
     </span>
     <span class='ocr_line' id='line_1_38' title="bbox 100 3731 1725 3814; baseline 0.003 -23"><span class='ocrx_word' id='word_1_398' title='bbox 100 3751 181 3795; x_wconf 88' lang='lat' dir='ltr'>error</span> <span class='ocrx_word' id='word_1_399' title='bbox 193 3732 380 3810; x_wconf 90' lang='lat' dir='ltr'>communis,</span> <span class='ocrx_word' id='word_1_400' title='bbox 398 3733 481 3814; x_wconf 93' lang='lat' dir='ltr'>quod</span> <span class='ocrx_word' id='word_1_401' title='bbox 497 3733 601 3795; x_wconf 87' lang='lat' dir='ltr'>adbuc</span> <span class='ocrx_word' id='word_1_402' title='bbox 615 3735 770 3813; x_wconf 89' lang='lat' dir='ltr'>suppleat,</span> <span class='ocrx_word' id='word_1_403' title='bbox 787 3733 813 3794; x_wconf 92' lang='lat' dir='ltr'>si</span> <span class='ocrx_word' id='word_1_404' title='bbox 828 3731 885 3792; x_wconf 88' lang='lat' dir='ltr'>ad·</span> <span class='ocrx_word' id='word_1_405' title='bbox 933 3749 970 3810; x_wconf 85' lang='lat' dir='ltr'>p.</span> <span class='ocrx_word' id='word_1_406' title='bbox 992 3733 1025 3802; x_wconf 88' lang='lat'>3,</span> <span class='ocrx_word' id='word_1_407' title='bbox 1054 3737 1075 3792; x_wconf 83' lang='grc'>1.</span> <span class='ocrx_word' id='word_1_408' title='bbox 1105 3733 1135 3807; x_wconf 94' lang='grc'>1,</span> <span class='ocrx_word' id='word_1_409' title='bbox 1159 3731 1196 3792; x_wconf 83' lang='lat' dir='ltr'>a.</span> <span class='ocrx_word' id='word_1_410' title='bbox 1226 3732 1295 3807; x_wconf 76' lang='grc'><strong>173,</strong></span> <span class='ocrx_word' id='word_1_411' title='bbox 1322 3749 1360 3792; x_wconf 84' lang='lat' dir='ltr'>ex</span> <span class='ocrx_word' id='word_1_412' title='bbox 1387 3732 1502 3793; x_wconf 85' lang='lat' dir='ltr'>Sanch.</span> <span class='ocrx_word' id='word_1_413' title='bbox 1529 3732 1639 3794; x_wconf 90' lang='lat' dir='ltr'>Pontio</span> <span class='ocrx_word' id='word_1_414' title='bbox 1663 3735 1725 3796; x_wconf 91' lang='grc'><strong>616.</strong></span> 
     </span>
     <span class='ocr_line' id='line_1_39' title="bbox 98 3819 1734 3902; baseline 0.001 -20"><span class='ocrx_word' id='word_1_415' title='bbox 98 3822 134 3884; x_wconf 90' lang='lat' dir='ltr'>eit</span> <span class='ocrx_word' id='word_1_416' title='bbox 146 3823 249 3902; x_wconf 91' lang='lat' dir='ltr'>opinio</span> <span class='ocrx_word' id='word_1_417' title='bbox 264 3841 339 3884; x_wconf 87' lang='lat' dir='ltr'>vere</span> <span class='ocrx_word' id='word_1_418' title='bbox 354 3821 524 3901; x_wconf 91' lang='lat' dir='ltr'>probabilis</span> <span class='ocrx_word' id='word_1_419' title='bbox 538 3823 571 3882; x_wconf 94' lang='lat' dir='ltr'>in</span> <span class='ocrx_word' id='word_1_420' title='bbox 584 3822 717 3884; x_wconf 87' lang='lat' dir='ltr'>materia</span> <span class='ocrx_word' id='word_1_421' title='bbox 730 3822 829 3899; x_wconf 81' lang='lat' dir='ltr'>luris,</span> <span class='ocrx_word' id='word_1_422' title='bbox 847 3839 884 3882; x_wconf 90' lang='grc'>66</span> <span class='ocrx_word' id='word_1_423' title='bbox 939 3820 1003 3883; x_wconf 89' lang='lat' dir='ltr'>Etsi</span> <span class='ocrx_word' id='word_1_424' title='bbox 1024 3822 1101 3882; x_wconf 89' lang='lat' dir='ltr'>Bon.</span> <span class='ocrx_word' id='word_1_425' title='bbox 1118 3837 1153 3898; x_wconf 85' lang='lat' dir='ltr'>p.</span> <span class='ocrx_word' id='word_1_426' title='bbox 1179 3821 1208 3896; x_wconf 89' lang='grc'>1,</span> <span class='ocrx_word' id='word_1_427' title='bbox 1226 3838 1256 3880; x_wconf 85' lang='lat' dir='ltr'>n.</span> <span class='ocrx_word' id='word_1_428' title='bbox 1282 3823 1313 3896; x_wconf 89' lang='grc'>1,</span> <span class='ocrx_word' id='word_1_429' title='bbox 1338 3821 1442 3899; x_wconf 89' lang='lat' dir='ltr'>plures</span> <span class='ocrx_word' id='word_1_430' title='bbox 1466 3819 1616 3902; x_wconf 88' lang='lat' dir='ltr'>requirat.</span> <span class='ocrx_word' id='word_1_431' title='bbox 1643 3821 1734 3886; x_wconf 91' lang='lat' dir='ltr'>Unde</span> 
     </span>
     <span class='ocr_line' id='line_1_40' title="bbox 98 3908 1733 3992; baseline 0 -22"><span class='ocrx_word' id='word_1_432' title='bbox 98 3913 284 3974; x_wconf 89' lang='lat' dir='ltr'>consuetudo</span> <span class='ocrx_word' id='word_1_433' title='bbox 304 3911 350 3972; x_wconf 90' lang='lat' dir='ltr'>sic</span> <span class='ocrx_word' id='word_1_434' title='bbox 365 3910 534 3989; x_wconf 88' lang='lat' dir='ltr'>operandi,</span> <span class='ocrx_word' id='word_1_435' title='bbox 551 3929 646 3992; x_wconf 88' lang='lat' dir='ltr'>quam</span> <span class='ocrx_word' id='word_1_436' title='bbox 662 3930 723 3973; x_wconf 93' lang='lat' dir='ltr'>non</span> <span class='ocrx_word' id='word_1_437' title='bbox 738 3911 885 3990; x_wconf 88' lang='lat' dir='ltr'>reprobet</span> <span class='ocrx_word' id='word_1_438' title='bbox 939 3909 1124 3990; x_wconf 85' lang='lat' dir='ltr'>regulariter</span> <span class='ocrx_word' id='word_1_439' title='bbox 1138 3926 1199 3968; x_wconf 94' lang='lat' dir='ltr'>non</span> <span class='ocrx_word' id='word_1_440' title='bbox 1218 3911 1291 3970; x_wconf 89' lang='lat' dir='ltr'>sunt</span> <span class='ocrx_word' id='word_1_441' title='bbox 1313 3908 1418 3970; x_wconf 86' lang='lat' dir='ltr'>valida</span> <span class='ocrx_word' id='word_1_442' title='bbox 1440 3913 1512 3972; x_wconf 89' lang='lat' dir='ltr'>ante</span> <span class='ocrx_word' id='word_1_443' title='bbox 1533 3910 1733 3989; x_wconf 89' lang='lat' dir='ltr'>septennium</span> 
     </span>
     <span class='ocr_line' id='line_1_41' title="bbox 96 3996 1731 4080; baseline -0.001 -19"><span class='ocrx_word' id='word_1_444' title='bbox 96 4001 190 4078; x_wconf 79' lang='lat' dir='ltr'>stylus</span> <span class='ocrx_word' id='word_1_445' title='bbox 211 4001 331 4076; x_wconf 75' lang='lat' dir='ltr'>Curia,</span> <span class='ocrx_word' id='word_1_446' title='bbox 352 3999 405 4060; x_wconf 94' lang='lat' dir='ltr'>ubi</span> <span class='ocrx_word' id='word_1_447' title='bbox 425 3999 520 4062; x_wconf 90' lang='lat' dir='ltr'>etiam</span> <span class='ocrx_word' id='word_1_448' title='bbox 534 4001 676 4080; x_wconf 85' lang='lat' dir='ltr'>exempla</span> <span class='ocrx_word' id='word_1_449' title='bbox 691 4000 763 4062; x_wconf 90' lang='lat' dir='ltr'>dedi</span> <span class='ocrx_word' id='word_1_450' title='bbox 778 4000 810 4061; x_wconf 91' lang='lat' dir='ltr'>in</span> <span class='ocrx_word' id='word_1_451' title='bbox 824 3999 884 4060; x_wconf 89' lang='lat' dir='ltr'>hac</span> <span class='ocrx_word' id='word_1_452' title='bbox 939 3999 1138 4078; x_wconf 91' lang='lat' dir='ltr'>completum,</span> <span class='ocrx_word' id='word_1_453' title='bbox 1156 3996 1599 4075; x_wconf 78' lang='grc' dir='ltr'><strong>11116661Κ61.11.11,611.5,</strong></span> <span class='ocrx_word' id='word_1_454' title='bbox 1614 3999 1731 4061; x_wconf 90' lang='lat' dir='ltr'>Sancb.</span> 
     </span>
     <span class='ocr_line' id='line_1_42' title="bbox 95 4083 1735 4171; baseline 0 -23"><span class='ocrx_word' id='word_1_455' title='bbox 95 4089 223 4151; x_wconf 88' lang='lat' dir='ltr'>materia</span> <span class='ocrx_word' id='word_1_456' title='bbox 236 4087 446 4166; x_wconf 87' lang='lat' dir='ltr'>Matrimonii,</span> <span class='ocrx_word' id='word_1_457' title='bbox 463 4090 630 4170; x_wconf 85' lang='lat' dir='ltr'>valentque</span> <span class='ocrx_word' id='word_1_458' title='bbox 645 4090 723 4166; x_wconf 78' lang='lat' dir='ltr'>brec,</span> <span class='ocrx_word' id='word_1_459' title='bbox 741 4089 884 4171; x_wconf 86' lang='lat' dir='ltr'>quamvis</span> <span class='ocrx_word' id='word_1_460' title='bbox 938 4089 990 4152; x_wconf 81' lang='grc'><strong>111).</strong></span> <span class='ocrx_word' id='word_1_461' title='bbox 1010 4090 1037 4165; x_wconf 90' lang='grc'>1,</span> <span class='ocrx_word' id='word_1_462' title='bbox 1053 4088 1090 4147; x_wconf 87' lang='lat' dir='ltr'>de</span> <span class='ocrx_word' id='word_1_463' title='bbox 1104 4087 1236 4148; x_wconf 86' lang='lat' dir='ltr'>Mutrim.</span> <span class='ocrx_word' id='word_1_464' title='bbox 1249 4089 1297 4162; x_wconf 88' lang='grc'>16,</span> <span class='ocrx_word' id='word_1_465' title='bbox 1314 4086 1373 4148; x_wconf 90' lang='lat' dir='ltr'>nisi</span> <span class='ocrx_word' id='word_1_466' title='bbox 1388 4086 1507 4148; x_wconf 88' lang='lat' dir='ltr'>malitie</span> <span class='ocrx_word' id='word_1_467' title='bbox 1522 4093 1554 4148; x_wconf 91' lang='grc'>61</span> <span class='ocrx_word' id='word_1_468' title='bbox 1566 4083 1735 4166; x_wconf 89' lang='lat' dir='ltr'>prudentia</span> 
     </span>
     <span class='ocr_line' id='line_1_43' title="bbox 94 4173 1733 4259; baseline 0.004 -25"><span class='ocrx_word' id='word_1_469' title='bbox 94 4173 252 4239; x_wconf 90' lang='lat' dir='ltr'>dubitetur</span> <span class='ocrx_word' id='word_1_470' title='bbox 272 4178 313 4238; x_wconf 93' lang='lat' dir='ltr'>de</span> <span class='ocrx_word' id='word_1_471' title='bbox 332 4178 439 4239; x_wconf 84' lang='lat' dir='ltr'>valore</span> <span class='ocrx_word' id='word_1_472' title='bbox 461 4183 590 4258; x_wconf 87' lang='lat' dir='ltr'>propter</span> <span class='ocrx_word' id='word_1_473' title='bbox 608 4178 736 4259; x_wconf 87' lang='lat' dir='ltr'>aliquod</span> <span class='ocrx_word' id='word_1_474' title='bbox 755 4177 884 4258; x_wconf 85' lang='lat' dir='ltr'>requisi·</span> <span class='ocrx_word' id='word_1_475' title='bbox 938 4177 1104 4256; x_wconf 87' lang='lat' dir='ltr'>suppleant</span> <span class='ocrx_word' id='word_1_476' title='bbox 1118 4181 1252 4238; x_wconf 80' lang='lat' dir='ltr'>aetatem.</span> <span class='ocrx_word' id='word_1_477' title='bbox 1269 4175 1359 4238; x_wconf 89' lang='lat' dir='ltr'>Dian.</span> <span class='ocrx_word' id='word_1_478' title='bbox 1376 4177 1413 4238; x_wconf 85' lang='lat' dir='ltr'>ll.</span> <span class='ocrx_word' id='word_1_479' title='bbox 1432 4179 1499 4253; x_wconf 88' lang='grc'><strong>171,</strong></span> <span class='ocrx_word' id='word_1_480' title='bbox 1522 4176 1652 4238; x_wconf 89' lang='lat' dir='ltr'>Pontius</span> <span class='ocrx_word' id='word_1_481' title='bbox 1671 4182 1733 4240; x_wconf 88' lang='lat' dir='ltr'>eto.</span> 
     </span>
     <span class='ocr_line' id='line_1_44' title="bbox 92 4265 1734 4348; baseline 0.003 -26"><span class='ocrx_word' id='word_1_482' title='bbox 92 4265 171 4341; x_wconf 87' lang='lat' dir='ltr'>tum,</span> <span class='ocrx_word' id='word_1_483' title='bbox 189 4283 252 4326; x_wconf 92' lang='lat' dir='ltr'>non</span> <span class='ocrx_word' id='word_1_484' title='bbox 267 4268 391 4328; x_wconf 85' lang='lat' dir='ltr'>tantum</span> <span class='ocrx_word' id='word_1_485' title='bbox 405 4268 532 4347; x_wconf 4' lang='lat' dir='ltr'>explure</span> <span class='ocrx_word' id='word_1_486' title='bbox 547 4267 701 4345; x_wconf 86' lang='lat' dir='ltr'>humano,</span> <span class='ocrx_word' id='word_1_487' title='bbox 720 4268 774 4330; x_wconf 90' lang='lat' dir='ltr'>sed</span> <span class='ocrx_word' id='word_1_488' title='bbox 790 4267 885 4329; x_wconf 88' lang='lat' dir='ltr'>etiam</span> <span class='ocrx_word' id='word_1_489' title='bbox 940 4265 1036 4348; x_wconf 86' lang='lat' dir='ltr'>(quod</span> <span class='ocrx_word' id='word_1_490' title='bbox 1059 4269 1163 4328; x_wconf 85' lang='grc'><strong>1611161</strong></span> <span class='ocrx_word' id='word_1_491' title='bbox 1185 4265 1312 4346; x_wconf 90' lang='lat' dir='ltr'>quidem</span> <span class='ocrx_word' id='word_1_492' title='bbox 1336 4270 1453 4345; x_wconf 89' lang='lat' dir='ltr'>negant</span> <span class='ocrx_word' id='word_1_493' title='bbox 1475 4265 1630 4345; x_wconf 84' lang='lat' dir='ltr'>sufficere,</span> <span class='ocrx_word' id='word_1_494' title='bbox 1660 4283 1734 4327; x_wconf 91' lang='lat' dir='ltr'>oum</span> 
     </span>
     <span class='ocr_line' id='line_1_45' title="bbox 91 4349 1735 4438; baseline 0.004 -29"><span class='ocrx_word' id='word_1_495' title='bbox 91 4349 431 4430; x_wconf 82' lang='grc'><strong>11111616116111611,</strong></span> <span class='ocrx_word' id='word_1_496' title='bbox 453 4353 528 4433; x_wconf 89' lang='lat' dir='ltr'>quia</span> <span class='ocrx_word' id='word_1_497' title='bbox 548 4372 620 4415; x_wconf 89' lang='lat' dir='ltr'>cum</span> <span class='ocrx_word' id='word_1_498' title='bbox 641 4353 780 4416; x_wconf 77' lang='lat' dir='ltr'>Ecclesia</span> <span class='ocrx_word' id='word_1_499' title='bbox 801 4371 884 4433; x_wconf 75' lang='lat' dir='ltr'>saepe</span> <span class='ocrx_word' id='word_1_500' title='bbox 936 4355 988 4438; x_wconf 86' lang='lat' dir='ltr'>jus</span> <span class='ocrx_word' id='word_1_501' title='bbox 1002 4353 1217 4418; x_wconf 88' lang='lat' dir='ltr'>determinarit</span> <span class='ocrx_word' id='word_1_502' title='bbox 1231 4355 1366 4435; x_wconf 77' lang='lat' dir='ltr'>aetatem)</span> <span class='ocrx_word' id='word_1_503' title='bbox 1382 4355 1445 4416; x_wconf 90' lang='lat' dir='ltr'>imo</span> <span class='ocrx_word' id='word_1_504' title='bbox 1460 4374 1518 4418; x_wconf 91' lang='lat' dir='ltr'>nec</span> <span class='ocrx_word' id='word_1_505' title='bbox 1532 4360 1603 4435; x_wconf 91' lang='lat' dir='ltr'>post</span> <span class='ocrx_word' id='word_1_506' title='bbox 1610 4358 1735 4435; x_wconf 90' lang='lat' dir='ltr'>septen·</span> 
     </span>
     <span class='ocr_line' id='line_1_46' title="bbox 90 4439 1733 4520; baseline 0.004 -20"><span class='ocrx_word' id='word_1_507' title='bbox 90 4439 193 4502; x_wconf 84' lang='lat' dir='ltr'>adhuc</span> <span class='ocrx_word' id='word_1_508' title='bbox 208 4441 360 4504; x_wconf 87' lang='lat' dir='ltr'>decernat</span> <span class='ocrx_word' id='word_1_509' title='bbox 369 4442 568 4506; x_wconf 88' lang='lat' dir='ltr'>Matrimonia</span> <span class='ocrx_word' id='word_1_510' title='bbox 582 4442 627 4504; x_wconf 88' lang='lat' dir='ltr'>sic</span> <span class='ocrx_word' id='word_1_511' title='bbox 642 4447 802 4506; x_wconf 89' lang='lat' dir='ltr'>contrecta</span> <span class='ocrx_word' id='word_1_512' title='bbox 817 4460 883 4504; x_wconf 91' lang='lat' dir='ltr'>esse</span> <span class='ocrx_word' id='word_1_513' title='bbox 939 4445 1037 4520; x_wconf 89' lang='lat' dir='ltr'>nium,</span> <span class='ocrx_word' id='word_1_514' title='bbox 1054 4444 1079 4506; x_wconf 91' lang='lat' dir='ltr'>si</span> <span class='ocrx_word' id='word_1_515' title='bbox 1095 4443 1133 4504; x_wconf 93' lang='lat' dir='ltr'>de</span> <span class='ocrx_word' id='word_1_516' title='bbox 1144 4462 1202 4505; x_wconf 92' lang='lat' dir='ltr'>usu</span> <span class='ocrx_word' id='word_1_517' title='bbox 1210 4444 1340 4506; x_wconf 91' lang='lat' dir='ltr'>rationis</span> <span class='ocrx_word' id='word_1_518' title='bbox 1348 4443 1513 4506; x_wconf 83' lang='lat' dir='ltr'>sufficienti</span> <span class='ocrx_word' id='word_1_519' title='bbox 1525 4464 1587 4507; x_wconf 93' lang='lat' dir='ltr'>non</span> <span class='ocrx_word' id='word_1_520' title='bbox 1596 4448 1733 4518; x_wconf 89' lang='lat' dir='ltr'>constet;</span> 
     </span>
     <span class='ocr_line' id='line_1_47' title="bbox 90 4528 1737 4613; baseline 0.005 -26"><span class='ocrx_word' id='word_1_521' title='bbox 90 4528 205 4606; x_wconf 84' lang='lat' dir='ltr'>valida,</span> <span class='ocrx_word' id='word_1_522' title='bbox 218 4528 371 4611; x_wconf 90' lang='lat' dir='ltr'>sequitur,</span> <span class='ocrx_word' id='word_1_523' title='bbox 385 4530 470 4611; x_wconf 94' lang='lat' dir='ltr'>quod</span> <span class='ocrx_word' id='word_1_524' title='bbox 485 4531 701 4593; x_wconf 87' lang='lat' dir='ltr'>contrahenda</span> <span class='ocrx_word' id='word_1_525' title='bbox 715 4531 810 4594; x_wconf 91' lang='lat' dir='ltr'>etiam</span> <span class='ocrx_word' id='word_1_526' title='bbox 824 4531 886 4593; x_wconf 91' lang='lat' dir='ltr'>sint</span> <span class='ocrx_word' id='word_1_527' title='bbox 939 4533 985 4596; x_wconf 89' lang='lat' dir='ltr'>uti</span> <span class='ocrx_word' id='word_1_528' title='bbox 1010 4551 1112 4612; x_wconf 90' lang='lat' dir='ltr'>neque</span> <span class='ocrx_word' id='word_1_529' title='bbox 1134 4532 1160 4594; x_wconf 94' lang='lat' dir='ltr'>si</span> <span class='ocrx_word' id='word_1_530' title='bbox 1174 4533 1216 4610; x_wconf 89' lang='lat' dir='ltr'>vi,</span> <span class='ocrx_word' id='word_1_531' title='bbox 1242 4533 1326 4610; x_wconf 93' lang='lat' dir='ltr'>dolo,</span> <span class='ocrx_word' id='word_1_532' title='bbox 1350 4551 1466 4612; x_wconf 90' lang='lat' dir='ltr'>errore,</span> <span class='ocrx_word' id='word_1_533' title='bbox 1487 4534 1537 4597; x_wconf 87' lang='lat' dir='ltr'>vel</span> <span class='ocrx_word' id='word_1_534' title='bbox 1559 4531 1737 4613; x_wconf 83' lang='lat' dir='ltr'>ignorantia</span> 
     </span>
     <span class='ocr_line' id='line_1_48' title="bbox 90 4613 1737 4700; baseline 0.005 -27"><span class='ocrx_word' id='word_1_535' title='bbox 90 4613 195 4678; x_wconf 88' lang='lat' dir='ltr'>lutura</span> <span class='ocrx_word' id='word_1_536' title='bbox 209 4621 294 4678; x_wconf 86' lang='lat' dir='ltr'>certo</span> <span class='ocrx_word' id='word_1_537' title='bbox 309 4616 426 4693; x_wconf 86' lang='lat' dir='ltr'>valida,</span> <span class='ocrx_word' id='word_1_538' title='bbox 441 4616 467 4678; x_wconf 95' lang='lat' dir='ltr'>si</span> <span class='ocrx_word' id='word_1_539' title='bbox 482 4617 527 4679; x_wconf 91' lang='lat' dir='ltr'>sic</span> <span class='ocrx_word' id='word_1_540' title='bbox 541 4619 768 4680; x_wconf 91' lang='lat' dir='ltr'>contrabantur</span> <span class='ocrx_word' id='word_1_541' title='bbox 780 4639 786 4680; x_wconf 95' lang='lat'>:</span> <span class='ocrx_word' id='word_1_542' title='bbox 800 4620 885 4700; x_wconf 92' lang='lat' dir='ltr'>quod</span> <span class='ocrx_word' id='word_1_543' title='bbox 940 4621 1024 4682; x_wconf 88' lang='grc'><strong>61166</strong></span> <span class='ocrx_word' id='word_1_544' title='bbox 1038 4619 1255 4698; x_wconf 87' lang='lat' dir='ltr'>substantiam,</span> <span class='ocrx_word' id='word_1_545' title='bbox 1272 4625 1327 4683; x_wconf 90' lang='lat' dir='ltr'>aut</span> <span class='ocrx_word' id='word_1_546' title='bbox 1340 4620 1510 4683; x_wconf 89' lang='lat' dir='ltr'>notabilem</span> <span class='ocrx_word' id='word_1_547' title='bbox 1525 4620 1737 4684; x_wconf 91' lang='lat' dir='ltr'>conditionem</span> 
     </span>
     <span class='ocr_line' id='line_1_49' title="bbox 89 4704 1739 4786; baseline 0.007 -25"><span class='ocrx_word' id='word_1_548' title='bbox 89 4704 173 4764; x_wconf 89' lang='lat' dir='ltr'>enim</span> <span class='ocrx_word' id='word_1_549' title='bbox 197 4706 295 4768; x_wconf 90' lang='lat' dir='ltr'>semel</span> <span class='ocrx_word' id='word_1_550' title='bbox 319 4709 367 4768; x_wconf 91' lang='lat' dir='ltr'>est</span> <span class='ocrx_word' id='word_1_551' title='bbox 389 4705 582 4786; x_wconf 87' lang='lat' dir='ltr'>invalidum,</span> <span class='ocrx_word' id='word_1_552' title='bbox 609 4726 671 4769; x_wconf 91' lang='lat' dir='ltr'>non</span> <span class='ocrx_word' id='word_1_553' title='bbox 695 4708 886 4772; x_wconf 89' lang='lat' dir='ltr'>convalescit</span> <span class='ocrx_word' id='word_1_554' title='bbox 940 4707 1177 4770; x_wconf 89' lang='lat' dir='ltr'>substantialem</span> <span class='ocrx_word' id='word_1_555' title='bbox 1190 4709 1277 4786; x_wconf 81' lang='lat' dir='ltr'>siant,</span> <span class='ocrx_word' id='word_1_556' title='bbox 1295 4708 1469 4772; x_wconf 89' lang='lat' dir='ltr'>secundum</span> <span class='ocrx_word' id='word_1_557' title='bbox 1482 4709 1566 4774; x_wconf 88' lang='lat' dir='ltr'>dicta</span> <span class='ocrx_word' id='word_1_558' title='bbox 1579 4710 1694 4773; x_wconf 86' lang='lat' dir='ltr'>devoto</span> <span class='ocrx_word' id='word_1_559' title='bbox 1709 4715 1739 4772; x_wconf 80' lang='lat' dir='ltr'>ct</span> 
     </span>
     <span class='ocr_line' id='line_1_50' title="bbox 89 4788 1624 4878; baseline 0.005 -26"><span class='ocrx_word' id='word_1_560' title='bbox 89 4794 289 4856; x_wconf 87' lang='lat' dir='ltr'>manentibus</span> <span class='ocrx_word' id='word_1_561' title='bbox 303 4793 424 4856; x_wconf 89' lang='lat' dir='ltr'>eisdem</span> <span class='ocrx_word' id='word_1_562' title='bbox 446 4795 697 4859; x_wconf 85' lang='lat' dir='ltr'>circumstantiis.</span> <span class='ocrx_word' id='word_1_563' title='bbox 714 4799 823 4878; x_wconf 87' lang='lat' dir='ltr'>ltaque</span> <span class='ocrx_word' id='word_1_564' title='bbox 838 4797 885 4860; x_wconf 89' lang='lat' dir='ltr'>di·</span> <span class='ocrx_word' id='word_1_565' title='bbox 939 4799 1147 4860; x_wconf 82' lang='lat' dir='ltr'>contractibus.</span> <span class='ocrx_word' id='word_1_566' title='bbox 1621 4788 1624 4793; x_wconf 65' lang='grc'><strong>’</strong></span> 
     </span>
     <span class='ocr_line' id='line_1_51' title="bbox 91 4878 1735 4966; baseline 0.008 -28"><span class='ocrx_word' id='word_1_567' title='bbox 91 4878 202 4959; x_wconf 87' lang='lat' dir='ltr'>cimus,</span> <span class='ocrx_word' id='word_1_568' title='bbox 215 4882 299 4963; x_wconf 91' lang='lat' dir='ltr'>quod</span> <span class='ocrx_word' id='word_1_569' title='bbox 314 4884 440 4963; x_wconf 87' lang='lat' dir='ltr'>quando</span> <span class='ocrx_word' id='word_1_570' title='bbox 455 4885 618 4964; x_wconf 90' lang='lat' dir='ltr'>probabile</span> <span class='ocrx_word' id='word_1_571' title='bbox 633 4892 680 4948; x_wconf 92' lang='lat' dir='ltr'>est</span> <span class='ocrx_word' id='word_1_572' title='bbox 689 4889 886 4950; x_wconf 87' lang='lat' dir='ltr'>contractum</span> <span class='ocrx_word' id='word_1_573' title='bbox 979 4909 993 4944; x_wconf 86' lang='grc'>1</span> <span class='ocrx_word' id='word_1_574' title='bbox 1019 4885 1138 4948; x_wconf 86' lang='lat' dir='ltr'>Dicitur</span> <span class='ocrx_word' id='word_1_575' title='bbox 1151 4888 1203 4948; x_wconf 92' lang='lat' dir='ltr'>Ill.</span> <span class='ocrx_word' id='word_1_576' title='bbox 1221 4881 1340 4948; x_wconf 85' lang='grc'><strong>116166.</strong></span> <span class='ocrx_word' id='word_1_577' title='bbox 1357 4886 1446 4949; x_wconf 91' lang='lat' dir='ltr'>Unde</span> <span class='ocrx_word' id='word_1_578' title='bbox 1462 4887 1596 4950; x_wconf 81' lang='lat' dir='ltr'>si&#39;litius</span> <span class='ocrx_word' id='word_1_579' title='bbox 1606 4889 1735 4966; x_wconf 90' lang='lat' dir='ltr'>promit·</span> 
     </span>
     <span class='ocr_line' id='line_1_52' title="bbox 91 4969 1737 5056; baseline 0.007 -30"><span class='ocrx_word' id='word_1_580' title='bbox 91 4969 355 5032; x_wconf 86' lang='lat' dir='ltr'>matrimonialem</span> <span class='ocrx_word' id='word_1_581' title='bbox 380 4991 448 5032; x_wconf 88' lang='lat' dir='ltr'>esse</span> <span class='ocrx_word' id='word_1_582' title='bbox 472 4974 522 5036; x_wconf 90' lang='grc'>161</span> <span class='ocrx_word' id='word_1_583' title='bbox 544 4975 612 5036; x_wconf 89' lang='grc'><strong>1616</strong></span> <span class='ocrx_word' id='word_1_584' title='bbox 635 4974 790 5053; x_wconf 87' lang='lat' dir='ltr'>validum,</span> <span class='ocrx_word' id='word_1_585' title='bbox 813 4975 886 5040; x_wconf 84' lang='lat' dir='ltr'>licet</span> <span class='ocrx_word' id='word_1_586' title='bbox 939 4975 1517 5056; x_wconf 63' lang='grc'><strong>111111116666,6166661666</strong></span> <span class='ocrx_word' id='word_1_587' title='bbox 1538 4976 1605 5038; x_wconf 90' lang='lat' dir='ltr'>sine</span> <span class='ocrx_word' id='word_1_588' title='bbox 1626 4994 1737 5056; x_wconf 89' lang='lat' dir='ltr'>repro-</span> 
     </span>
     <span class='ocr_line' id='line_1_53' title="bbox 92 5052 1736 5143; baseline 0.007 -28"><span class='ocrx_word' id='word_1_589' title='bbox 92 5052 172 5118; x_wconf 77' lang='lat' dir='ltr'>torte</span> <span class='ocrx_word' id='word_1_590' title='bbox 191 5058 295 5137; x_wconf 88' lang='lat' dir='ltr'>reipsa</span> <span class='ocrx_word' id='word_1_591' title='bbox 315 5064 347 5121; x_wconf 91' lang='lat' dir='ltr'>et</span> <span class='ocrx_word' id='word_1_592' title='bbox 369 5079 477 5122; x_wconf 91' lang='lat' dir='ltr'>coram</span> <span class='ocrx_word' id='word_1_593' title='bbox 491 5064 555 5124; x_wconf 88' lang='lat' dir='ltr'>Deo</span> <span class='ocrx_word' id='word_1_594' title='bbox 579 5063 882 5142; x_wconf 80' lang='grc'><strong>1611616116111111,</strong></span> <span class='ocrx_word' id='word_1_595' title='bbox 940 5064 1098 5141; x_wconf 91' lang='lat' dir='ltr'>missione,</span> <span class='ocrx_word' id='word_1_596' title='bbox 1111 5067 1222 5125; x_wconf 87' lang='lat' dir='ltr'>neuter</span> <span class='ocrx_word' id='word_1_597' title='bbox 1237 5064 1403 5143; x_wconf 83' lang='lat' dir='ltr'>obligatur,</span> <span class='ocrx_word' id='word_1_598' title='bbox 1421 5065 1496 5143; x_wconf 88' lang='lat' dir='ltr'>quia</span> <span class='ocrx_word' id='word_1_599' title='bbox 1509 5067 1736 5126; x_wconf 89' lang='lat' dir='ltr'>cumcontrac-</span> 
     </span>
     <span class='ocr_line' id='line_1_54' title="bbox 94 5143 1735 5230; baseline 0.004 -25"><span class='ocrx_word' id='word_1_600' title='bbox 94 5143 154 5205; x_wconf 78' lang='lat' dir='ltr'>nisi</span> <span class='ocrx_word' id='word_1_601' title='bbox 171 5147 311 5209; x_wconf 88' lang='lat' dir='ltr'>Ecclesia</span> <span class='ocrx_word' id='word_1_602' title='bbox 333 5149 509 5228; x_wconf 90' lang='lat' dir='ltr'>suppleret,</span> <span class='ocrx_word' id='word_1_603' title='bbox 531 5155 637 5214; x_wconf 89' lang='lat' dir='ltr'>temen</span> <span class='ocrx_word' id='word_1_604' title='bbox 656 5151 797 5213; x_wconf 89' lang='lat' dir='ltr'>Ecclesia</span> <span class='ocrx_word' id='word_1_605' title='bbox 818 5158 885 5213; x_wconf 86' lang='grc'><strong>1111</strong></span> <span class='ocrx_word' id='word_1_606' title='bbox 940 5155 989 5214; x_wconf 89' lang='grc'>116</span> <span class='ocrx_word' id='word_1_607' title='bbox 1004 5152 1195 5230; x_wconf 88' lang='lat' dir='ltr'>sponsalium</span> <span class='ocrx_word' id='word_1_608' title='bbox 1209 5151 1248 5214; x_wconf 90' lang='lat' dir='ltr'>sit</span> <span class='ocrx_word' id='word_1_609' title='bbox 1263 5157 1455 5216; x_wconf 79' lang='lat' dir='ltr'>onerosuset</span> <span class='ocrx_word' id='word_1_610' title='bbox 1468 5151 1659 5230; x_wconf 86' lang='lat' dir='ltr'>reciprocus,</span> <span class='ocrx_word' id='word_1_611' title='bbox 1672 5169 1735 5213; x_wconf 90' lang='lat' dir='ltr'>non</span> 
     </span>
     <span class='ocr_line' id='line_1_55' title="bbox 96 5233 1733 5321; baseline 0.006 -33"><span class='ocrx_word' id='word_1_612' title='bbox 96 5233 221 5310; x_wconf 89' lang='lat' dir='ltr'>supplet</span> <span class='ocrx_word' id='word_1_613' title='bbox 237 5253 306 5316; x_wconf 74' lang='lat' dir='ltr'>ques</span> <span class='ocrx_word' id='word_1_614' title='bbox 320 5255 340 5298; x_wconf 90' lang='lat' dir='ltr'>a</span> <span class='ocrx_word' id='word_1_615' title='bbox 359 5239 423 5300; x_wconf 90' lang='lat' dir='ltr'>Deo</span> <span class='ocrx_word' id='word_1_616' title='bbox 441 5239 535 5302; x_wconf 85' lang='lat' dir='ltr'>babet</span> <span class='ocrx_word' id='word_1_617' title='bbox 549 5244 736 5320; x_wconf 89' lang='lat' dir='ltr'>potestatem</span> <span class='ocrx_word' id='word_1_618' title='bbox 750 5241 885 5303; x_wconf 88' lang='lat' dir='ltr'>faciendi</span> <span class='ocrx_word' id='word_1_619' title='bbox 940 5244 1043 5321; x_wconf 88' lang='lat' dir='ltr'>potest</span> <span class='ocrx_word' id='word_1_620' title='bbox 1056 5239 1249 5314; x_wconf 89' lang='lat' dir='ltr'>claudicare;</span> <span class='ocrx_word' id='word_1_621' title='bbox 1266 5239 1397 5302; x_wconf 86' lang='lat' dir='ltr'>involvit</span> <span class='ocrx_word' id='word_1_622' title='bbox 1410 5237 1495 5299; x_wconf 92' lang='lat' dir='ltr'>enim</span> <span class='ocrx_word' id='word_1_623' title='bbox 1509 5237 1733 5315; x_wconf 89' lang='lat' dir='ltr'>conditionem,</span> 
     </span>
     <span class='ocr_line' id='line_1_56' title="bbox 98 5318 1735 5410; baseline 0.005 -31"><span class='ocrx_word' id='word_1_624' title='bbox 98 5318 238 5384; x_wconf 81' lang='lat' dir='ltr'>valorem</span> <span class='ocrx_word' id='word_1_625' title='bbox 249 5325 302 5386; x_wconf 87' lang='lat' dir='ltr'>tali</span> <span class='ocrx_word' id='word_1_626' title='bbox 317 5329 507 5407; x_wconf 89' lang='lat' dir='ltr'>contractui,</span> <span class='ocrx_word' id='word_1_627' title='bbox 524 5330 668 5410; x_wconf 86' lang='lat' dir='ltr'>quamvis</span> <span class='ocrx_word' id='word_1_628' title='bbox 683 5329 886 5409; x_wconf 86' lang='lat' dir='ltr'>probabiliter</span> <span class='ocrx_word' id='word_1_629' title='bbox 939 5334 966 5390; x_wconf 82' lang='lat' dir='ltr'>si</span> <span class='ocrx_word' id='word_1_630' title='bbox 978 5336 1012 5390; x_wconf 81' lang='lat' dir='ltr'>tu</span> <span class='ocrx_word' id='word_1_631' title='bbox 1026 5331 1237 5407; x_wconf 78' lang='lat' dir='ltr'>repromiseris.</span> <span class='ocrx_word' id='word_1_632' title='bbox 1255 5326 1384 5400; x_wconf 85' lang='lat' dir='ltr'>Quodsi</span> <span class='ocrx_word' id='word_1_633' title='bbox 1399 5329 1505 5387; x_wconf 88' lang='lat' dir='ltr'>tamen</span> <span class='ocrx_word' id='word_1_634' title='bbox 1519 5324 1589 5388; x_wconf 82' lang='lat' dir='ltr'>Titii</span> <span class='ocrx_word' id='word_1_635' title='bbox 1605 5326 1735 5404; x_wconf 90' lang='lat' dir='ltr'>promis-</span> 
     </span>
     <span class='ocr_line' id='line_1_57' title="bbox 101 5409 1736 5503; baseline 0.004 -35"><span class='ocrx_word' id='word_1_636' title='bbox 101 5409 227 5503; x_wconf 67' lang='lat' dir='ltr'>putetur</span> <span class='ocrx_word' id='word_1_637' title='bbox 240 5413 332 5474; x_wconf 88' lang='lat' dir='ltr'>etiam</span> <span class='ocrx_word' id='word_1_638' title='bbox 346 5433 413 5476; x_wconf 89' lang='lat' dir='ltr'>esse</span> <span class='ocrx_word' id='word_1_639' title='bbox 427 5416 599 5495; x_wconf 91' lang='lat' dir='ltr'>invalidus,</span> <span class='ocrx_word' id='word_1_640' title='bbox 626 5421 656 5480; x_wconf 92' lang='lat' dir='ltr'>et</span> <span class='ocrx_word' id='word_1_641' title='bbox 670 5418 714 5479; x_wconf 91' lang='lat' dir='ltr'>sio</span> <span class='ocrx_word' id='word_1_642' title='bbox 729 5437 768 5480; x_wconf 85' lang='lat' dir='ltr'>ex</span> <span class='ocrx_word' id='word_1_643' title='bbox 782 5419 886 5498; x_wconf 92' lang='lat' dir='ltr'>dispo·</span> <span class='ocrx_word' id='word_1_644' title='bbox 940 5417 985 5478; x_wconf 92' lang='lat' dir='ltr'>sio</span> <span class='ocrx_word' id='word_1_645' title='bbox 1000 5417 1109 5478; x_wconf 87' lang='lat' dir='ltr'>luisset</span> <span class='ocrx_word' id='word_1_646' title='bbox 1122 5415 1265 5478; x_wconf 87' lang='lat' dir='ltr'>absoluta</span> <span class='ocrx_word' id='word_1_647' title='bbox 1279 5433 1316 5476; x_wconf 87' lang='lat' dir='ltr'>ac</span> <span class='ocrx_word' id='word_1_648' title='bbox 1329 5411 1477 5493; x_wconf 85' lang='lat' dir='ltr'>gratuite,</span> <span class='ocrx_word' id='word_1_649' title='bbox 1495 5417 1526 5474; x_wconf 91' lang='lat' dir='ltr'>et</span> <span class='ocrx_word' id='word_1_650' title='bbox 1539 5416 1703 5492; x_wconf 87' lang='lat' dir='ltr'>acceptata</span> <span class='ocrx_word' id='word_1_651' title='bbox 1716 5430 1736 5474; x_wconf 87' lang='lat' dir='ltr'>a</span> 
     </span>
     <span class='ocr_line' id='line_1_58' title="bbox 104 5495 1735 5585; baseline 0.006 -31"><span class='ocrx_word' id='word_1_652' title='bbox 104 5495 215 5557; x_wconf 72' lang='lat' dir='ltr'>satione</span> <span class='ocrx_word' id='word_1_653' title='bbox 227 5499 368 5566; x_wconf 78' lang='lat' dir='ltr'>Ecclesia</span> <span class='ocrx_word' id='word_1_654' title='bbox 382 5504 416 5570; x_wconf 83' lang='lat' dir='ltr'>nt</span> <span class='ocrx_word' id='word_1_655' title='bbox 429 5507 513 5568; x_wconf 88' lang='grc'><strong>66116</strong></span> <span class='ocrx_word' id='word_1_656' title='bbox 529 5505 662 5570; x_wconf 79' lang='lat' dir='ltr'>validus</span> <span class='ocrx_word' id='word_1_657' title='bbox 941 5506 1026 5584; x_wconf 84' lang='lat' dir='ltr'>(leia,</span> <span class='ocrx_word' id='word_1_658' title='bbox 1045 5505 1128 5568; x_wconf 88' lang='lat' dir='ltr'>solus</span> <span class='ocrx_word' id='word_1_659' title='bbox 1145 5504 1244 5568; x_wconf 85' lang='lat' dir='ltr'>Titius</span> <span class='ocrx_word' id='word_1_660' title='bbox 1263 5503 1455 5583; x_wconf 87' lang='lat' dir='ltr'>obligaretur</span> <span class='ocrx_word' id='word_1_661' title='bbox 1472 5520 1535 5564; x_wconf 94' lang='lat' dir='ltr'>uon</span> <span class='ocrx_word' id='word_1_662' title='bbox 1555 5502 1585 5564; x_wconf 85' lang='lat' dir='ltr'>vi</span> <span class='ocrx_word' id='word_1_663' title='bbox 1607 5521 1735 5585; x_wconf 87' lang='lat' dir='ltr'>sponsa-</span> 
     </span>
    </p>
   </div>
   <div class='ocr_carea' id='block_1_11' title="bbox 0 0 2026 6340">
    <p class='ocr_par' dir='ltr' id='par_1_15' title="bbox 0 0 2026 6340">
     <span class='ocr_line' id='line_1_59' title="bbox 0 0 2026 6340; baseline 0 4"><span class='ocrx_word' id='word_1_664' title='bbox 0 0 2026 6340; x_wconf 95' lang='lat' dir='ltr'> </span> 
     </span>
    </p>
   </div>
  </div>
 </body>
</html>
