4090 6336
299 581 338 641 51
964 571 1038 632 Llll.
1063 569 1113 630 vl.
1138 569 1239 631 PARS
1260 569 1312 632 111.

304 783 390 846 ergo.
407 769 436 826 2.
453 764 527 827 ldeo
542 763 573 824 id
589 780 697 824 verum
719 765 766 823 est
784 761 815 821 in
839 759 907 821 aliis
929 755 1096 820 contracti·
1151 756 1233 817 unde
1250 759 1341 838 Resp.
1364 757 1412 819 Ad
1426 762 1454 820 1.
1481 759 1562 822 Satis
1581 777 1649 821 esse
1666 761 1759 823 fuisso
1781 767 1876 824 antea
1889 780 1946 838 ap-

302 855 373 931 bus,
389 853 464 933 quia
477 850 613 914 conditio
637 851 799 930 suspendit
812 867 922 910 eorum
942 847 1092 922 valorem,
1150 843 1295 924 positam,
1312 849 1343 908 et
1357 865 1419 908 non
1434 852 1597 927 mutatam,
1614 854 1760 912 censetur
1773 851 1858 912 enim
1873 868 1946 930 per-

302 947 333 1006 et
356 941 534 1004 conditione
556 941 658 1020 posita
672 942 850 1001 contractus
870 937 914 998 illi
933 935 1001 1017 jam
1024 937 1096 996 sunt
1150 934 1301 996 mansisse
1316 935 1500 999 virtualiter.
1527 935 1577 997 Ad
1588 942 1617 1000 2.
1638 939 1835 1001 Contrarium
1857 937 1946 1000 colli-

302 1031 436 1094 absoluti
452 1050 462 1090 .·
478 1029 565 1110 atqui
579 1028 663 1089 idem
684 1033 732 1089 est
754 1027 793 1088 de
812 1029 974 1088 contractu
988 1022 1096 1085 Matri·
1150 1023 1235 1100 gitur
1249 1042 1286 1083 ex
1297 1027 1412 1102 negata
1426 1025 1550 1104 copula.
1568 1024 1618 1086 Ad
1629 1028 1658 1087 3.
1680 1029 1745 1088 1199
1759 1026 1947 1106 intelligitur

302 1117 414 1192 monii;
427 1111 1095 1196 ergo.Hictamcnbenenotandaestdiver·
1151 1110 1190 1172 da
1211 1113 1295 1174 nudo
1311 1114 1488 1175 testimonio
1511 1116 1597 1176 nulla
1615 1115 1795 1196 conjectura
1818 1116 1869 1177 vel
1895 1134 1946 1176 ra-

302 1205 465 1268 sitasinter
473 1205 548 1266 istos
560 1202 670 1265 modos
681 1201 898 1278 contrahendi,
916 1195 1092 1279 quosponsi

302 1291 410 1353 dieunt
430 1312 437 1352 :
459 1293 607 1374 accipiam
630 1299 657 1352 tc
680 1291 763 1352 intra
784 1309 906 1350 mensem
930 1289 963 1350 in
987 1305 1092 1353 mcum,

302 1389 327 1441 ct
341 1399 444 1448 meam.
461 1381 488 1442 si
496 1389 633 1463 parentes
646 1379 740 1442 nostri
755 1377 957 1444 consentiant:
980 1380 1095 1438 919991-

300 1467 353 1549 pio
367 1477 393 1530 tc
408 1469 439 1528 in
453 1488 549 1530 meum
562 1477 589 1529 et
601 1487 706 1534 meam,
721 1467 748 1527 si
762 1474 897 1550 parentes
911 1465 1005 1525 nostri
1018 1465 1096 1525 intro

302 1577 424 1620 mensem
445 1559 633 1619 consentiant.
650 1556 741 1620 Prior
753 1555 865 1617 modus
887 1557 933 1615 est
951 1571 1009 1632 per
1027 1573 1096 1614 ver-

302 1647 378 1708 bum
394 1647 551 1708 defuturo
576 1647 633 1708 sub
649 1645 826 1708 conditione
848 1643 887 1704 de
901 1642 1017 1718 futuro,
1035 1659 1098 1720 qua

304 1733 431 1813 impleta
445 1735 602 1796 habentur
615 1735 681 1795 sola
696 1733 862 1812 sponsalia,
886 1734 917 1791 et
930 1734 965 1790 ut
978 1728 1018 1790 sit
1031 1730 1097 1790 Ma-

303 1822 495 1901 trimonium,
512 1823 682 1904 requiritur
695 1822 774 1886 alius
789 1837 958 1883 consensus
968 1819 1006 1880 de
1017 1836 1097 1897 prce-

303 1911 394 1973 senti.
411 1913 568 1974 Posterior
581 1912 693 1973 modus
708 1909 960 1990 estperverbum
971 1907 1009 1969 de
1020 1925 1097 1985 prae-

304 1997 383 2059 senti
399 1999 457 2061 sub
472 1999 650 2062 conditione
665 1999 704 2061 da
719 1999 835 2076 futuro,
859 1997 902 2060 ita
920 2001 955 2057 ut
968 2013 1096 2056 consen-

304 2105 357 2148 sus
371 2087 624 2150 contrahentium
639 2087 679 2150 sit
687 2087 781 2148 modo
790 2103 938 2166 praesens,
955 2082 1098 2164 quamvis

306 2192 476 2237 consensus
490 2177 661 2236 Parentum
674 2173 714 2236 slt
728 2173 876 2251 conditio,
900 2171 950 2232 cui
964 2169 1095 2245 substat,

306 2282 369 2344 qua
383 2263 560 2325 conditione
582 2261 694 2343 posita,
714 2262 780 2344 jam
796 2266 843 2323 est
865 2257 1097 2322 Matrimonium

305 2351 335 2410 vi
359 2350 472 2428 prioris
493 2369 663 2414 consensus
687 2349 949 2412 contrahentium.
977 2351 1024 2409 An
1044 2364 1099 2406 au-

305 2443 380 2515 tem,
398 2439 523 2518 quando
539 2439 771 2501 Matrimonium
785 2438 829 2499 ita
843 2441 1037 2499 contractum
1053 2439 1099 2496 est

306 2544 413 2588 coram
437 2526 590 2604 parocho,
616 2532 648 2588 et
670 2527 801 2590 testibus
824 2525 883 2586 sub
907 2524 1096 2600 conditione,

306 2618 416 2696 postea
443 2616 614 2693 Parochus,
645 2620 676 2678 et
702 2620 797 2678 testes
825 2615 962 2676 debeant
988 2614 1098 2674 saltem

307 2703 421 2765 rescire
436 2703 475 2764 de
500 2704 678 2766 conditione
692 2704 832 2785 impleta,
858 2703 961 2764 dicam
979 2722 1009 2763 n.
1026 2705 1096 2762 762.

237 2785 280 2830 ²⁴⁸
345 2793 364 2871 §
378 2795 426 2854 10.
443 2793 489 2854 Ex
504 2791 595 2853 dictis
610 2792 776 2873 colligitur,
793 2792 868 2873 quid
883 2790 1050 2853 dicendum
1061 2789 1101 2850 sit

306 2882 348 2944 ad
362 2881 445 2944 huno
459 2899 567 2943 casum
584 2902 591 2942 :
612 2883 704 2944 Caius
715 2881 872 2944 contrahit
885 2899 957 2942 cum
971 2881 1097 2956 Bertha,

307 2969 384 3032 dum
398 2971 608 3048 contraheret,
635 2971 720 3033 nulla
741 2969 919 3032 conditione
943 2969 1097 3048 apposita,

1150 1198 1234 1262 tione
1249 1203 1443 1263 oonllrmato.
1460 1201 1508 1262 Ad
1529 1207 1558 1264 1.
1581 1205 1698 1284 Regale
1712 1203 1766 1265 illa
1781 1221 1843 1264 non
1857 1205 1947 1264 ¹tenet

1150 1286 1182 1347 iu
1196 1306 1270 1349 casu
1285 1308 1408 1369 magnae
1423 1290 1613 1371 disparitatis
1627 1311 1684 1372 pro
1701 1311 1766 1354 una
1779 1295 1883 1372 parte,
1901 1291 1946 1350 uti

1150 1380 1235 1437 recte
1253 1379 1367 1439 Sauch.
1385 1379 1440 1442 lib.
1457 1383 1486 1459 3,
1504 1380 1533 1442 d.
1550 1385 1580 1459 5,
1597 1402 1679 1444 num.
1696 1386 1726 1444 Ι1.

1190 1465 1208 1544 ἓ
1229 1468 1277 1528 11.
1301 1469 1369 1529 Huc
1392 1469 1486 1530 etiam
1509 1470 1645 1548 pertinet
1668 1487 1802 1550 sequens
1825 1486 1944 1529 casus:

1150 1552 1248 1614 Titius
1272 1571 1378 1616 coram
1399 1557 1540 1618 Parocho
1569 1561 1600 1619 et
1628 1557 1759 1620 testibus
1787 1555 1948 1618 contrahit

1151 1659 1223 1702 cum
1233 1644 1307 1705 Gaia
1317 1644 1434 1723 ignota,
1447 1647 1504 1707 sub
1517 1647 1706 1724 conditione,
1718 1647 1743 1708 si
1758 1647 1798 1708 sit
1813 1645 1947 1707 honesta

1151 1729 1252 1807 idest,
1270 1731 1398 1794 honeste
1413 1753 1538 1814 semper
1552 1733 1682 1808 vixerit;
1699 1734 1773 1797 Gaia
1791 1732 1948 1813 promittit

1151 1836 1184 1878 se
1212 1819 1294 1881 intra
1320 1827 1340 1882 1
1372 1823 1563 1903 septimanas
1594 1822 1739 1884 daturam
1766 1821 1948 1884 testimonla

1151 1905 1291 1970 honestae
1311 1910 1394 1970 vitae.
1420 1913 1500 1972 Dum
1522 1910 1588 1971 haec
1610 1913 1824 1990 expectantur,
1846 1907 1947 1969 Titius

1152 1997 1313 2076 cognoscit
1339 1998 1466 2076 Gaiam,
1497 1998 1536 2060 de
1564 2017 1628 2079 qua
1655 2003 1763 2078 postea
1791 1997 1945 2073 rescitur,

1152 2084 1237 2164 quod
1252 2085 1385 2147 antehac
1400 2087 1528 2148 honeste
1544 2105 1606 2148 non
1620 2086 1743 2148 vixerit.

1194 2171 1353 2246 (introitur,
1365 2193 1406 2234 an
1421 2174 1480 2236 hoc
1491 2174 1722 2236 Matrimonium
1733 2174 1773 2236 sit
1782 2171 1949 2234 validum?

1154 2263 1246 2339 ltesp.
1263 2278 1326 2321 non
1349 2262 1465 2339 valere,
1481 2262 1556 2341 quia
1576 2280 1745 2324 consensus
1760 2259 1948 2324 conhaben-

1153 2347 1231 2408 tium
1252 2347 1393 2427 pendens
1418 2369 1437 2410 a
1459 2351 1591 2411 veritate
1613 2351 1800 2412 conditionis
1815 2351 1855 2411 de
1871 2367 1947 2429 pra}

1154 2436 1233 2498 senti
1248 2437 1297 2498 vel
1311 2438 1481 2517 praeterito,
1494 2439 1534 2500 ab
1549 2439 1636 2501 initio
1651 2440 1754 2501 nullus
1769 2443 1826 2516 est,
1843 2441 1872 2500 si
1886 2457 1948 2500 non

1154 2526 1302 2588 subsistat
1316 2528 1433 2588 veritas
1447 2527 1634 2589 conditionis
1651 2547 1658 2588 :
1680 2529 1712 2590 S.
1728 2530 1849 2590 Bonav.
1869 2528 1904 2589 in
1916 2531 1946 2604 l,

1154 2613 1220 2675 dist
1242 2619 1291 2693 30,
1315 2616 1425 2678 Palud.
1443 2615 1517 2677 idid.
1534 2625 1594 2677 art.
1611 2621 1641 2694 3,
1662 2635 1743 2678 num.
1759 2621 1790 2694 9,
1806 2616 1900 2677 conci.
1917 2619 1946 2691 3,

1155 2703 1251 2764 etalii
1271 2723 1342 2764 eum
1364 2707 1503 2784 Fagnan.
1527 2703 1558 2764 in
1579 2707 1610 2781 4,
1635 2701 1946 2784 Decretal.cap.s1n.

1154 2789 1198 2852 Dc
1220 2791 1329 2852 condit.
1350 2812 1451 2874 appos.
1467 2793 1525 2854 llic
1546 2797 1652 2854 autem
1676 2811 1738 2854 nou
1760 2792 1950 2854 subsistebat

1155 2881 1269 2942 veritas
1285 2882 1490 2957 conditionis;
1508 2901 1594 2962 ergo.

1197 2968 1293 3050 Objic.
1321 2972 1349 3030 l.
1375 2969 1474 3030 Titias
1497 2988 1554 3049 per
1580 2970 1781 3032 subsecutam
1802 2971 1949 3049 copulam

307 3055 363 3119 sed
386 3057 480 3136 paulo
499 3061 571 3118 aute
591 3057 713 3119 dixerat
730 3055 929 3119 audientibus
947 3055 1052 3117 multis
1067 3073 1100 3115 se
1155 3055 1280 3118 ridetur
1293 3057 1488 3118 recessisses
1500 3057 1689 3133 conditione,
1706 3061 1737 3120 ot
1750 3059 1950 3137 presumitur

307 3145 476 3208 ducturum
490 3145 684 3224 Bertham,'si
696 3145 979 3208 baberetldmillia
991 3161 1100 3204 aureo·
1156 3143 1307 3224 adjecisse
1322 3162 1510 3206 eonsensum
1525 3145 1713 3208 absolutum.
1731 3149 1822 3226 Resp.
1844 3165 1875 3208 n.
1893 3165 1947 3208 ass.

309 3250 389 3310 rum,
407 3232 497 3294 aliter
517 3251 579 3294 nou
603 3232 782 3295 ducturum.
808 3235 882 3295 Post
904 3231 1017 3295 initum
1034 3232 1101 3294 Ma·
1157 3232 1299 3313 quamvis
1313 3233 1397 3293 enim
1412 3233 1444 3294 ld
1458 3233 1537 3296 torte
1551 3235 1650 3313 possit
1664 3236 1823 3314 praesumi,
1835 3235 1862 3296 si
1878 3254 1949 3298 con-

308 3321 837 3384 trimoniamrescitBerthamnihil
852 3318 1100 3398 babere,etideo
1156 3321 1231 3382 ditio
1247 3324 1329 3382 esset
1348 3321 1388 3383 de
1409 3321 1525 3400 futuro,
1541 3327 1647 3384 tamen
1668 3323 1721 3384 ubi
1745 3323 1885 3386 conditio
1905 3325 1951 3384 est

309 3410 476 3472 abstinete
491 3411 615 3489 copula.
1156 3410 1195 3471 de
1210 3410 1356 3488 praesenti
1370 3413 1425 3472 aut
1440 3411 1610 3491 praterito,
1624 3429 1685 3472 non
1701 3409 1783 3488 ideo,
1796 3411 1883 3492 quod
1898 3411 1950 3472 ba-

351 3497 506 3574 Ouceritur
526 3517 566 3559 an
589 3497 822 3561 Matrimonium
846 3496 965 3558 censeri
987 3497 1101 3558 debeat
1157 3499 1248 3560 betur
1262 3499 1385 3578 copula,
1398 3499 1556 3561 receditur
1570 3517 1590 3560 a
1603 3499 1793 3577 conditione,
1805 3500 1850 3562 uti
1867 3503 1950 3563 recte

310 3587 470 3649 validum?
493 3587 554 3648 Pro
577 3591 666 3665 parte
687 3586 875 3648 affirmativa
893 3589 955 3660 est;
977 3588 1005 3646 l.
1023 3585 1102 3658 Quia
1155 3584 1293 3667 Fapnon.
1311 3605 1407 3666 supra
1421 3586 1541 3648 addens
1563 3585 1643 3646 bano
1667 3603 1735 3647 esse
1750 3603 1950 3649 communem

310 3675 447 3739 conditio
463 3693 526 3738 non
541 3679 588 3738 est
598 3675 741 3755 apposita
751 3675 782 3738 in
794 3678 1012 3748 contractu32.
1024 3675 1102 3746 Ouia
1156 3674 1354 3752 sententiam,
1381 3693 1475 3755 quem
1499 3678 1672 3755 sequuntur
1699 3676 1836 3738 Anchar.
1863 3697 1894 3739 n.
1920 3679 1948 3752 3,

310 3783 460 3828 eumnon
483 3765 663 3845 apposuerit
685 3764 897 3826 conditionem
917 3762 1042 3824 videtur
1062 3763 1102 3824 ab
1157 3762 1237 3824 nhb.
1262 3781 1292 3824 n.
1313 3767 1344 3841 1,
1368 3763 1480 3843 Angel.
1505 3761 1538 3824 V.
1555 3762 1794 3826 Matrimonium.
1819 3765 1948 3826 Coram.

310 3853 539 3926 carecessisse;
557 3857 586 3914 3.
604 3852 695 3914 Gradi
711 3871 774 3913 uon
788 3855 890 3932 potest
904 3851 977 3914 Caio
987 3849 1101 3912 dicenti
1157 3851 1189 3911 in
1203 3856 1232 3918 1,
1254 3848 1369 3914 Decrct.
1384 3871 1419 3934 p.
1440 3857 1470 3920 2,
1486 3871 1552 3934 cop.
1569 3853 1599 3920 3,
1615 3852 1634 3931 ἕ
1648 3854 1677 3919 1,
1693 3871 1723 3913 a.
1742 3855 1790 3922 13,
1807 3853 1862 3915 ubi
1883 3852 1948 3916 ait:

310 3959 343 4003 se
358 3941 389 4002 in
404 3944 508 4004 mente
528 3938 674 4001 habuisse
689 3956 759 4000 eam
773 3938 1012 4015 restrictionem,
1029 3955 1103 3997 nam
1156 3940 1256 4021 sipost
1274 3937 1417 4020 desectum
1437 3940 1610 4002 conditionis
1624 3941 1755 4022 seqnitur
1769 3941 1890 4022 copula,
1907 3940 1952 4001 nii

310 4031 386 4110 Gap.
403 4026 464 4089 Per
479 4028 557 4089 Tuos
571 4026 610 4088 de
624 4026 748 4106 probat.
765 4025 879 4086 dicitur
896 4045 903 4086 :
919 4025 1007 4086 nimis
1021 4023 1102 4084 indi·
1157 4027 1294 4090 conducit
1314 4027 1354 4092 od
1373 4029 1504 4112 coainpii
1518 4029 1788 4112 praeumptionem,
1805 4049 1873 4092 cum
1890 4030 1951 4111 jam

309 4136 399 4200 pnum
413 4125 464 4186 est,
476 4124 510 4178 nt
523 4114 662 4198 quadrua
675 4114 799 4198 puc'spne
812 4131 878 4175 uoce
891 4113 1021 4175 dilucide
1030 4133 1102 4196 pro
1154 4119 1328 4199 promissum
1344 4117 1570 4180 Matrimonium
1584 4119 1701 4179 omnino
1720 4117 1870 4198 defecerit.
1887 4121 1950 4182 lmo

311 4215 431 4269 testatus
453 4213 504 4272 cst,
530 4204 562 4264 ia
579 4201 709 4264 camdem
730 4221 827 4264 casnm
850 4203 979 4284 propria
1005 4202 1104 4265 valeat
1158 4205 1280 4267 etiamsi
1294 4206 1432 4268 conditio
1447 4206 1556 4268 fuisset
1575 4205 1613 4267 de
1633 4205 1749 4283 futuro,
1766 4225 1804 4267 ex
1819 4225 1858 4268 ea
1872 4226 1952 4286 prce-

310 4294 468 4356 testimonio
482 4291 653 4374 infirmare:
666 4296 696 4353 1.
710 4291 788 4363 Ouia
802 4291 833 4351 in
845 4290 947 4352 dubiis
956 4291 1103 4355 standum
1158 4292 1220 4353 cise
1235 4292 1312 4353 nibil
1327 4293 1496 4354 efficaciter
1510 4293 1707 4373 probaretur,
1722 4296 1758 4355 ut
1770 4298 1856 4356 recle
1872 4295 1947 4358 (lob.

310 4386 358 4444 est
371 4399 428 4462 pra
447 4381 553 4442 valore
567 4379 768 4442 Matrimonii.
795 4381 870 4457 Gap.
891 4379 945 4440 lin.
963 4379 1001 4440 de
1021 4381 1100 4439 sent.
1158 4390 1245 4443 tract.
1272 4384 1329 4460 10,
1350 4401 1381 4444 n.
1405 4386 1484 4460 137,
1511 4383 1563 4443 ubi
1588 4383 1632 4444 alt
1654 4401 1763 4444 omnes
1787 4402 1867 4464 quos
1890 4383 1950 4464 legi

310 4474 342 4532 et
362 4489 397 4532 ra
416 4469 515 4552 judic.
542 4469 727 4549 Oppositum
753 4467 947 4549 probabilius
966 4468 1100 4530 tenent¹
1158 4471 1272 4532 docent
1293 4489 1330 4530 ex
1353 4474 1387 4532 L.
1406 4470 1453 4531 Ita
1468 4471 1638 4553 stipulatus,
1654 4471 1689 4551 ff.
1705 4471 1741 4532 de
1754 4472 1832 4534 ucri.
1857 4471 1948 4554 ollip.

310 4560 342 4621 in
357 4559 449 4622 simili
464 4557 579 4622 Senon.
597 4556 652 4619 lib.
668 4561 698 4635 Ξ,
723 4556 754 4619 d.
770 4559 820 4634 13,
844 4565 946 4638 querat.
963 4561 993 4634 Ξ,
1011 4558 1101 4619 Pont.
1158 4559 1311 4636 absolute,
1324 4562 1355 4621 et
1369 4559 1436 4620 sine
1453 4559 1515 4620 ulla
1528 4559 1726 4622 distinctione
1740 4559 1821 4621 inter
1835 4565 1949 4636 ratum,

311 4647 366 4710 uo.
383 4650 413 4726 1,
429 4667 494 4730 cap.
511 4649 561 4724 21,
577 4665 658 4707 num.
677 4647 725 4723 13,
742 4645 810 4707 Pili.
824 4652 910 4706 tract.
929 4647 977 4722 10,
993 4665 1059 4727 cap.
1071 4649 1101 4721 1,
1159 4650 1190 4708 91
1203 4651 1455 4708 consummatum
1470 4664 1533 4709 non
1543 4645 1666 4726 impleri
1677 4651 1874 4710 contractum
1888 4650 1951 4710 Mo-

311 4736 422 4817 Regin.
439 4734 490 4797 iii.
506 4737 556 4812 31,
574 4753 601 4795 c.
620 4737 667 4811 11,
683 4753 714 4794 n.
735 4735 785 4810 93,
810 4737 840 4794 91
861 4731 893 4792 in
914 4731 1027 4793 uostris
1041 4733 1105 4791 ter·
1157 4734 1350 4810 inmanium,
1368 4733 1422 4794 sed
1438 4753 1623 4814 permanere
1638 4753 1835 4814 suspensum,
1853 4737 1951 4800 donec

310 4826 404 4888 minis
417 4825 539 4905 Pignat.
556 4833 625 4885 tom.
640 4827 671 4899 o,
687 4841 764 4884 cons.
781 4825 850 4883 136.
868 4819 947 4893 Ouia
960 4819 1104 4881 voluntas
1158 4821 1325 4899 impleatur
1339 4820 1476 4885 conditio
1491 4822 1636 4902 apposita
1649 4822 1682 4882 in
1695 4821 1948 4886 Matrimonium:

311 4913 375 4976 Caii
392 4919 456 4977 tam
466 4930 611 4992 expresse
621 4911 782 4973 declarata
792 4915 838 4972 est
853 4907 884 4970 in
895 4907 1102 4990 possessione,
1159 4913 1191 4971 et
1204 4909 1248 4970 ita
1266 4909 1434 4971 dicendum
1450 4915 1497 4972 est
1512 4930 1545 4972 re
1560 4911 1639 4989 ipsa.
1656 4910 1793 4991 ldeoque
1807 4911 1833 4973 si
1855 4913 1951 4976 'titius

311 5005 343 5062 et
369 5005 514 5063 censetur
539 4999 763 5080 permansisse;
790 4996 874 5078 quod
898 5013 917 5057 a
940 4993 1104 5075 posteriori
1159 4997 1274 5058 mansit
1297 4997 1328 5057 in
1351 5002 1513 5060 constante
1536 4999 1697 5062 voluntate
1725 5017 1788 5060 non
1816 4999 1950 5062 habendi

311 5087 477 5168 colligitur,
495 5083 569 5166 quia
589 5082 659 5145 ideo
681 5083 781 5146 noluit
799 5083 916 5146 habere
932 5082 1102 5161 copulam:
1160 5086 1267 5149 Gaiam
1296 5103 1353 5165 pro
1381 5104 1490 5164 uxore,
1507 5086 1545 5172 'sl
1575 5086 1865 5166 deprehenderetur
1892 5106 1950 5148 non

342 5327 351 5371 l
371 5325 427 5374 liae
441 5323 648 5387 spectatorum,
669 5333 751 5384 quam
770 5319 911 5370 innuimus
925 5331 952 5368 n·
968 5319 1022 5368 239·
1037 5319 1104 5370 Nam
1160 5326 1249 5376 omnis
1264 5323 1474 5375 verisimilitudo
1483 5335 1634 5372 recessura
1654 5321 1810 5372 conditione
1830 5321 1950 5371 imanis

311 5397 339 5446 iu
356 5407 388 5444 ee
406 5393 512 5443 conset
530 5391 735 5442 Matrimonium
756 5389 922 5441 celebratam
944 5388 1027 5440 tuisse
1046 5389 1105 5440 sine
1159 5396 1372 5456 Matrimonium,
1394 5395 1420 5445 S.
1445 5393 1473 5444 C.
1493 5392 1600 5444 censuit
1620 5393 1725 5446 nullum
1742 5405 1800 5442 esse
1819 5391 1952 5446 Matrinio·

311 5465 366 5516 ulla
380 5463 553 5523 conditloue;
578 5461 641 5527 quin
660 5465 751 5512 ioman
769 5461 935 5512 celebratum
955 5459 1005 5509 luit
1025 5460 1105 5524 paulo
1160 5467 1245 5522 nium,

311 5541 371 5604 post
395 5534 528 5599 praedictis
548 5532 662 5606 llpochrr
684 5531 889 5592 conlectionem,
913 5543 944 5582 ae
963 5529 1105 5586 deficiebat
