3976 6348
706 500 758 561 llll
779 493 1040 562 MATRIMONIO.

84 689 274 769 adelegandis
301 691 491 755 exercendas
513 712 581 755 essa
605 693 753 756 daniacot
782 711 853 774 erpa

83 802 95 836 1
109 778 212 847 salites,
222 779 448 861 aliasqneseons
452 799 594 862 personas
603 783 644 843 art
650 782 742 843 dictos
752 781 782 841 E
782 801 854 842 :cer-

82 866 181 934 scitns,
195 869 401 950 comprehensis
421 871 509 931 etiam
530 872 618 952 copiis
639 869 849 939 ancillaribus,

82 955 304 1034 aquomodotibet
323 967 490 1038 spectantes.
513 959 658 1040 Singulas
682 963 791 1038 postea
805 977 852 1018 re·

21 1053 22 1056 ’
81 1047 222 1105 11111111
244 1045 419 1123 facultates,
441 1065 478 1107 ac
496 1047 670 1126 prasertim
690 1047 791 1122 illam,
817 1051 852 1105 ut

81 1131 276 1194 rsacerdotes
309 1152 329 1194 a
358 1135 506 1213 praedicto
542 1136 708 1215 Capeliano
740 1133 850 1212 Majori

79 1237 91 1272 a
105 1217 309 1295 substituendi,
326 1219 359 1280 in
373 1239 426 1282 eas
449 1240 599 1300 personas
618 1220 751 1284 Parochi
765 1221 848 1295 vice,

79 1325 91 1360 1
106 1305 229 1365 etofficio
240 1307 481 1386 perfungantur,
493 1309 740 1370 administrando
756 1307 850 1369 ctiam

79 1411 91 1446 1
105 1391 197 1451 omnia
216 1393 431 1470 Sacramenta,
448 1413 518 1474 qum
533 1396 655 1456 nonnisi
671 1397 850 1474 111111111-

21 1555 22 1560 ¹
79 1499 90 1534 s
105 1495 147 1538 res
159 1479 364 1542 Ecclesiarum
378 1482 607 1544 parochialium
619 1491 691 1545 sunt
700 1481 849 1545 adminis-

21 1593 23 1646 1
79 1567 203 1627 ohanda
225 1569 386 1630 Postremo
408 1568 526 1631 habent
540 1571 713 1632 clausulam
729 1591 738 1630 :
754 1569 850 1631 Volu-

77 1673 89 1708 a
103 1660 289 1730 muscatam,
306 1659 341 1717 ut
353 1655 373 1715 ii
389 1656 586 1734 Sacerdotes,
603 1675 681 1736 quos
697 1656 779 1718 idem
794 1658 849 1716 Ga-

21 1749 23 1812 ,
78 1761 89 1794 a
104 1739 229 1817 pellaeus
243 1741 345 1822 Major
359 1761 415 1822 pro
431 1745 640 1805 sacramentis
651 1745 745 1805 etiam
755 1747 848 1804 Paro·

21 1823 23 1882 ἱ
77 1827 251 1896 sebialibus,
276 1829 438 1907 militibus,
463 1831 592 1912 aliisque
617 1832 759 1912 personis
782 1831 848 1910 qui·

78 1913 281 1997 theseumque
291 1917 448 1979 dictorum
458 1921 659 1982 Exercituum
669 1920 849 1980 ministran-

21 2013 23 2068 t
77 2003 151 2080 adis,
167 2009 198 2066 ut
210 2005 395 2084 praeicrtur,
414 2007 610 2086 deputandos
629 2007 762 2082 duxerit,
780 2006 848 2066 nul-

21 2077 23 2104 ¹
77 2092 208 2152 itatenus
229 2093 358 2173 quidem
382 2093 561 2174 hujusmodi
585 2094 784 2156 facultatibus
804 2091 847 2152 uti

21 2223 23 2254 ,
77 2179 191 2242 1111111
211 2199 289 2260 erga
307 2181 420 2242 mihies
439 2182 659 2260 prasidiarios,
676 2182 728 2261 qui
748 2179 849 2241 conti-

21 2299 23 2344 3
77 2285 153 2327 snus
169 2269 301 2346 arcium,
318 2287 372 2331 seu
388 2270 520 2330 aliorum
535 2271 675 2332 locorum
697 2267 846 2331 custodia

21 2357 23 2410 1
77 2354 234 2434 1111111111
258 2361 348 2432 sunt,
378 2374 456 2436 quos
483 2358 666 2418 eorumdem
692 2360 846 2419 Locorum

21 2447 23 2518 ξ
77 2443 245 2520 elamabis,
272 2448 304 2506 et
327 2443 499 2506 Ordinariis
513 2445 545 2505 in
569 2446 723 2522 omnibus,
741 2449 772 2505 et
791 2461 847 2520 per

21 2525 23 2594 1
77 2531 192 2591 somnia
221 2532 350 2592 subesse
374 2531 590 2608 declaramus,
616 2533 672 2593 sed
695 2532 847 2593 duntaxat

21 2601 23 2664 ἶ
78 2635 166 2696 terga
182 2619 303 2696 milites,
321 2623 352 2680 ct
374 2637 524 2699 personas
548 2621 748 2682 Exercituum
767 2636 845 2697 prm-

21 2711 23 2780 }
77 2704 239 2766 adommin
263 2706 304 2766 ad
325 2725 423 2786 vagas
440 2707 513 2768 belli
538 2709 736 2787 operationes
752 2707 846 2768 desti·

77 2796 186 2870 anans,
201 2797 268 2855 tum
291 2793 344 2853 ubi
359 2793 390 2853 in
410 2794 524 2856 actuali
546 2795 742 2874 expeditione
758 2812 844 2872 repe-

77 2879 216 2958 nriuntur,
232 2885 300 2943 tum
321 2882 506 2943 etiamnum
529 2883 560 2943 in
584 2883 775 2963 quibuslibet
796 2899 846 2942 ac·

21 2979 23 3050 3
76 2985 87 3022 1
101 2964 298 3044 cidantalibus,
314 2972 346 3030 et
359 2971 580 3048 temporaneis
597 2971 662 3032 sive
678 2969 841 3049 hybernis,

21 3079 23 3128 ,
77 3072 88 3107 a
102 3052 155 3114 sire
167 3055 288 3131 estivis,
301 3056 346 3116 ait
359 3057 455 3117 etiam
468 3057 696 3136 praesidialibus
706 3055 844 3118 stationi-

21 3137 23 3170 *
78 3162 88 3196 1
102 3140 148 3203 hus
157 3161 209 3221 pra
219 3147 360 3223 tempore
372 3143 606 3218 detinebuntur3
624 3145 667 3206 ita
680 3151 797 3219 tamen,
810 3147 845 3204 ul

21 3205 23 3304 l
78 3230 188 3291 11111111
208 3235 303 3310 atque
330 3230 427 3292 iidem
454 3232 659 3309 Sacerdotes,
684 3251 761 3312 quas
789 3233 844 3292 Ca·

77 3318 221 3396 »11111111
235 3319 339 3400 major
351 3320 613 3398 subdelegaverit,
630 3321 671 3381 ad
685 3325 844 3398 tempora-

21 3439 23 3476 ,
76 3406 392 3469 snemillasstationes
407 3409 608 3486 pervenerint
622 3409 741 3469 litteras
757 3406 843 3468 testi-

76 3494 250 3571 omoniales,
279 3497 346 3556 111]
373 3513 469 3574 super
495 3512 605 3555 eorum
637 3493 840 3570 Sacerdotio,

77 3599 87 3634 r
101 3597 178 3657 quam
190 3599 283 3662 super
297 3599 355 3642 sua
370 3581 582 3660 deputatione,
596 3600 632 3642 ac
642 3581 841 3643 facultatibus

21 3667 23 3744 ξ
76 3668 146 3728 ssibi
164 3669 264 3748 rigore
287 3669 490 3749 praeentiam
513 3669 668 3730 concessis
687 3687 743 3748 pro
759 3667 842 3749 ojus-

21 3753 23 3838 }
77 3757 169 3817 smodi
187 3777 315 3819 munere
334 3757 509 3818 exercendo
530 3757 679 3818 Parochis
700 3758 842 3819 locorum

21 3867 23 3926 5
77 3845 226 3906 inhibere
245 3846 397 3918 debanna
414 3845 526 3925 quibus
550 3845 635 3920 visis,
654 3845 686 3905 hi
701 3863 763 3906 non
782 3845 841 3906 im-

77 3933 209 4009 spediant
238 3931 406 4014 quominus
432 3933 558 3994 Missam
586 3933 617 3992 in
645 3934 709 3993 suis
734 3933 839 3994 Eccle-

21 4029 23 4108 ,
77 4019 142 4080 asiis
154 4022 317 4097 celebrare,
335 4039 372 4082 ao
386 4021 418 4080 iu
432 4020 496 4081 vim
511 4019 693 4081 earumdem
708 4021 840 4082 faculta-

21 4127 23 4168 1
77 4109 153 4166 atum
171 4110 369 4170 Sacramenta
392 4107 487 4168 ctiam
511 4108 707 4168 Parocbialia
730 4107 839 4167 minis-

21 4195 22 4240 3
77 4195 168 4254 »aaa
180 4197 312 4272 valeant,
330 4195 415 4274 quod
433 4195 458 4256 si
474 4213 511 4255 co
525 4199 666 4273 tempore
680 4194 839 4255 Matrimo-

77 4299 87 4332 1
102 4278 172 4340 nium
182 4279 258 4342 inter
272 4299 433 4360 personas,
446 4299 579 4361 quarum
590 4282 688 4343 altera
697 4281 839 4341 militaris

21 4373 23 4450 j
77 4367 141 4443 nsit,
155 4387 203 4429 seu
217 4369 256 4430 ad
270 4370 371 4431 dictes
385 4369 546 4430 Exercitus
556 4369 720 4448 pertineat,
732 4369 837 4449 ibique

76 4456 838 4536 nnasionesteuonumpradictarumcommore-

76 4543 149 4618 ntur,
162 4544 253 4605 altera
270 4562 344 4606 vero
359 4544 500 4605 Parooho
524 4545 583 4606 loci
603 4544 729 4606 subdita
749 4563 838 4623 repe-

21 4675 22 4710 ,
77 4628 191 4708 anatur,
206 4633 344 4695 contrahi
360 4632 537 4712 contingat;
554 4651 591 4693 eo
613 4650 687 4692 casu
709 4650 767 4692 nec
781 4635 838 4693 Pa·

21 4733 22 4782 3
77 4716 268 4782 omnbussine
283 4719 453 4781 Sacerdote
468 4719 658 4800 hujusmodi,
675 4739 733 4780 nec
747 4720 837 4780 vicis·

21 4849 23 4884 ,
77 4820 88 4856 1
101 4803 147 4864 sim
159 4807 302 4869 Sacerdos
311 4808 378 4869 sine
393 4807 533 4869 Parocho
545 4807 746 4869 celebrationi
757 4807 837 4887 ejus·

77 4907 87 4942 1
100 4892 169 4951 modi
181 4893 362 4956 Matrimonii
374 4895 509 4968 assistat,
521 4900 576 4957 aut
585 4895 835 4956 benedictionem

21 4997 23 5054 5
77 4972 283 5056 imperantur,
299 4982 354 5041 sed
370 4981 463 5042 ambo
478 4983 582 5059 simul,
601 4988 695 5062 atque
710 4983 837 5062 aequali·

21 5057 22 5106 1
78 5064 139 5121 oter
157 5066 236 5128 stola
258 5069 479 5144 emolumenta,
494 5070 521 5130 si
536 5089 605 5149 quae
619 5069 702 5131 licite
717 5071 835 5150 percipi

21 5145 23 5162 '
77 5147 211 5228 rsoleaut,
227 5154 390 5233 accipiant,
408 5157 439 5216 et
452 5155 533 5216 inter
547 5175 580 5216 se
596 5155 770 5218 dividant.»

36 5245 63 5292 te
106 5233 179 5311 fili.
201 5241 378 5303 Dubitatum
401 5246 447 5304 est
470 5263 510 5304 an
531 5244 743 5306 Missionarias
768 5263 835 5306 cas-

78 5319 271 5390 trensisvalide
293 5329 417 5393 assistat
435 5333 634 5393 matrimonio
659 5331 764 5394 militis
785 5351 835 5393 ca-

21 5493 22 5500 ¹
78 5402 160 5471 hebai
172 5431 187 5474 e
199 5414 317 5496 legione
330 5418 504 5481 acatholica
522 5419 677 5482 catholico
693 5419 833 5482 Parocho

1645 507 1702 566 183

907 685 1065 748 destitute.
1084 687 1161 766 Vagi
1186 688 1313 767 quidem
1337 693 1410 752 sunt
1427 689 1552 768 milites,
1579 693 1610 752 et
1630 690 1700 752 idco

906 772 985 833 inire
1015 782 1146 852 possunt
1172 775 1405 837 matrimonium
1430 795 1536 839 coram
1559 779 1700 842 Parocho

906 879 1115 942 quocumque,
1138 864 1192 923 sed
1208 864 1303 924 debet
1317 882 1383 924 csse
1404 865 1562 926 Parochus
1581 867 1651 943 loci,
1668 868 1700 927 in

906 967 968 1027 quo
983 951 1188 1028 contrahitur,
1206 971 1268 1012 non
1280 957 1384 1013 autem
1395 953 1509 1014 suflicit
1523 973 1590 1016 csse
1607 956 1700 1017 Paro·

906 1036 998 1095 chum
1017 1037 1148 1116 legionis
1162 1058 1224 1100 nen
1240 1057 1304 1099 suas
1319 1057 1392 1100 cum
1407 1040 1457 1101 hic
1471 1059 1533 1102 non
1548 1042 1589 1103 sit
1607 1045 1699 1103 Paro·

905 1123 983 1185 chus
996 1125 1068 1202 loci,
1085 1126 1117 1184 in
1141 1143 1203 1205 quo
1227 1129 1300 1186 sunt
1317 1132 1429 1204 castra,
1447 1132 1479 1189 et
1492 1129 1562 1190 ideo
1578 1129 1699 1209 judica·
1821 1168 1825 1178 ·

904 1216 978 1272 runt
996 1219 1059 1274 tres
1082 1217 1232 1275 Doctores
1253 1233 1377 1276 mecum
1392 1217 1487 1276 talem
1504 1218 1699 1278 castrensem

904 1297 1039 1361 invalide
1064 1301 1218 1378 assistere,
1243 1303 1300 1362 nisi
1325 1309 1490 1365 censeatur
1512 1304 1607 1366 eliam
1630 1322 1697 1366 esse

904 1383 992 1446 istius
1006 1390 1187 1450 acatholicae
1202 1391 1332 1469 legionis
1347 1392 1529 1455 Castrensis.

944 1474 1021 1550 §aa
1036 1479 1102 1537 Huc
1110 1478 1245 1555 pertinet
1254 1479 1401 1539 resolutio
1413 1480 1571 1559 sequentis
1582 1499 1694 1542 casus:
1724 1489 1765 1533 '¹⁵³

904 1559 1002 1620 Titius
1016 1563 1105 1624 miles
1124 1565 1295 1626 catholicus
1311 1566 1343 1624 in
1361 1567 1483 1644 legione
1499 1568 1694 1645 Hellandioa,

903 1647 990 1708 ducit
1017 1651 1153 1712 Coloniae
1175 1653 1325 1714 Bertham
1353 1655 1561 1716 acatholicam
1589 1675 1697 1717 coram

903 1734 1096 1800 Prmdicante
1113 1740 1245 1818 legionis
1259 1741 1445 1818 acatholico,
1462 1742 1626 1804 ctduobus
1637 1748 1696 1805 tos-

903 1821 996 1884 tibus.
1016 1825 1179 1904 (latentur,
1196 1847 1235 1888 an
1245 1829 1477 1890 Matrimonium
1485 1831 1647 1893 valeat?il.
1663 1831 1695 1894 Si

902 1911 1019 1973 llertha
1033 1915 1188 1992 pertineat
1209 1916 1249 1975 ad
1271 1915 1437 1994 legionem,
1454 1917 1485 1977 in
1501 1937 1565 1997 qua
1579 1924 1626 1981 cst
1644 1919 1695 1980 illc

903 2001 1091 2078 PraedioanS,
1108 2003 1312 2081 probabiliter
1331 2005 1424 2080 valet,
1446 2005 1520 2084 quia
1536 2007 1695 2068 matrimo-

902 2087 954 2148 nia
963 2090 1073 2150 taliain
1085 2092 1249 2152 llollandia
1257 2093 1413 2152 habentur
1421 2111 1477 2171 pro
1486 2094 1608 2172 validis,
1617 2097 1695 2158 etlo-

901 2176 1010 2253 giones
1022 2178 1213 2240 Hellandiam
1224 2185 1312 2241 extra
1321 2180 1518 2242 Hellandiam
1528 2187 1696 2246 censentur

901 2267 1039 2344 gairdere
1054 2269 1166 2328 eodem
1177 2268 1249 2347 jure
1264 2269 1314 2329 vel
1328 2268 1575 2331 dissimulatione
1590 2271 1694 2332 Eccle-

901 2353 965 2432 siae,
978 2355 1052 2433 quia
1061 2356 1157 2416 etiam
1166 2357 1285 2417 censeri
1296 2360 1426 2434 possunt
1436 2357 1531 2420 veluti
1542 2360 1694 2422 Parocbia

901 2459 972 2500 cum
993 2460 1048 2501 suo
1079 2441 1338 2521 pseudoparocho
1367 2443 1563 2506 ambulantes
1584 2464 1693 2507 secun-

900 2524 974 2586 dum
990 2526 1073 2588 dicta
1086 2529 1107 2589 l.
1122 2531 1153 2605 6,
1164 2549 1199 2608 p.
1215 2532 1245 2604 1,
1257 2549 1286 2590 1.
1301 2532 1388 2592 1518.
1401 2532 1425 2590 ll
1436 2536 1556 2609 contra,
1568 2533 1595 2593 si
1619 2534 1693 2596 Ber·

900 2613 954 2674 tha
969 2632 1030 2674 non
1049 2615 1205 2693 pertineat
1219 2617 1259 2676 ad
1273 2616 1440 2695 legionem,
1457 2620 1693 2684 matrimonium

900 2706 947 2761 est
960 2701 1131 2763 invalidum
1147 2703 1186 2762 ob
1201 2702 1358 2763 deiectum
1373 2704 1517 2781 Parochi,
1531 2725 1605 2768 nam
1615 2727 1692 2786 prm-

900 2786 1007 2848 dicans
1027 2793 1172 2867 respectu
1194 2789 1264 2850 'l'itii
1289 2809 1351 2850 non
1375 2795 1422 2852 est
1445 2794 1616 2872 Parochus,
1633 2817 1692 2858 nec

899 2875 1097 2936 extendenda
1119 2881 1166 2938 est
1189 2876 1284 2938 tacita
1315 2878 1462 2940 Ecclesia
1489 2880 1616 2944 licentia
1638 2890 1693 2947 aut

898 2961 1102 3024 dissimulatio
1128 2965 1210 3024 ultra
1233 2983 1324 3025 casus
1354 2965 1385 3024 in
1407 2967 1484 3028 loeis
1507 2968 1691 3032 acatholicis

898 3054 1051 3129 receptos.
1075 3052 1122 3112 lta
1141 3050 1318 3112 censuimus
1341 3052 1476 3114 Coloniae
1496 3072 1578 3117 anno
1599 3058 1687 3119 1708.

898 3139 973 3199 lade
998 3138 1186 3214 censuimus,
1212 3140 1549 3215 11111113,11111111
1568 3143 1600 3204 in
1615 3161 1689 3208 casu

899 3245 961 3306 quo
975 3227 1064 3287 miles
1078 3227 1269 3288 acatholicus
1283 3227 1415 3306 legionis
1429 3229 1621 3293 Hellandiam
1636 3251 1690 3294 co-

897 3331 967 3374 ram
982 3314 1173 3375 praedicante
1196 3331 1260 3374 suae
1281 3313 1412 3392 legionis
1426 3315 1543 3378 Bonna}
1558 3319 1691 3383 duxerat

895 3402 1059 3462 mulierem
1069 3400 1261 3478 catholicam
1276 3420 1293 3462 a
1307 3402 1428 3480 Belgio,
1439 3402 1569 3466 viduam
1583 3408 1689 3469 militis

897 3490 971 3551 olim
986 3489 1127 3569 ejusdem
1145 3489 1288 3567 legionis.
1304 3491 1450 3551 Attamen
1472 3492 1581 3554 abesse
1596 3494 1690 3558 debut

896 3578 1091 3653 scandalum,
1117 3580 1148 3636 et
1171 3575 1196 3636 si
1220 3575 1286 3636 fiori
1307 3577 1416 3654 possit,
1432 3579 1571 3642 suaviter
1588 3581 1689 3643 addu-

896 3665 986 3728 cendi
1010 3661 1143 3725 suntad
1168 3663 1344 3724 Parochum
1367 3665 1567 3744 catholicum,
1583 3669 1633 3729 vel
1647 3669 1688 3730 ad

895 3755 990 3814 alium
1006 3751 1207 3816 Sacerdotem
1231 3750 1399 3812 habentem
1420 3753 1488 3833 ejus
1504 3755 1684 3833 licentiam,

894 3846 930 3903 ut
943 3859 1050 3902 coram
1064 3840 1124 3900 hoc
1139 3846 1170 3899 et
1183 3839 1314 3900 testibus
1324 3846 1477 3903 renovent
1486 3861 1684 3907 consensum.

934 3931 952 4009 5
964 3934 1013 3990 111.
1032 3929 1063 3990 Si
1079 3928 1149 4008 quis
1162 3933 1313 4007 tanquam
1327 3929 1491 3990 viatorseu
1502 3932 1686 4010 peregrinus

893 4023 1033 4079 transeat
1050 4035 1108 4095 per
1128 4015 1265 4094 aliquem
1288 4033 1416 4093 pagum,
1439 4020 1550 4093 putant
1573 4022 1682 4083 Avers.
1713 4037 1725 4080 r

892 4127 922 4186 q.
938 4111 969 4182 a,
992 4125 1015 4166 s.
1032 4109 1061 4165 2.
1087 4105 1116 4182 §.
1131 4103 1183 4178 At,
1205 4106 1294 4163 Pont.
1311 4109 1371 4163 eto.
1397 4121 1487 4181 posse
1507 4107 1686 4183 copularis

894 4194 1034 4255 Parocho
1048 4192 1120 4253 loci.
1137 4190 1215 4250 Huic
1239 4190 1400 4251 sententias
1419 4191 1565 4254 videntur
1579 4193 1684 4258 favero

892 4281 1020 4361 facrrltas
1040 4278 1210 4351 Viennensis,
1229 4281 1260 4338 et
1279 4280 1378 4338 Tana.
1396 4279 1480 4356 apud
1505 4282 1581 4342 Gob.
1599 4301 1681 4346 num.

892 4375 961 4445 aas,
986 4371 1137 4447 alionque
1159 4383 1216 4444 pro
1240 4383 1278 4426 ea
1302 4365 1545 4428 declarationem
1567 4372 1681 4450 Gongr.

892 4458 985 4519 Barb.
1003 4458 1034 4517 in
1048 4455 1146 4516 callet.
1163 4452 1204 4516 od
1223 4453 1307 4514 aaa.
1327 4473 1391 4515 sess.
1408 4458 1499 4533 211.
1525 4459 1553 4534 l,
1575 4456 1611 4518 de
1624 4459 1680 4539 res.

892 4545 1024 4606 Moerim.
1041 4565 1071 4604 n.
1089 4547 1137 4619 11,
1149 4542 1204 4604 sed
1215 4543 1387 4604 secundum
1402 4543 1485 4604 dicta
1499 4565 1529 4605 n.
1546 4549 1615 4622 713,
1628 4548 1684 4608 ab·

892 4635 989 4694 solute
1013 4632 1183 4694 tenendum
1207 4636 1255 4693 est
1275 4632 1463 4711 oppositum.
1489 4635 1597 4713 Neque
1618 4637 1683 4713 pri-

891 4739 976 4782 mam
1005 4719 1192 4782 sentantiam
1220 4723 1305 4780 tenet
1343 4718 1467 4798 facultas
1500 4718 1680 4799 Viennensis,

892 4827 964 4869 nam
987 4812 1111 4870 tantum
1133 4807 1271 4886 loquitur
1292 4808 1330 4867 de
1345 4808 1489 4869 veniente
1504 4809 1544 4870 ad
1558 4809 1680 4887 locum,

891 4897 943 4958 sibi
961 4895 1046 4958 Tn'd.
1064 4915 1125 4956 non
1140 4899 1188 4956 est
1202 4901 1373 4974 receptum,
1391 4895 1430 4956 dc
1452 4914 1514 4975 quo
1530 4915 1603 4958 casu
1619 4898 1681 4959 disi

889 5005 919 5046 1.
938 4987 1005 5046 itt.
1026 4984 1132 5046 Verba
1145 4983 1295 5063 facultatis
1319 4981 1484 5042 Viennensis
1500 4987 1573 5045 sunt
1587 4983 1655 5046 haec
1672 5005 1679 5046 :

889 5070 939 5130 illi
952 5069 1028 5131 idom
1045 5070 1231 5149 (acatholici,
1248 5069 1349 5149 inquit
1364 5071 1440 5130 Gob.
1459 5069 1610 5132 habentes
1625 5072 1682 5134 do-

888 5157 1054 5234 micilium,
1073 5157 1124 5218 ubi
1147 5157 1233 5234 viget
1252 5157 1413 5217 decretum
1435 5156 1615 5237 Tridentini)
1630 5179 1682 5220 oa-

890 5246 949 5307 lide
961 5245 1137 5306 contrabant
1157 5242 1379 5304 Matrimonium
1394 5243 1616 5322 clandestinam,
1632 5248 1685 5307 nbi

888 5351 946 5392 non
968 5339 1009 5391 est
1031 5337 1174 5409 receptum
1200 5327 1283 5388 Trid.
1309 5329 1465 5405 decretam,
1490 5329 1517 5388 si
1530 5327 1682 5393 deveniant

888 5438 965 5488 cusu,
982 5427 1034 5480 ont
1042 5437 1099 5499 per
1119 5415 1234 5476 modam
1250 5415 1435 5493 transeuntis,
1452 5415 1681 5480 1111111111-
