3974 6348
666 533 718 596 DE
745 529 997 594 MA'l'lllMONlO
1589 531 1647 592 1311

29 724 109 788 libero
132 723 296 804 ignorante
318 721 519 798 servitutem,
545 719 620 801 quia
647 718 706 782 hoo
729 718 797 800 1333
853 718 937 797 apud
960 718 1076 781 Areud.
1102 717 1156 779 lib.
1172 721 1201 795 7,
1225 733 1296 798 333.
1313 719 1343 786 1,
1359 715 1483 798 putavit
1496 715 1645 779 conditio·

29 829 109 874 serra
129 811 271 874 concedit
297 811 495 887 libertatem,
525 809 569 871 uti
597 809 732 874 habetur
759 827 798 870 err
852 825 925 868 nem
945 807 1000 869 filii
1024 806 1182 874 dirimere.
1208 805 1234 868 si
1257 812 1403 885 33333133
1421 805 1598 884 3133133131,
1615 808 1647 866 31

28 900 95 964 ortt.
109 897 277 982 3133331313,
293 898 362 980 §st
375 918 442 962 uero
457 898 613 962 decretum.
853 897 912 958 boe
926 897 1051 959 videtur
1071 895 1188 956 babere
1212 896 1451 957 tundamentum
1465 895 1496 956 in
1512 899 1646 976 utroque

11 997 13 1030 ²
58 988 118 1066 55.
145 987 285 1050 Servitus
313 987 458 1068 ignorata
487 986 624 1064 dirimit,
655 987 798 1069 quamvis
852 981 1482 1063 1333,33131131331)31336333111336,
1499 987 1643 1065 questo.

29 1075 180 1157 ignorantia
193 1075 234 1138 sit
247 1093 374 1153 crassa,
394 1080 426 1136 et
446 1074 644 1154 imprudens,
662 1092 698 1136 eo
713 1075 798 1154 quod
853 1075 929 1136 Con.
945 1072 1145 1148 Honorontnr,
1158 1080 1185 1133 et
1196 1070 1272 1134 Can.
1285 1071 1464 1149 Neomare,
1479 1075 1528 1147 31,
1540 1079 1644 1153 quest.

29 1165 102 1226 boile
114 1163 215 1226 resciri
229 1165 403 1244 potuisset,
424 1163 498 1243 quia
512 1162 667 1240 Ecclesia,
683 1167 718 1226 ut
730 1181 800 1224 ma·
853 1166 882 1224 1.
899 1162 1044 1224 Paternus
1057 1179 1205 1223 emrsensm
1218 1161 1398 1223 desiderator
1417 1160 1445 1220 r'rr
1461 1160 1580 1242 mqrtr'r‘r,
1596 1179 1648 1221 nee

28 1252 185 1314 1333331333
205 1252 322 1328 valeat,
344 1250 476 1332 requirit
494 1267 680 1312 consensum
695 1250 799 1312 direc-
852 1252 914 1312 sine
935 1272 967 1313 eo
990 1251 1130 1332 legitimae
1152 1251 1262 1332 333113
1274 1251 1445 1326 habeantur,
1470 1249 1557 1324 jueta
1572 1249 1649 1310 r'tlnd

28 1340 337 1404 ammaonditionem
351 1339 509 1404 servitutis
522 1338 666 1419 cognitae,
679 1339 796 1402 Sanoh.
853 1337 993 1402 Eoorr'eti
1004 1339 1098 1420 Papae
1113 1359 1123 1400 ε
1138 1339 1230 1402 olr'ter·
1242 1359 1300 1402 non
1312 1341 1352 1400 rr't
1368 1338 1530 1418 leqr'tr‘mum
1544 1337 1648 1418 conja-

28 1433 92 1492 llon.
109 1433 213 1492 Avens.
234 1429 255 1508 ἓ
275 1427 400 1504 Quinto,
420 1433 531 1490 333133
543 1427 607 1490 831.
623 1436 652 1488 31
665 1427 796 1490 Lederm.
852 1429 944 1510 33133,
961 1429 1046 1490 nr'sr'o
1054 1427 1381 1510 porentidostrodator,
1393 1427 1432 1488 L.
1443 1431 1473 1504 1,
1489 1426 1525 1506 ff.
1541 1425 1648 1487 derito

30 1517 104 1582 311331
122 1521 183 1595 333,
206 1516 233 1578 31
252 1517 387 1580 haberet
405 1516 651 1601 dubitationem,
667 1516 717 1577 vel
733 1515 801 1594 opi·
853 1517 1034 1598 33333333.
1059 1516 1182 1597 Nuptiae
1202 1517 1354 1577 romr'stere
1367 1534 1424 1576 333
1444 1523 1574 1596 possunt,
1590 1514 1651 1574 nist

31 1607 132 1668 aionem
154 1606 193 1668 de
216 1606 382 1681 servitute,
407 1608 440 1668 31
461 1609 566 1667 tamen
588 1602 797 1678 contraheret,
854 1604 1031 1666 adruentiam
1044 1622 1149 1679 ornnes,
1166 1603 1260 1680 r'dert,
1276 1603 1453 1686 quieceret,
1469 1619 1648 1684 quorumque

30 1701 82 1758 133
101 1694 178 1756 enim
197 1695 329 1758 cederet
350 1712 408 1756 suo
425 1693 501 1774 juri,
523 1695 554 1754 31
572 1692 657 1754 idem
677 1690 801 1752 videtur
853 1689 884 1751 r'n
897 1698 1125 1772 parastatarum.
1147 1689 1392 1767 ldembabetur,
1409 1689 1493 1767 L.9,
1511 1692 1558 1766 10,
1575 1687 1645 1750 ibid.

31 1799 92 1858 rese,
113 1783 138 1844 si
159 1783 295 1846 haberet
316 1781 527 1862 ignorantiam
549 1781 737 1855 affectatam,
763 1796 799 1839 eo
854 1779 956 1841 Etiam
979 1779 1071 1841 Luth.
1097 1779 1208 1840 Bneer.
1234 1780 1355 1841 1133313.
1375 1779 1468 1857 Apud
1482 1779 1597 1841 831133.
1614 1777 1650 1839 de

32 1871 96 1952 qnod
115 1871 245 1952 positive
269 1871 365 1933 vellet
388 1887 446 1932 nec
469 1867 646 1949 inquirere,
672 1883 730 1926 nec
753 1865 801 1926 in·
854 1867 991 1930 Moerim.
1019 1866 1095 1948 Cap.
1113 1872 1160 1944 111,
1186 1867 1342 1945 dixerunt,
1363 1868 1562 1930 Matrimonia
1576 1887 1649 1949 pro-

32 1960 110 2040 quiri,
128 1961 200 2041 quia
218 1959 292 2022 talis
306 1957 485 2039 ignorantia
498 1955 701 2036 aequivaleret
714 1953 801 2016 sutfr-
853 1957 931 2019 lium
953 1957 1031 2020 inita
1052 1957 1119 2016 sine
1134 1974 1287 2018 consensu
1302 1960 1478 2037 parentum,
1495 1958 1545 2018 vel
1559 1957 1650 2020 irrita

10 2117 11 2120 ¹
33 2041 104 2110 313331
117 2047 243 2125 33111133,
262 2047 354 2110 Ρ331.
370 2045 471 2108 Aoers.
856 2063 935 2117 esse,
959 2046 1008 2107 vel
1028 2046 1137 2107 saltem
1161 2063 1218 2124 per
1240 2047 1386 2124 parentes
1408 2045 1522 2107 irritari
1542 2064 1646 2125 33333.

10 2145 17 2198 1
60 2121 282 2216 3681333333
297 2135 653 2200 contrahatcumserva
669 2132 801 2194 eredens
856 2135 918 2197 Sed
933 2135 1111 2214 oppositum
1134 2153 1216 2196 nune
1231 2140 1351 2196 certum
1366 2138 1413 2196 est
1427 2152 1465 2196 ex
1479 2135 1565 2196 Trid.
1581 2155 1646 2198 sess.

33 2225 97 2288 bano
115 2243 179 2287 3333
196 2224 345 2302 liberam,
365 2225 450 2286 valet
467 2221 710 2298 Matrimonium,
727 2219 801 2300 quia
855 2227 904 2302 14,
920 2223 956 2285 de
969 2223 1060 2305 nefor.
1078 2225 1170 2285 Matr.
1182 2243 1246 2305 cop.
1265 2227 1293 2300 l,
1310 2224 1362 2284 ubi
1378 2223 1421 2285 ait
1438 2243 1444 2283 :
1462 2219 1524 2284 Eos
1538 2221 1571 2286 S.
1590 2223 1650 2306 83·

34 2333 80 2376 333
99 2321 215 2376 erratur
238 2314 347 2395 quoad
369 2312 594 2388 substantiam,
610 2313 642 2372 et
661 2307 802 2372 Ecclesia
855 2312 946 2374 nodos
958 2312 1140 2376 crudentate
1162 2311 1283 2373 damnat
1285 2355 1371 2374 .....
1400 2311 1454 2392 331
1472 2310 1649 2393 [313331113-

10 2415 12 2462 1
34 2402 114 2466 irritat
130 2403 232 2466 solum
255 2403 492 2466 Matrimonium
514 2399 603 2462 liberi
627 2397 801 2479 ignorantis
856 2409 939 2464 mont
954 2401 1143 2464 Matrimonia
1163 2398 1421 2482 afitiis-somilr'os
1442 2400 1502 2460 sine
1515 2419 1651 2462 33333333

34 2491 188 2552 servitutem
210 2491 360 2569 alterius,
381 2493 414 2554 S.
430 2491 542 2553 Thom.
564 2491 660 2550 Henr.
681 2486 798 2548 Victor.
856 2490 1017 2552 Parentum
1039 2497 1199 2556 eontracta,
1225 2489 1316 2549 irrito
1333 2507 1398 2564 esse,
1422 2495 1450 2548 et
1463 2488 1604 2550 Parentes
1618 2509 1651 2551 eo

34 2579 166 2643 31111111·
178 2583 226 2658 19,
241 2599 274 2642 11·
290 2582 347 2653 233
365 2583 474 2655 Area.
491 2575 648 2657 3311111111·
664 2577 703 2637 Εἴ
716 2574 801 2635 idem
855 2578 979 2640 rotaoel
993 2578 1082 2639 irrita
1091 2577 1189 2658 faeere
1196 2596 1300 2657 porse:
1314 2577 1467 2656 docetque
1484 2577 1516 2637 S.
1533 2575 1648 2638 Thom.

35 2673 82 2744 or,
101 2668 124 2730 si
143 2687 253 2730 servus
278 2667 375 2730 ducat
394 2667 538 2743 liberam,
555 2681 651 2745 quam
671 2663 803 2743 putabat
856 2671 1052 2749 1133331.
1070 2670 1138 2742 164,
1155 2675 1212 2728 art.
1229 2669 1259 2742 5,
1279 2670 1310 2729 et
1324 2684 1407 2726 nuuc
1421 2665 1597 2727 canonista
1613 2683 1651 2728 ae

35 2773 86 2818 esse
104 2775 241 2834 serram,
268 2757 309 2818 de
333 2756 393 2818 hoo
417 2755 501 2816 enim
529 2772 604 2815 casu
628 2752 671 2814 nil
694 2751 803 2814 statuit
856 2757 1008 2838 'theologi
1031 2775 1139 2819 omnes
1163 2773 1234 2816 eum
1258 2754 1346 2816 Delb.
1372 2773 1436 2836 333.
1452 2757 1482 2832 8,
1505 2754 1580 2816 dub.
1600 2759 1648 2832 l0,

34 2845 166 2922 1313313,
189 2849 222 2908 33
244 2848 349 2908 cessat
371 2861 484 2920 eausa,
506 2861 576 2924 qum
599 2844 684 2918 erat,
705 2859 744 2901 ne
767 2839 802 2900 li·
855 2851 967 2920 333113
985 2846 1106 2925 lignat,
1123 2849 1145 2908 t.
1161 2848 1191 2921 1,
1208 2863 1283 2906 conr.
1298 2847 1489 2916 11333333.
1503 2852 1604 2924 33331.
1618 2848 1649 2922 3,

34 2929 78 2992 ber
92 2931 314 3012 deprimeretur
332 2931 515 3012 ignoranter
532 2929 651 2992 ducens
664 2945 799 3006 servam,
856 2945 923 2998 sect.
939 2941 977 3008 'l;
994 2935 1087 3013 Kugl.
1103 2953 1162 2995 an.
1179 2935 1233 2994 131
1246 2942 1272 2994 et
1282 2935 1351 3008 314,
1368 2931 1487 2994 311133.
1504 2935 1574 3009 516,
1590 2933 1652 2993 sol-

9 3071 11 3086 2
35 3021 123 3082 13333.
136 3021 152 3100 fi
167 3020 285 3083 Octauo.
856 3023 902 3086 vit
915 3024 1101 3102 argumenta
1122 3019 1291 3081 contraria.
1317 3022 1434 3082 Natant
1456 3019 1552 3080 etiam
1566 3025 1651 3082 reete

9 3107 20 3160 Ι
65 3110 181 3186 1101Ιὶ
196 3111 237 3172 ad
255 3115 382 3189 tempus
401 3111 524 3172 lanium
542 3105 692 3168 liberatus
706 3105 800 3166 servi·
856 3112 970 3174 Bellar.
988 3115 1019 3172 et
1032 3109 1148 3172 Aroud.
1165 3127 1230 3190 333.
1242 3111 1272 3185 4,
1289 3108 1400 3188 idjam
1415 3107 1510 3170 luisse
1524 3108 1555 3168 in
1571 3110 1652 3170 auti-

9 3213 11 3218 ’
36 3201 85 3258 trte
102 3201 202 3276 333133
221 3197 255 3258 13
278 3215 348 3258 eam
367 3196 547 3275 relapsurus
567 3198 624 3270 est,
645 3193 803 3256 3333331113
857 3216 920 3278 333
932 3198 1013 3278 lege,
1031 3216 1104 3259 nam
1117 3199 1199 3260 Esau
1217 3197 1289 3260 Gen.
1306 3201 1345 3258 16
1359 3205 1387 3258 31
1402 3200 1452 3274 18,
1470 3197 1559 3258 duxit
1577 3216 1652 3259 uxo·

37 3284 165 3364 inralide,
189 3287 265 3368 quia
289 3287 392 3367 reipsa
419 3285 572 3348 incumbit
595 3283 623 3345 ei
646 3282 800 3359 servitus,
856 3305 907 3347 res
921 3285 987 3346 sine
1003 3285 1161 3346 voluntate
1175 3289 1360 3364 parentum
1386 3285 1496 3348 Jacob.
1523 3283 1651 3348 1133111

39 3391 90 3453 333
102 3375 268 3455 ignoratur,
286 3377 352 3438 831.
370 3374 446 3436 Gab.
464 3377 574 3436 Avers.
590 3374 609 3452 3
624 3371 745 3447 Onorto.
857 3376 951 3450 3330,
968 3373 1416 3453 duxitsinesoituparontum3
1434 3374 1577 3436 similiter
1591 3378 1653 3437 'lo-

9 3467 22 3544 1
66 3463 115 3542 §a
136 3465 190 3538 Oui
210 3465 363 3546 ignorans
383 3463 470 3525 ducit
484 3480 623 3538 sarnam,
640 3459 803 3522 actualiter
855 3461 924 3524 bias
938 3481 1001 3543 cap.
1016 3466 1047 3540 7,
1064 3481 1121 3524 333
1131 3461 1201 3523 ideo
1213 3461 1394 3541 reprehensi
1409 3467 1498 3537 sunt;
1516 3463 1589 3524 hine
1604 3462 1653 3523 di-

38 3549 684 3632 133313313333113333333111,3333313311
698 3567 800 3624 serva,
857 3549 992 3612 cendum
1013 3556 1063 3611 est
1081 3552 1224 3612 Ganones
1245 3551 1402 3631 antiquos,
1428 3555 1459 3614 et
1477 3553 1562 3632 leges
1577 3551 1652 3616 istas

39 3639 105 3704 ducit
115 3642 222 3704 aalide.
243 3645 269 3704 11
284 3645 409 3718 333133,
425 3641 588 3702 sitantum
603 3637 803 3700 habitualiter
856 3658 914 3720 pro
929 3658 1012 3702 nuno
1027 3658 1094 3701 esse
1109 3659 1128 3701 a
1142 3639 1225 3702 Trrd.
1243 3641 1436 3703 emendatas.

39 3727 338 3810 recompensasse,
359 3735 395 3791 31
412 3729 563 3790 valiturus
578 3731 661 3790 esset
673 3727 800 3803 ducere,
896 3730 952 3809 §2
965 3731 1059 3792 113313
1069 3729 1162 3790 docet
1171 3747 1243 3790 cum
1253 3730 1412 3790 communi
1423 3734 1533 3793 Avers.
1545 3739 1649 3812 quaest.
1680 3748 1720 3794 333

39 3818 155 3894 mamus
174 3818 269 3880 sciret
292 3835 360 3879 esse
380 3835 523 3893 servam,
546 3815 633 3876 ducit
652 3815 800 3892 invalide,
856 3821 887 3894 4,
902 3825 967 3878 root.
983 3819 1014 3893 5,
1030 3821 1140 3878 eontra
1153 3815 1217 3878 Sot.
1229 3816 1307 3878 Noc.
1325 3817 1457 3895 3131133,
1474 3818 1573 3880 filium
1588 3835 1651 3878 non

40 3904 95 3983 3313
113 3905 287 3968 3331331331
306 3921 495 3967 consensum
514 3903 553 3964 de
572 3902 730 3982 33333311,
746 3903 803 3964 sed
857 3905 956 3968 teneri
968 3905 1094 3967 obedire
1105 3904 1226 3985 parenti
1237 3905 1405 3984 imperanti
1415 3909 1534 3968 certum
1546 3905 1654 3968 Matri-

40 3991 135 4054 aarum
154 3993 316 4057 habiturus
336 3992 461 4070 luisset,
478 3991 503 4052 si
519 3991 660 4054 scivisset
673 4009 741 4052 3333
756 3995 804 4053 ta·
857 3993 1018 4066 monium;
1044 3993 1116 4054 hine
1140 3993 1284 4074 quamvis
1307 3993 1441 4056 doceant
1457 3993 1540 4058 Gerr.
1557 3993 1650 4056 Borb.

9 4147 10 4152 ἵ
39 4075 95 4140 lem
108 4081 141 4142 V.
154 4102 235 4146 nam.
251 4086 322 4148 aar.
857 4081 955 4164 Faqn.
981 4087 1013 4145 et
1035 4082 1088 4144 alii
1110 4082 1219 4158 fllium,
1241 4086 1272 4144 ot
1290 4083 1446 4163 precipue
1460 4083 1557 4144 filiam
1579 4099 1653 4162 peo-

9 4169 24 4236 t
69 4167 119 4246 59.
133 4170 161 4233 81
183 4172 264 4236 liber
287 4169 410 4233 duxerit
432 4186 567 4246 sarvam,
593 4173 707 4249 333333
726 4168 804 4231 libe·
859 4190 931 4233 care
952 4171 1126 4234 mortaliter
1147 4171 1360 4233 contrahendo
1385 4176 1494 4235 contra
1512 4172 1654 4234 volunta·

41 4257 218 4333 ramathas
232 4259 289 4320 liat
313 4255 478 4320 liberaillo
493 4255 602 4334 133313,
625 4261 805 4336 33333313-
858 4265 922 4323 tem
957 4264 989 4323 et
1015 4278 1202 4322 consensum
1229 4265 1411 4340 parentum,
1441 4259 1514 4342 quia
1540 4261 1654 4322 horum

9 4353 10 4358 ’
41 4361 145 4406 tanen
157 4351 292 4426 ponente
306 4363 424 4408 novum
446 4363 643 4422 consensum,
661 4346 805 4424 quamvis
859 4367 936 4413 eura
957 4354 989 4410 et
1001 4351 1139 4427 potestas
1154 4347 1301 4426 postulat,
1318 4353 1353 4408 ut
1372 4348 1477 4427 proles
1492 4347 1522 4408 in
1538 4366 1572 4408 re
1587 4352 1654 4410 tam

9 4453 10 4492 3
42 4440 130 4514 33331
146 4435 228 4498 illam
251 4435 368 4497 babere
393 4439 427 4497 ut
449 4433 628 4515 conjugem,
653 4453 716 4496 333
733 4432 804 4494 idco
859 4438 949 4518 gravi
965 4435 1043 4498 nibil
1062 4435 1249 4496 determinet
1262 4438 1373 4496 333133
1386 4453 1496 4498 eorum
1510 4435 1655 4498 volunta·

9 4509 16 4590 1
42 4517 169 4584 runnu
190 4523 434 4599 Matrimonium,
457 4524 532 4602 quia
551 4527 674 4585 tantum
688 4522 805 4602 agitex
860 4532 936 4602 reru,
961 4522 1140 4603 oppositum
1163 4525 1269 4584 333333
1292 4527 1400 4587 tenent
1421 4525 1452 4586 S.
1479 4524 1537 4585 Tb.
1563 4530 1597 4602 1,
1622 4527 1653 4602 1,

43 4606 333 4688 enumeraremus
347 4612 486 4689 invalidi,
504 4612 549 4674 uti
562 4611 753 4692 intelligetur
767 4629 805 4673 ex
860 4620 962 4694 quaest.
985 4613 1023 4673 16
1042 4619 1070 4671 et
1090 4612 1159 4688 164,
1182 4619 1240 4672 ort.
1256 4615 1294 4684 5;
1319 4612 1386 4674 Tol.
1411 4615 1506 4691 Henr,
1535 4611 1652 4675 Sanoh.

9 4709 11 4714 ·
44 4691 156 4760 11333113
176 4719 196 4762 3
218 4719 304 4762 num.
321 4702 391 4776 313,
407 4699 584 4780 docentque
598 4699 806 4761 communiter
860 4699 909 4761 Iit.
925 4702 955 4776 4,
972 4697 1001 4758 d.
1018 4701 1068 4775 13,
1085 4717 1166 4758 nom.
1183 4701 1238 4772 103
1265 4701 1361 4779 Burg.
1382 4709 1455 4762 3331.
1472 4703 1502 4778 3,
1519 4703 1653 4776 333115ς

9 4787 11 4828 ἓ
44 4795 129 4846 onnes
146 4787 345 4854 cumsancb.
371 4787 426 4850 113.
442 4791 472 4856 1.
489 4787 519 4849 d.
536 4790 586 4864 36,
602 4790 757 4850 31113333.
787 4788 806 4868 5
858 4789 958 4850 lirim.
974 4805 1086 4848 arrum.
1103 4789 1171 4863 131,
1197 4787 1272 4866 3313
1286 4788 1371 4849 eirca
1384 4789 1569 4851 electionem
1583 4807 1657 4868 per-

9 4889 11 4902 ²
44 4865 119 4946 11333,
139 4879 244 4938 cantra
265 4877 376 4956 Angel.
395 4879 427 4938 33
449 4875 537 4937 31133.
564 4875 716 4938 stramen
734 4879 806 4954 3333
859 4877 944 4955 33131
959 4879 1069 4952 status,
1086 4877 1344 4938 sustentationem
1366 4877 1485 4957 proprii
1500 4877 1653 4956 eorporis,

9 4989 11 5036 τ
47 4960 178 5037 agnitam
199 4965 293 5028 etiam
317 4965 471 5028 actualem
490 4963 594 5026 adbuc
608 4963 802 5039 servitutem,
858 4964 994 5043 prolium
1014 4963 1261 5043 generationem,
1279 4963 1412 5045 quisque
1427 4969 1572 5027 censetur
1585 4983 1654 5026 essa

9 5053 10 5122 s
46 5042 136 5112 habeat
147 5053 229 5115 velut
237 5053 414 5135 conjugem,
428 5052 718 5134 jamponitnovnm
733 5069 804 5113 eon·
859 5052 906 5114 sui
918 5051 1017 5132 juris;
1035 5055 1066 5114 31
1080 5051 1150 5114 ideo
1166 5053 1198 5114 S.
1212 5054 1290 5114 Bon.
1307 5053 1337 5114 in
1347 5057 1376 5130 4,
1394 5053 1486 5132 3119,
1502 5059 1606 5135 qaoert.
1623 5055 1653 5130 3,

45 5149 155 5217 aarum,
178 5145 209 5202 et
226 5141 359 5204 ratillcat
380 5141 624 5203 Matrimonium.
652 5139 806 5222 633131
858 5161 889 5202 3.
908 5143 956 5217 16,
973 5140 1042 5202 ait:
1061 5159 1118 5221 per
1132 5149 1310 5222 3333331333
1331 5160 1389 5202 333
1406 5149 1502 5222 potest
1515 5149 1603 5223 pater
1618 5139 1659 5202 od

9 5229 12 5298 1
47 5219 90 5284 rrtt.
101 5225 252 5311 deeonjag.
267 5247 378 5292 remor.
859 5227 1086 5290 contrahendam
1106 5247 1172 5290 eam
1194 5227 1309 5290 133331
1328 5228 1496 5310 1113311333
1511 5230 1654 5311 obligare.

9 5299 31 5372 Ρ
76 5309 304 5385 0331313-
325 5316 373 5378 Aa
395 5314 807 5397 matemautensem
860 5321 1007 5380 Attamen
1020 5316 1105 5379 11311.
1122 5326 1150 5379 31
1163 5318 1264 5379 Acerr.
1281 5316 1384 5378 adbuc
1401 5317 1609 5399 distinguunt,
1627 5323 1658 5382 31

9 5375 11 5484 l
47 5396 316 5480 331133313331,
341 5404 368 5465 sr'
381 5403 604 5466 Matrimonium
618 5404 734 5466 ineatur
761 5404 807 5464 r'rr·
861 5406 979 5481 dicunt,
1005 5405 1029 5464 31
1052 5409 1198 5484 33333133
1222 5404 1373 5484 impedire
1397 5403 1494 5468 velint
1518 5407 1558 5469 ab
1573 5407 1657 5472 omni

9 5529 11 5532 -
47 5499 94 5544 roa
104 5488 144 5550 ret
156 5490 255 5554 1331113
262 5491 459 5573 parentibus?
475 5494 565 5571 Resp.
583 5492 644 5572 51.
661 5492 694 5556 S.
710 5490 804 5552 Basil.
861 5491 1070 5572 Matrimonia,
1093 5493 1269 5559 nontaceri
1285 5492 1412 5558 obedire
1428 5511 1501 5555 eum
1516 5497 1658 5580 periculo
