4186 6348
314 537 374 597 406
1022 519 1139 581 mnan
1159 517 1240 580 VIII.

317 726 446 784 ventum
470 718 650 780 dominum.
676 714 738 776 Sed
758 712 826 793 jam
849 706 1112 790 supradiximus,
1169 702 1239 764 dioc
1261 701 1300 762 de
1323 702 1410 780 viris,
1434 704 1489 764 sad
1513 703 1538 763 si
1562 705 1627 764 tam
1642 701 1697 779 illi,
1715 695 1958 780 qnamillaefer-

318 807 508 871 contrariam
536 805 718 884 opinionem
747 819 814 862 esse
842 795 1053 878 probabilem,
1085 797 1116 854 et
1170 793 1240 852 rent
1254 789 1390 870 pretium
1405 791 1445 852 ab
1460 809 1508 866 eo,
1527 789 1578 870 qui
1595 807 1657 851 non
1672 791 1775 868 potest
1790 785 1866 848 talia
1877 783 1960 843 bona

317 901 432 973 tutam,
449 912 551 973 neque
567 894 596 952 iu
613 891 667 952 illa
685 909 763 972 opus
785 906 851 949 esse
875 883 1114 964 compositione.
1174 877 1322 956 alienare,
1348 883 1494 940 tenentur
1517 879 1691 953 restituere,
1715 892 1817 955 neque
1836 888 1961 950 compo-

319 985 411 1047 Circa
437 983 524 1046 bona
551 997 626 1041 vero
660 974 939 1055 naufragantium,
969 970 1116 1034 standum
1170 985 1256 1043 nera,
1273 972 1413 1045 possunt,
1430 967 1489 1028 nisi
1505 966 1662 1044 dominus,
1679 964 1729 1027 cui
1748 959 1893 1024 facienda
1913 977 1962 1019 es·

320 1077 368 1136 est
385 1071 476 1153 juris,
502 1073 533 1130 et
552 1068 649 1129 Bulla
673 1067 705 1127 in
720 1068 816 1128 Coena
838 1061 961 1125 Domini
983 1056 1118 1137 disposi.
1170 1057 1217 1115 set
1231 1053 1396 1131 restitutio,
1413 1053 1626 1134 ignoraretur.

322 1160 472 1222 tionibus.
1210 1141 1355 1203 Decimus
1379 1146 1508 1203 octavus
1529 1159 1644 1202 casus:
1669 1139 1708 1202 Si
1728 1140 1835 1222 alpano
1848 1137 1886 1198 lia
1899 1154 1965 1198 oen-

362 1249 508 1311 Decimns
524 1247 652 1327 quintus
671 1263 782 1306 casus:
798 1241 873 1303 lton
888 1238 917 1300 el
932 1256 988 1319 que
1010 1235 1119 1297 vavrae
1170 1227 1240 1290 dido
1263 1230 1332 1290 uino
1350 1232 1467 1312 opacus
1477 1249 1534 1312 ρον
1545 1249 1635 1314 ριινο,
1652 1250 1668 1290 ο
1684 1228 1799 1291 madido
1812 1247 1865 1291 con
1885 1223 1964 1306 salso

320 1339 432 1420 alpurc
446 1357 463 1397 o
476 1335 601 1417 adpones
615 1353 694 1396 rosas
707 1353 742 1394 en
753 1352 788 1392 sc
799 1329 901 1413 pudor,
917 1327 952 1388 de
966 1341 1113 1408 paeones.
1170 1316 1298 1394 madido,
1315 1337 1331 1378 o
1345 1317 1481 1379 decima
1495 1315 1619 1379 candido
1632 1319 1744 1400 algena
1757 1327 1822 1379 ona
1836 1333 1901 1378 cosa
1914 1332 1966 1374 eon

321 1443 572 1506 operosaeque
594 1442 631 1482 no
642 1420 754 1505 predere
769 1439 816 1482 ser
829 1416 930 1480 avidos
945 1433 1023 1496 puro
1036 1413 1117 1473 resti·
1171 1425 1298 1468 inermes
1312 1426 1402 1488 perca
1431 1427 1447 1468 o
1468 1405 1607 1484 medidus,
1630 1427 1648 1468 o
1676 1406 1800 1468 uendido
1818 1424 1877 1466 unc
1904 1421 1966 1464 cosa

322 1513 387 1574 tair
408 1513 465 1574 selo
484 1511 603 1576 auemdo
626 1530 655 1572 se
671 1507 825 1591 porcello
847 1504 934 1566 lesbo
956 1502 987 1564 Io
1014 1500 1118 1562 debido
1166 1515 1226 1578 ρον
1239 1505 1316 1574 otro,
1334 1495 1520 1574 omezclado,
1534 1495 1783 1578 operaremur
1794 1491 1967 1569 medidatio

322 1600 481 1682 diligendo
501 1601 669 1667 nereaan'u,
694 1617 723 1660 se
738 1596 837 1680 podra
860 1609 1011 1674 componet·
1032 1587 1068 1652 de
1089 1589 1116 1650 lo

322 1709 377 1771 que
392 1689 508 1771 squello
522 1697 663 1750 montore.

364 1781 471 1840 Potest
484 1777 554 1858 quis
569 1777 685 1838 habere
700 1776 807 1854 aliqua
820 1774 905 1836 bona
917 1771 1045 1834 alterius
1060 1785 1115 1848 pro

325 1865 456 1928 diversis
471 1866 578 1942 titulis,
595 1885 624 1927 v.
642 1883 674 1943 g.
692 1862 988 1937 commendationis,
1003 1855 1114 1932 Mutui,

325 1953 611 2033 oppignorationis,
634 1951 789 2032 Depositi,
815 1955 870 2012 aut
890 1947 1021 2029 alicujus
1040 1945 1117 2006 alte-

198 2072 203 2082 ·
325 2041 390 2102 rius
411 2043 600 2117 contractus,
618 2039 648 2100 in
664 2056 726 2119 quo
746 2038 921 2099 dominium
941 2053 1004 2097 non
1018 2039 1117 2096 trans-

327 2129 437 2202 fertur.
453 2130 498 2189 De
514 2127 579 2190 istis
603 2127 698 2206 igitur
716 2127 806 2190 bonis
827 2128 930 2205 potest
949 2123 1017 2184 fleri
1032 2138 1118 2183 com-

328 2215 451 2296 positio,
482 2234 546 2280 nou
570 2219 770 2295 comparente
798 2213 936 2291 domino,
957 2211 1007 2273 oui
1028 2209 1119 2271 resti-

327 2305 445 2368 tuenda
480 2312 579 2383 sunt,
610 2323 668 2367 nec
704 2304 813 2368 habita
840 2322 895 2383 spe
922 2301 1004 2363 illius
1031 2299 1118 2359 inve-

329 2393 445 2456 aiendi.

368 2483 425 2544 Hic
439 2483 666 2544 advertendum
675 2489 732 2561 est,
742 2484 773 2546 id
781 2482 866 2564 quod
880 2480 950 2562 quis
973 2481 1069 2542 habet
1087 2479 1119 2539 in

329 2571 470 2650 deposito
481 2570 635 2652 judiciali,
652 2571 737 2651 quod
752 2575 883 2634 vocatur
900 2567 1116 2650 sequestratio,

328 2659 427 2722 teneri
442 2659 576 2720 reddere
591 2659 647 2728 illi,
664 2679 758 2739 quem
779 2663 796 2722 J
800 2661 881 2720 udex
902 2657 1117 2738 assignaverit,

329 2764 388 2807 nac
412 2745 581 2807 habentem
604 2763 695 2825 posse
714 2765 771 2826 pro
790 2747 975 2810 auctoritate
996 2763 1054 2807 sua
1068 2745 1120 2804 de-

330 2851 485 2912 cernere,
515 2835 642 2896 cuinam
668 2833 722 2896 illa
746 2836 832 2897 bona
858 2834 1012 2896 tradenda
1037 2831 1117 2904 sint;

330 2941 432 3004 neque
447 2923 542 2985 etiam
557 2921 677 3003 exejus
692 2922 820 2986 arbitrio
844 2923 1001 3001 dependet
1019 2920 1122 3000 inqui-

330 3029 412 3079 rere,
429 3027 530 3090 neque
545 3028 656 3071 curare
672 3011 711 3071 da
726 3011 912 3072 inveniendo
928 3010 1065 3072 domino.
1083 3009 1122 3070 nt

330 3097 356 3157 si
370 3095 473 3159 ludex
492 3095 698 3175 assignaverit
720 3097 893 3175 dominum,
920 3103 952 3159 et
973 3097 1044 3158 talis
1067 3097 1121 3157 do·

330 3183 433 3246 minus
461 3202 524 3246 nou
552 3183 741 3261 inveniatur,
764 3190 888 3248 tenatur
909 3185 1121 3266 Depositarius

330 3274 455 3338 madere
480 3273 656 3351 depositum
679 3271 794 3350 iudici,
818 3278 853 3336 ut
880 3274 945 3352 ipso
973 3273 1122 3336 decernat

332 3364 371 3424 de
395 3360 535 3441 deposito
559 3361 584 3422 si
608 3361 648 3423 sit
674 3361 863 3423 faciendum.
889 3361 950 3423 Sed
974 3361 999 3421 si
1020 3361 1122 3425 Judex

332 3457 499 3532 postquam
525 3450 696 3529 assignavit
724 3449 897 3526 dominum,
927 3453 958 3511 et
985 3449 1122 3511 officium

333 3559 426 3604 suum
445 3538 600 3617 explevit,
627 3557 689 3602 nou
712 3538 826 3617 repetit
852 3537 1038 3617 depositum,
1068 3539 1123 3600 sed

334 3626 510 3692 committit.
531 3626 726 3706 Depositario
748 3644 857 3688 curam
883 3625 1067 3688 restituendi
1087 3625 1124 3686 il·

1170 1581 1336 1644 sabiendoo
1358 1584 1447 1665 quien
1468 1603 1498 1644 ee
1516 1582 1652 1646 devidere
1666 1579 1799 1660 veredido,
1814 1600 1843 1642 se
1855 1578 1967 1663 praedm

1170 1691 1334 1753 componor.

1212 1761 1307 1822 Casus
1323 1759 1376 1821 hic
1393 1763 1440 1822 est
1462 1759 1644 1838 latissimus,
1670 1763 1701 1822 et
1724 1759 1756 1820 in
1777 1763 1912 1822 tractatu
1930 1757 1967 1817 dc

1171 1847 1383 1910 Restitutione
1399 1847 1570 1909 videndum
1586 1852 1642 1926 est,
1661 1847 1787 1929 quando
1806 1847 1846 1909 ob
1870 1845 1968 1907 dictas

1172 1938 1204 1997 et
1218 1935 1339 1996 similes
1354 1934 1480 1997 fraudes
1495 1939 1639 1997 teneatur
1663 1935 1733 2014 quis
1747 1934 1924 2009 restituere,
1939 1937 1970 1994 et

1172 2023 1299 2102 quando
1324 2023 1466 2084 excusari
1486 2023 1596 2100 possit.
1622 2021 1753 2094 Quando
1774 2038 1850 2083 vero
1877 2019 1969 2083 resti-

1170 2118 1260 2173 tuere
1274 2117 1431 2190 teneatur,
1448 2111 1563 2190 poterit
1577 2109 1734 2189 componi,
1753 2109 1779 2172 si
1794 2115 1901 2172 certus
1915 2109 1970 2172 do·

1171 2200 1277 2262 minus
1290 2202 1466 2281 ignoretur.

1403 2501 1664 2565 navlcubus
1688 2503 1731 2564 ll.

1359 2697 1514 2780 Conclusio
1547 2697 1636 2775 bajus
1665 2694 1779 2758 Batia.

1215 2908 1379 2972 Concludit
1392 2908 1517 2970 Bullam
1530 2907 1770 2970 commissarius
1786 2910 1946 2972 Generalis
1962 2929 1969 2970 :

1174 2999 1207 3062 E
1207 3021 1227 3060 n
1242 2999 1283 3061 los
1296 3017 1385 3076 casos,
1401 3017 1422 3080 y
1437 3016 1516 3059 cusos
1532 3016 1587 3080 que
1607 3017 1625 3058 c
1645 2997 1699 3080 qui
1706 2997 1973 3079 portiruformente

1175 3110 1213 3152 no
1226 3107 1285 3150 van
1299 3086 1498 3168 expressados,
1514 3095 1624 3148 attenw
1647 3106 1703 3168 que
1724 3087 1755 3148 la
1776 3087 1928 3168 sceultud,
1952 3111 1972 3171 y

1174 3176 1325 3240 comission
1339 3194 1358 3236 a
1371 3175 1433 3237 Nos
1454 3174 1542 3252 doda,
1558 3195 1579 3257 y
1594 3173 1748 3236 conredido
1759 3193 1821 3256 ρον
1837 3195 1873 3237 su
1892 3178 1972 3240 Son·
2083 3191 2084 3202 ¹

1176 3267 1292 3330 triades
1304 3266 1433 3347 peccel,
1449 3286 1469 3347 y
1484 3263 1691 3346 comprehende
1711 3273 1790 3326 otrus
1803 3283 1868 3327 mos
1880 3285 1970 3342 cosm,

1176 3385 1211 3428 en
1224 3383 1279 3446 que
1291 3383 1320 3424 se
1330 3361 1426 3444 paeda
1446 3361 1533 3423 bosa
1553 3360 1584 3422 la
1607 3359 1694 3423 diedo
1714 3361 1927 3442 composition,
1943 3363 1973 3425 ln

1175 3453 1332 3516 remitineos
1353 3451 1387 3515 al
1408 3451 1534 3512 arbitrio
1555 3449 1590 3511 de
1613 3449 1656 3510 Ios
1677 3448 1871 3531 Confessores,
1894 3471 1972 3534 ρανα

1176 3561 1233 3625 pue
1254 3539 1324 3603 ellos
1350 3557 1431 3600 como
1451 3537 1580 3600 Medicus
1602 3537 1802 3620 espiritnoles,
1827 3537 1973 3622 digamis

1183 3629 1320 3692 declarare
1334 3648 1353 3691 a
1366 3647 1415 3690 sus
1431 3626 1591 3708 pereitentes
1608 3625 1643 3688 de
1659 3625 1727 3688 todo
1742 3627 1771 3688 Io
1785 3646 1841 3708 que
1857 3647 1895 3690 en
1913 3631 1976 3690 uir-

333 3717 398 3795 lud,
412 3715 479 3797 jam
494 3718 569 3777 tunc
578 3713 755 3792 depositum
770 3719 911 3777 remanet
925 3714 956 3776 in
970 3718 1123 3793 potestate

1180 3718 1236 3781 tud
1246 3718 1281 3780 de
1293 3725 1352 3780 estc
1367 3714 1473 3790 Bulla,
1485 3713 1625 3794 facultad
1633 3713 1803 3796 Apostoliea
1814 3734 1843 3776 se
1855 3716 1972 3796 podron

333 3802 531 3885 Depositarii,
556 3805 707 3880 munnam
730 3801 755 3862 si
781 3800 925 3864 dominus
951 3802 1018 3882 ipse
1042 3820 1125 3866 oom-

1178 3829 1331 3894 eomponer
1342 3827 1419 3890 puro
1442 3805 1471 3867 el
1494 3805 1640 3887 deaarpo,
1658 3805 1867 3887 ysotissaeion
1881 3805 1917 3870 de
1929 3827 1974 3868 sus

333 3891 556 3956 mandavisset.
581 3891 669 3950 Tunc
693 3889 719 3950 si
747 3888 891 3952 dominus
915 3909 977 3953 non
1000 3907 1126 3970 compa·
1179 3901 1301 3977 animas,
1317 3893 1540 3981 proncieneias,
1558 3893 1657 3956 demas
1671 3893 1706 3956 de
1720 3893 1762 3954 los
1774 3911 1853 3956 casos
1866 3913 1903 3956 en
1916 3903 1974 3954 esta

334 3986 412 4060 reat,
428 3980 524 4042 babet
537 3978 641 4040 locum
656 3977 850 4057 compositio.
1180 3988 1278 4052 Bulla
1292 3983 1473 4048 declarativa.

367 4070 512 4134 Decimus
526 4071 630 4129 sextus
645 4083 735 4128 casus
752 4085 759 4126 :
785 4065 826 4128 Se
841 4066 952 4148 paeden
974 4087 1127 4151 compones
1219 4080 1363 4155 Longum
1378 4076 1460 4135 esset
1473 4070 1648 4134 discurrere
1662 4072 1843 4148 percuncta
1857 4070 1972 4148 officis,

334 4161 370 4224 de
383 4159 426 4220 los
440 4155 528 4219 dunos
548 4173 604 4236 que
616 4171 645 4214 se
667 4171 686 4214 α
706 4173 727 4235 y
749 4151 836 4214 decdo
858 4151 989 4217 admodo
1009 4177 1028 4217 a
1047 4175 1123 4233 rosc,
1181 4169 1263 4228 artas
1278 4167 1310 4224 at
1322 4160 1498 4236 facultates,
1510 4161 1545 4220 ut
1554 4157 1730 4220 diceremus
1745 4175 1846 4234 casus,
1864 4158 1897 4218 in
1907 4158 1976 4239 qui-

334 4267 434 4312 eoraus
455 4243 601 4328 penedos,
626 4239 699 4303 ode
721 4249 921 4304 ortrcmonera
943 4244 1060 4306 uesieu
1084 4245 1127 4312 los
1180 4253 1240 4314 bns
1267 4250 1432 4310 teneantur
1459 4243 1625 4305 restituero
1653 4244 1685 4302 et
1706 4258 1896 4320 componere
1920 4261 1976 4324 per

333 4356 421 4422 pones
434 4357 454 4419 y
468 4335 551 4397 oinos
564 4351 643 4394 como
656 4350 691 4392 en
704 4338 783 4391 ciros
795 4330 985 4412 quatesquier
1005 4332 1128 4396 uereda-
1181 4339 1297 4415 Bullas,
1314 4335 1358 4411 hi,
1383 4333 1497 4416 quibus
1511 4333 1590 4394 tales
1604 4333 1688 4393 artes
1703 4335 1735 4392 et
1748 4331 1852 4394 officia
1871 4331 1976 4410 probi·

334 4426 465 4501 nimios,
485 4442 523 4484 nc
535 4419 668 4483 saliendo
682 4439 701 4482 a
713 4418 800 4500 quien
818 4437 848 4480 se
867 4419 986 4482 duviere
998 4421 1086 4484 lano
1099 4421 1128 4484 el
1181 4430 1305 4490 bantur.
1322 4425 1367 4484 De
1382 4422 1441 4484 hac
1455 4421 1588 4482 materia
1602 4421 1739 4480 tractant
1758 4419 1884 4497 blando,
1901 4417 1973 4500 disp.

336 4515 422 4576 dono
439 4513 535 4576 Casus
550 4508 601 4570 bic
615 4525 673 4586 per
685 4524 719 4567 se
738 4509 834 4585 patet.
1181 4519 1234 4590 35;
1250 4515 1387 4577 loannes
1401 4507 1553 4572 Machado
1569 4509 1676 4570 tumst.
1687 4503 1869 4586 DePerlert.
1885 4505 1973 4588 Cous.

373 4599 520 4664 Decimus
534 4592 684 4674 septimus
698 4612 788 4656 casus
800 4614 807 4655 :
820 4593 915 4658 Todas
929 4595 973 4658 los
986 4617 1126 4680 mcperes,
1183 4607 1292 4666 Petrus
1307 4599 1346 4660 de
1362 4600 1493 4674 Onnate,
1507 4604 1577 4658 torn.
1595 4599 1624 4672 l,
1636 4593 1821 4656 decontroct.
1840 4596 1894 4676 qui
1910 4613 1976 4658 om-

335 4709 392 4774 que
403 4707 461 4752 noa
473 4704 524 4748 son
536 4684 751 4768 pudlr'roneente
763 4683 812 4746 des
825 4685 963 4754 acestes.
979 4705 1008 4746 se
1018 4687 1130 4767 pceden
1184 4709 1239 4751 nes
1255 4683 1479 4749 eruditissime.

336 4794 499 4857 caupones,
519 4773 555 4834 de
576 4770 735 4854 qualquier
755 4771 856 4834 dinero
879 4791 896 4833 o
917 4793 980 4855 cys,
1000 4793 1056 4855 que
1074 4794 1130 4855 por
1222 4778 1263 4839 Ut
1285 4775 1427 4854 regulam
1449 4789 1595 4852 propono
1614 4791 1620 4832 :
1637 4772 1771 4835 Cunctos
1786 4773 1976 4850 professores

336 4883 423 4926 causa
435 4881 482 4926 sea
495 4860 630 4922 decimu
644 4858 793 4928 raidida:
811 4881 832 4942 y
847 4859 890 4922 los
902 4861 1043 4938 Ιιοννιὺννε,
1058 4863 1085 4924 si
1095 4863 1131 4924 de
1184 4863 1309 4935 artium,
1327 4865 1391 4924 tam
1406 4860 1583 4922 liberalium
1599 4875 1696 4939 quam
1710 4859 1974 4936 mechanicarum,

337 4970 479 5034 mergeres,
494 4967 599 5032 quens
612 4948 705 5009 elenen
719 4947 857 5026 maridas,
873 4969 902 5010 se
917 4949 1033 5031 peredeo
1055 4971 1130 5013 rom·
1184 4953 1242 5013 hos
1269 4949 1378 5025 etiam,
1409 4949 1462 5030 qui
1498 4947 1688 5027 Reipublicae
1716 4947 1835 5010 habent
1862 4949 1974 5026 officia,

335 5059 430 5123 pouer
438 5057 494 5120 per
508 5037 539 5099 la
552 5036 655 5098 mesina
668 5055 767 5099 razon.
1184 5041 1373 5103 Mercatores
1384 5041 1415 5099 et
1425 5053 1478 5099 eos
1488 5037 1543 5116 qui
1558 5037 1779 5118 quodcumque
1800 5040 1977 5100 contractus

378 5127 437 5190 Hic
459 5144 549 5188 casus
572 5125 712 5204 loquitur
732 5124 765 5184 in
788 5123 935 5203 opinione
958 5143 1130 5203 paucorum
1184 5145 1284 5208 genus
1298 5128 1454 5202 exercent,
1470 5141 1561 5205 posse
1585 5125 1734 5202 compdni
1748 5141 1805 5203 per
1823 5124 1928 5186 Bullas
1947 5125 1977 5183 et

340 5214 547 5278 asserentium
556 5230 617 5274 uon
632 5231 723 5291 posse
733 5212 876 5290 feminas,
887 5232 957 5293 qua
967 5213 999 5276 in
1009 5215 1130 5278 occulto
1186 5212 1277 5274 eximi
1292 5212 1332 5274 ab
1347 5210 1535 5291 obligatione
1550 5209 1746 5286 restituendi,
1770 5227 1827 5288 pro
1852 5206 1976 5272 defecti·

340 5303 473 5384 turpiter
486 5303 606 5378 vivunt,
626 5301 755 5379 referre,
773 5319 830 5362 nec
844 5301 980 5364 retinere
994 5321 1051 5382 pro
1066 5307 1132 5367 tur·
1185 5303 1244 5364 bus
1263 5301 1294 5362 in
1309 5299 1500 5379 obligatione
1524 5316 1654 5360 suarum
1676 5297 1904 5376 professionum
1924 5302 1977 5358 aut

340 5391 481 5472 pitudina
505 5389 660 5468 pretium;
690 5389 746 5451 sed
769 5407 841 5450 cum
861 5389 1056 5468 probabilius
1078 5389 1129 5470 sit,
1186 5389 1404 5470 negotiorum,
1434 5387 1461 5448 si
1490 5387 1636 5467 ignorent
1671 5385 1796 5447 cuinam
1828 5385 1977 5448 debeatur

343 5497 446 5562 posse,
470 5495 532 5540 non
557 5481 651 5558 egent
677 5477 913 5559 compositione.
936 5479 1026 5551 Quod
1042 5478 1130 5542 idem
1185 5477 1350 5554 restitutio,
1375 5493 1433 5538 nec
1454 5475 1513 5555 ipsi
1538 5473 1654 5556 injuste
1670 5471 1881 5554 processerint
1894 5472 1926 5534 iu
1940 5470 1976 5531 fi·
