3946 6346
322 599 377 658 tot
632 596 656 654 Ο

322 780 453 846 ejusdem,
465 781 493 830 in
510 779 781 844 auiiragiis'lacicnda
796 783 835 830 661
849 779 1069 830 commemoratio
1079 778 1112 829 de

324 851 351 903 B.
364 853 393 903 V.
405 852 497 912 llaria,
511 853 540 902 D.
553 850 740 901 1810166166
755 851 788 899 de
804 852 910 913 Sancto,
922 852 998 914 cujus
1013 850 1114 900 haben·

321 927 366 973 tur
380 923 499 984 insignes
513 921 644 984 lleliquiar
660 921 688 970 in
703 921 831 983 Ecclesia,
847 921 889 970 rel
904 923 962 984 eius
976 919 1113 981 sacristia,

322 995 375 1043 dici
391 996 487 1057 potest,
502 994 519 1043 l.
535 995 558 1055 6,
575 1009 599 1057 p.
615 995 640 1054 2,
654 1008 669 1042 a
684 1007 711 1042 n.
723 995 777 1054 818,
789 993 821 1043 66
833 995 859 1044 Β.
872 993 1006 1044 Stanislao
1018 991 1113 1052 llostlra

322 1063 445 1114 Oitlcium
463 1078 478 1112 a
494 1065 700 1128 quibuscunque
715 1063 906 1113 Sacerdotibus
924 1063 956 1112 66
974 1061 1115 1114 Societatis

321 1133 398 1184 JESU
425 1133 553 1184 Ecclesiae
574 1133 775 1182 continentibus
797 1133 905 1182 recitari
931 1133 1018 1197 potest
1047 1131 1115 1181 16616

323 1207 380 1270 ejus
393 1206 453 1266 die3
468 1218 523 1254 non
539 1209 630 1254 tamen
647 1203 681 1254 de
700 1205 728 1254 B.
747 1203 855 1267 rtlcysia
879 1203 991 1254 recitare
1017 1202 1115 1266 poterit

323 1276 447 1326 Officium
470 1275 598 1327 Sacerdos
621 1275 765 1337 amentatis,
782 1275 828 1339 qui
850 1275 919 1326 testo
943 1276 1000 1339 6166
1020 1273 1064 1323 616
1088 1274 1115 1321 16

324 1347 491 1396 1166161666
517 1345 653 1395 incidente
679 1343 786 1395 llissam
809 1345 842 1394 66
867 1359 898 1395 66
922 1343 1031 1408 legeret,
1054 1344 1071 1394 l.
1092 1343 1116 1407 l,

322 1415 480 1466 6181686
496 1415 618 1467 Oliicium
634 1416 828 1466 6616661666
845 1417 872 1465 16
887 1415 930 1466 616
949 1415 1115 1476 animarum,

324 1486 474 1536 secundum
497 1499 669 1536 communem
694 1489 734 1536 est
759 1486 889 1548 obligatio
909 1486 1009 1550 gravia,
1035 1485 1116 1534 etiarn

325 1572 372 1622 pro
388 1557 451 1617 illis,
466 1557 512 1619 qui
528 1558 642 1607 utuntur
659 1556 797 1606 Breviaric
817 1557 936 1606 Romano
955 1575 961 1605 ι
982 1555 1117 1605 sententia

325 1627 458 1679 contraria
479 1628 507 1675 in
526 1628 602 1690 praxi
622 1640 676 1676 uon
692 1627 799 1676 videtur
812 1627 877 1676 satis
892 1630 959 1686 tuta,
974 1640 990 1674 a
1005 1639 1032 1675 n.
1049 1627 1116 1676 1888.

325 1700 447 1750 Officium
459 1695 899 1760 6616661666]66116666666161
918 1700 1005 1760 potest
1019 1697 1117 1760 pridie3

325 1768 426 1820 66666
450 1767 613 1818 bisintinum
633 1781 681 1832 pro
705 1768 749 1818 die
772 1769 932 1818 animarum
957 1779 1014 1816 non
1037 1767 1119 1816 debet

325 1839 378 1888 dici
394 1837 490 1902 pridie,
506 1838 551 1888 sed
567 1837 627 1902 ipso
641 1837 694 1899 616,
711 1837 730 1888 l.
744 1840 768 1900 6,
783 1851 809 1902 6.
824 1840 848 1900 2,
860 1851 886 1888 n.
897 1839 957 1888 2⁰55
968 1857 975 1899 ;
987 1838 1017 1887 l).
1028 1839 1067 1900 88,
1078 1839 1117 1900 81,

326 1923 352 1958 6.
369 1909 439 1958 8866.
674 1921 677 1928 ’

357 1979 449 2028 Olilcia
463 1981 538 2029 varia
554 1981 581 2029 et
595 1979 689 2030 ltlissae.
708 1980 737 2030 V.
754 1979 862 2030 Festum.

357 2049 452 2110 Qualia
467 2049 559 2099 Olticia
574 2053 600 2100 et
615 2051 724 2114 quando
740 2051 847 2100 recitari
862 2049 986 2101 debcant.
1003 2051 1033 2102 V.
1045 2053 1119 2104 llorre

327 2121 466 2172 Canonicoe.

357 2190 480 2242 Officium
491 2189 683 2240 Dedicationis.
695 2191 725 2242 V.
737 2189 874 2241 Dedicatio.

357 2261 447 2314 Otllcia
463 2265 650 2327 susceptorum
665 2261 796 2313 ordinum
812 2264 885 2314 varia
900 2265 973 2326 sunt,
989 2263 1005 2314 l.
1021 2265 1045 2328 6,
1058 2277 1082 2330 p.
1094 2267 1118 2328 2,

326 2347 353 2384 n.
368 2335 439 2383 8811.

279 2393 284 2401 ’
358 2404 608 2466 (11661661661616,
624 2403 731 2466 llledici,
747 2404 870 2470 Chirurgi
887 2411 980 2470 petens
994 2411 1043 2457 aut
1059 2423 1119 2458 aas·

327 2475 430 2539 cipiens
445 2475 565 2538 indigne,
576 2475 598 2523 si
614 2475 753 2538 probabile
769 2475 813 2535 sit,
830 2477 892 2526 inde
907 2478 1028 2530 notabile
1043 2479 1118 2529 daur·

259 2595 261 2600 .
327 2559 393 2596 num
424 2547 539 2610 proximi
563 2549 728 2610 secuturum,
752 2553 846 2612 peccat
869 2551 1031 2616 mortaliter,
1054 2553 1071 2604 1.
1095 2555 1119 2617 l,

328 2619 440 2668 61188.

258 2717 259 2721 =
358 2688 650 2738 016666666616166.
668 2689 699 2740 V.
718 2691 841 2740 Extrema
857 2693 950 2742 tinctio.

360 2758 475 2809 Omissis
490 2760 608 2822 partium
626 2759 654 2808 in
671 2759 750 2810 llissa
772 2761 879 2823 quando
902 2763 937 2812 sit
956 2764 1078 2826 mortale,
1094 2767 1121 2815 et

329 2829 438 2894 quando
453 2828 559 2880 veniale
574 2831 689 2880 1661661.
705 2829 736 2881 v.
752 2832 838 2882 1111666.

359 2901 473 2951 Omissis
498 2913 623 2970 quaenam
649 2901 781 2968 invalidet
803 2903 916 2956 sormam
944 2907 1119 2966 Sacramenti,

329 2970 360 3022 V.
376 2971 576 3032 Sacramentum,
592 2973 747 3036 Baptismus,
762 2974 935 3038 Confirmatio,
951 2979 1001 3027 etc.

360 3041 520 3092 Omissionis
534 3046 682 3106 peccatam.
700 3043 733 3096 V.
748 3045 937 3096 commissionis
951 3051 1088 3113 peccatum.

671 3177 786 3228 onnus.

359 3265 431 3316 Nulli
445 3269 625 3330 preterquam
642 3268 720 3331 Papa
735 3267 840 3320 licitum
857 3273 906 3332 est,
923 3271 950 3322 in
966 3273 1121 3336 provisions

327 3335 415 3386 allum
436 3349 505 3386 onus
525 3335 614 3398 lteala,
635 3338 676 3388 vel
695 3338 836 3388 Personale
857 3339 956 3392 addere
976 3343 1119 3410 Beneficio,

328 3403 372 3454 vel
394 3403 488 3468 aliquo
514 3419 624 3470 augere,
648 3407 720 3471 quod
751 3421 783 3458 ex
810 3408 970 3462 fundatione
998 3413 1038 3463 illi
1066 3431 1121 3471 non

329 3475 401 3526 inest
418 3494 425 3524 ι
441 3489 489 3540 pro
508 3491 604 3540 magna
627 3481 718 3529 tamen
742 3479 858 3530 utilitate
882 3482 1007 3534 Ecclesia
1033 3491 1122 3549 potest

328 3545 476 3609 Episcopus
491 3546 634 3609 Beneficio,
649 3548 715 3597 darn
733 3553 935 3610 vaesanorum
959 3567 1028 3604 onus
1050 3558 1122 3622 adji-

330 3628 405 3676 cere,
421 3616 493 3678 quod
511 3629 571 3666 cum
588 3617 722 3668 Beneficio
738 3619 865 3668 transibit
877 3621 910 3686 66
929 3623 1120 3692 providendos,

330 3689 392 3746 eta,
414 3685 431 3735 l.
456 3687 480 3747 l,
503 3701 530 3736 6.
553 3689 609 3749 668,
632 3690 686 3740 811.
709 3689 740 3741 v.
758 3689 905 3754 Episcopus.
927 3693 1015 3746 Onera
1039 3699 1121 3750 etiam

323 3758 385 3822 pia,
396 3763 422 3807 61
432 3770 492 3820 quaa
506 3757 640 3808 Beneficio
655 3757 748 3810 insunt
763 3760 868 3824 exigere
884 3763 934 3814 sub
948 3777 1018 3816 novo
1033 3772 1120 3832 paeto,

330 3827 466 3878 ordinarie
485 3832 526 3878 est
544 3829 675 3889 struente,
691 3843 718 3879 n.
735 3832 896 3896 61866666
915 3847 963 3897 per
980 3839 1121 3903 praescrip·

331 3899 434 3948 tionem
460 3897 527 3959 tolli,
549 3898 591 3949 vel
610 3899 735 3966 accedere
757 3904 879 3966 possunt,
893 3916 910 3953 a
923 3918 950 3954 6.
965 3909 1019 3957 852.
1035 3909 1122 3960 Ouera

332 3969 413 4019 etiarn
434 3969 462 4019 in
480 3973 639 4034 perpetuam
654 3971 745 4022 reduci
760 3977 872 4036 possunt
887 3975 922 4025 ab
937 3977 1083 4043 Episcopis,
1099 3983 1122 4032 61

331 4039 453 4092 redditus
467 4053 522 4090 noa
538 4042 593 4092 sint
610 4041 727 4106 amplius
750 4041 913 4094 sufficientes
935 4047 970 4096 ad
994 4060 1024 4097 ea
1043 4063 1124 4114 praes-

331 4111 423 4172 16666,
438 4123 465 4160 6.
481 4113 534 4162 881.

325 4233 329 4238 ,
363 4181 448 4232 Onera
465 4181 605 4234 Missurum
623 4197 656 4234 ex
673 4184 776 4248 legatis,
794 4185 837 4236 661
855 4187 1038 4254 Eleemosynis
1057 4207 1124 4246 con.

333 4256 417 4304 tracta
431 4257 492 4318 6661
507 4253 705 4318 Tridentinum,
721 4269 771 4306 nec
785 4256 918 4322 Episcopi,
934 4273 983 4310 nec
998 4263 1122 4331 rtbbaaes,

326 4327 380 4380 ‚aut
399 4323 540 4374 Generales
562 4325 693 4376 Ordiaum
717 4327 845 4378 reducere
869 4335 992 4392 possunt,
1007 4334 1051 4384 sed
1076 4349 1124 4402 pro

333 4391 388 4442 illis
405 4394 597 4444 recurrendum
616 4399 658 4446 est
675 4397 796 4458 Romam,
812 4397 879 4448 ibid.
897 4399 957 4450 Non
970 4404 1011 4451 est
1024 4403 1125 4468 obliga·

334 4463 373 4513 tio
382 4463 416 4514 66
428 4462 513 4514 ullum
524 4479 602 4528 onus,
614 4467 637 4516 si
648 4481 703 4518 uno
712 4481 784 4518 anno
795 4469 844 4519 toti
854 4469 956 4521 tructus
971 4481 1124 4540 emaneant3

334 4534 357 4583 si
377 4547 410 4584 er
430 4537 503 4605 parte
523 4539 638 4597 tantum,
652 4539 695 4602 est
713 4537 842 4602 obligatio
865 4554 913 4604 pro
936 4547 1008 4607 rata,
1024 4547 1071 4598 sed
1090 4549 1125 4601 ad

336 4606 495 4670 Episcopum
509 4611 611 4670 spectat
625 4607 795 4660 imminuere.
812 4623 838 4660 n.
854 4613 908 4662 855.

658 4733 804 4786 orantur.

366 4834 405 4884 16
420 4834 588 4898 operandum
602 4837 686 4899 licite,
701 4853 755 4889 non
771 4839 918 4904 requiritur
933 4843 1068 4906 judicium
1083 4846 1130 4896 di·

336 4908 439 4954 rectum
464 4905 497 4954 de
519 4904 622 4958 licitate
640 4913 725 4967 actus,
741 4911 785 4959 666
810 4909 909 4960 striduit
929 4913 1063 4976 judicium
1087 4930 1128 4967 re·

335 4975 435 5024 lteram
450 4975 485 5025 66
498 4975 688 5040 probabilitate
706 4979 802 5043 judicii
819 4980 926 5043 directi,
944 4983 960 5032 Ι.
978 4986 999 5044 1,
1015 4999 1041 5034 6.
1057 4988 1110 5036 881.

522 5107 711 5171 ornaturae,
726 5109 800 5161 Sll'E
816 5111 939 5162 OPlFEX.

354 5214 546 5277 Operarii,sive
557 5213 734 5280 opitluas,v.g.
744 5220 869 5278 sartores,
879 5221 993 5278 satores,
1001 5224 1061 5282 616,
1070 5235 1129 5284 pcc-

327 5285 407 5344 .cant,
415 5285 437 5333 si
445 5287 538 5348 jurant
548 5297 575 5334 66
586 5285 633 5335 1611
643 5285 688 5336 616
699 5301 766 5351 6666
776 5287 1026 5354 perfecturos,quod
1039 5292 1128 5342 sciunt

338 5354 392 5414 (661
415 5353 553 5416 66611661)
578 5369 633 5406 666
653 5357 833 5407 1616666161
852 5359 913 5422 6166
928 5361 1048 5410 mutarim
1068 5361 1126 5411 eri·

335 5427 410 5488 gant,
428 5437 510 5488 quam
525 5425 607 5476 61166
623 5439 690 5489 6666
705 5421 1136 5501 6666666666,661661166611·ι

338 5494 415 5565 66166
429 5497 569 5560 momenti,
585 5508 644 5562 qua
663 5496 817 5571 supersunt,
831 5499 966 5556 retineant
984 5502 1042 5560 6166
1058 5517 1126 5564 cop·

977 595 1094 657 tanna·
1120 591 1289 656 cusabat.
1628 593 1652 652 Ο

1169 791 1250 829 sensa
1272 779 1380 830 1166161
1398 798 1404 830 r
1427 779 1449 828 si
1468 779 1541 830 6166
1559 779 1656 830 testam
1676 792 1726 844 per
1743 792 1780 840 se,
1798 778 1841 828 661
1862 792 1907 844 per
1922 779 1954 828 la·

1169 849 1256 900 marles
1270 863 1333 900 suos
1347 849 1451 900 violent
1461 850 1518 900 sine
1532 850 1607 914 gravi
1619 850 1809 912 66666,616.,1
1821 853 1849 912 1,
1859 865 1885 900 6.
1897 853 1954 902 rats

1169 920 1263 984 Opiter
1291 933 1346 970 non
1362 925 1451 984 potest
1466 921 1598 984 surripere
1612 921 1718 984 aliquid
1732 921 1766 970 66
1786 935 1956 984 compensan-

1168 991 1234 1040 dum
1249 991 1379 1052 laborem,
1391 992 1434 1040 eui
1450 995 1529 1054 putat
1543 1005 1598 1041 non
1609 991 1820 1055 correspondere
1835 991 1955 1056 aeqnalen

1169 1061 1332 1123 mercedem,
1347 1062 1363 1111 l.
1383 1064 1407 1122 3,
1428 1075 1454 1112 6.
1474 1063 1527 1112 818.
1549 1062 1707 1114 1116666116
1726 1063 1954 1128 666166666ιί611-

1169 1137 1238 1194 cest,
1253 1132 1332 1182 debet
1348 1145 1404 1183 esse
1420 1137 1510 1183 certus
1523 1133 1557 1182 dc
1573 1133 1685 1197 injuria,
1699 1147 1727 1182 n.
1743 1135 1798 1184 811.
1814 1134 1844 1184 Si
1860 1137 1954 1196 propter

1170 1207 1366 1267 paupertatem,
1377 1208 1486 1254 coactus
1496 1205 1531 1254 sit
1546 1205 1644 1269 pacisci
1661 1217 1711 1268 pro
1725 1205 1857 1268 inaequali
1871 1207 1953 1269 pretia,

1171 1287 1225 1322 non
1249 1273 1313 1324 iicet
1336 1274 1376 1324 illi
1394 1275 1499 1324 occulta
1524 1276 1727 1338 campeanam
1749 1289 1778 1326 6.
1799 1277 1857 1326 815.
1876 1275 1954 1339 Opiter

1171 1345 1326 1396 Catholicae
1343 1345 1451 1395 lanrulis
1466 1347 1605 1396 llarreticis
1625 1347 1705 1396 66166
1720 1347 1817 1410 peritis
1833 1347 1905 1397 licite
1917 1359 1956 1409 66·

1171 1415 1249 1478 66611
1262 1428 1355 1464 carnes
1374 1415 1402 1465 in
1421 1415 1643 1480 Quadragesima,
1658 1418 1680 1466 si
1699 1418 1769 1467 alias
1789 1418 1879 1470 nolint
1896 1419 1955 1481 6666

1172 1485 1262 1549 ipsum
1276 1499 1384 1536 manere
1399 1491 1427 1536 et
1439 1487 1511 1537 absit
1525 1488 1694 1549 scandalum,
1709 1488 1727 1538 L
1746 1491 1772 1550 8,
1788 1503 1815 1540 n.
1829 1491 1884 1541 288.

1204 1558 1288 1620 Opera
1303 1557 1399 1608 diebus
1414 1558 1563 1610 Dominicis
1581 1563 1609 1609 et
1627 1559 1704 1610 lestis
1718 1565 1865 1625 praecepta,
1879 1562 1955 1627 probi·

1172 1627 1239 1688 bita,
1255 1628 1374 1690 servilia,
1389 1629 1516 1692 forensia,
1532 1633 1581 1680 ete.
1597 1631 1629 1680 V.
1644 1631 1779 1681 Fastorum
1792 1631 1932 1684 6866166166

1204 1700 1289 1764 Opera
1305 1701 1495 1763 satisnctoris,
1509 1702 1640 1765 requisita
1661 1703 1696 1753 ad
1722 1704 1905 1768 indulgentias
1922 1706 1955 1756 la·

1173 1770 1295 1832 orandas,
1311 1771 1353 1821 661
1365 1771 1520 1823 16611666.
1533 1772 1565 1824 V.
1580 1772 1759 1838 ladaipentioe.

1382 1885 1486 1938 OPERA
1506 1881 1767 1940 sartsracrotint.

1205 1976 1290 2041 Opera
1307 1977 1397 2026 nostra
1412 1989 1468 2026 aaa
1491 1979 1556 2026 sant
1571 1980 1678 2028 tantum
1694 1980 1881 2042 connitimur!
1894 1985 1955 2045 (6166

1173 2046 1347 2109 presentiam
1368 2046 1447 2096 nobis
1469 2047 1643 2110 applicantur
1666 2049 1767 2100 merita
1786 2050 1900 2113 Christi,
1920 2054 1954 2102 aa

1174 2123 1238 2168 sant
1253 2131 1315 2168 vera
1329 2129 1409 2167 causa
1426 2119 1577 2180 meritoria,
1594 2121 1765 2183 possuntque
1784 2121 1820 2170 de
1838 2123 1955 2186 condigna

1174 2201 1231 2240 esse
1248 2188 1393 2239 satisfactio
1411 2201 1458 2252 pro
1479 2203 1557 2253 poena
1577 2191 1722 2254 temporati
1739 2193 1862 2254 peccatis
1879 2195 1955 2243 (666-

1173 2260 1211 2310 616
1225 2259 1327 2320 666116,
1344 2263 1406 2322 etc,
1421 2260 1438 2309 l.
1454 2261 1478 2321 6,
1494 2275 1519 2324 p.
1535 2263 1559 2320 2,
1577 2275 1592 2310 a
1607 2275 1634 2311 n.
1647 2263 1717 2312 1862.
1729 2265 1830 2326 Opera,
1846 2265 1873 2313 in
1887 2277 1955 2328 (666·

1174 2330 1682 2392 1666661666616616616,6666616666
1694 2333 1827 2396 poenalia,
1837 2347 1853 2384 6
1862 2349 1888 2384 n.
1903 2337 1953 2385 raet

1174 2401 1270 2454 Omnia
1298 2414 1380 2464 opera
1410 2401 1548 2450 meritoria
1576 2403 1658 2456 etiam
1687 2407 1754 2452 sunt
1783 2403 1953 2462 6611616666,

1175 2487 1201 2522 6.
1223 2474 1291 2522 1886.
1316 2473 1414 2536 Opera.
1435 2477 1465 2522 61
1481 2472 1536 2521 6161
1558 2473 1749 2534 satisfactoria,
1770 2476 1915 2539 requiritur
1930 2487 1953 2525 rr

1175 2546 1250 2608 parte
1266 2543 1404 2607 operantis
1419 2543 1554 2606 imprimis
1574 2548 1661 2594 status
1679 2545 1754 2606 61116,
1776 2545 1875 2596 661666
1888 2551 1955 2596 statas

1174 2615 1279 2678 gratiae,
1290 2627 1316 2662 n.
1335 2615 1403 2663 1881.
1419 2615 1453 2664 Ut
1467 2614 1522 2662 sint
1536 2614 1715 2664 satisfactoria
1730 2617 1765 2666 da
1781 2617 1911 2680 condigno
1922 2631 1954 2666 re·

1175 2683 1294 2748 quiritur
1310 2697 1344 2733 ex
1361 2685 1436 2746 parte
1455 2683 1554 2747 operis,
1569 2687 1600 2734 61
1619 2685 1675 2736 sint
1691 2686 1861 2748 voluntaria,
1879 2687 1953 2746 libera.

1175 2753 1314 2804 moraliter
1330 2754 1411 2815 bona,
1426 2755 1514 2818 posita
1532 2768 1565 2804 ex
1586 2754 1679 2820 aliqua
1699 2757 1799 2807 saltem
1824 2759 1953 2808 intentione

1174 2824 1367 2894 satisfaciendi,
1378 2825 1605 2889 supernaturalia,
1616 2829 1667 2876 etc.
1684 2827 1723 2878 Ex
1737 2832 1816 2894 parte
1827 2831 1873 2880 Dei
1886 2830 1954 2894 reqr'e

1176 2895 1399 2966 6161-6661616616
1414 2897 1447 2946 de
1461 2897 1629 2961 acceptando
1643 2912 1726 2962 opere
1743 2900 1774 2966 iu
1795 2901 1876 2952 8666
1891 2903 1952 2968 satis-

1175 2967 1310 3027 factionis,
1325 2981 1340 3016 a
1355 2981 1382 3016 n.
1399 2969 1466 3018 1888.
1483 2969 1569 3035 Opera
1584 2972 1676 3020 nostra
1690 2971 1882 3032 satisfactoria,
1894 2965 1952 3025 ante·

1176 3051 1257 3102 qnam
1271 3037 1346 3098 ilaal,
1361 3042 1473 3102 possunt
1486 3039 1618 3103 applicari
1632 3041 1748 3102 alteri,a
1764 3057 1794 3093 n.
1811 3045 1878 3094 1821.
1888 3043 1952 3094 &aa

1175 3109 1304 3173 applicari
1330 3112 1441 3172 possunt
1464 3109 1611 3174 ignoranti,
1635 3111 1752 3176 nolenti,
1778 3117 1841 3178 ete,
1859 3128 1883 3164 n.
1901 3115 1972 3172 last,

1176 3181 1203 3232 Si
1220 3179 1274 3238 ille,
1285 3180 1330 3230 cni
1344 3179 1525 3242 applicantur,
1539 3181 1576 3230 sit
1588 3181 1705 3246 incapax
1720 3183 1763 3233 rel
1783 3185 1818 3234 iis
1831 3198 1885 3236 non
1898 3184 1952 3233 iadi-
1971 3185 1972 3206 ¹

1174 3251 1245 3315 geat,
1261 3249 1439 3313 probabiliter
1451 3250 1543 3300 statim
1557 3265 1574 3300 a
1590 3251 1644 3302 Oea
1660 3253 1822 3304 conceditur
1834 3255 1909 3306 alieni
1920 3269 1951 3306 a·

1175 3321 1303 3382 tisiactio,
1318 3321 1374 3370 slva
1389 3322 1462 3382 6166,
1481 3322 1539 3372 6166
1563 3322 1703 3384 defuncto,
1721 3320 1874 3379 'secundam
1891 3328 1952 3378 iater-
1970 3373 1971 3386 ,

1176 3391 1336 3457 pretativam
1351 3391 1518 3442 voluntatem
1533 3391 1661 3442 lactentis
1677 3406 1771 3458 opera,
1787 3411 1815 3445 n.
1832 3393 1951 3448 18881161
1969 3389 1971 3454 1

1176 3467 1216 3516 661
1234 3463 1323 3526 gravis
1340 3461 1471 3526 obligatio
1485 3463 1518 3512 ad
1539 3463 1596 3525 illa,
1611 3478 1667 3514 non
1687 3471 1753 3516 sunt
1777 3472 1868 3518 tamen
1886 3468 1950 3531 negt·
1969 3473 1971 3510 i

1174 3535 1272 3598 ganda,
1288 3533 1316 3582 in
1331 3531 1382 3582 hae
1397 3534 1460 3594 rita,
1482 3547 1509 3585 n.
1531 3537 1601 3585 1811.
1623 3537 1775 3586 Honestam
1795 3545 1836 3590 est
1853 3543 1879 3592 et
1894 3540 1949 3596 6116

1176 3605 1222 3666 illa
1235 3603 1370 3668 applicare
1386 3603 1531 3664 defunctis,
1550 3619 1577 3656 n.
1595 3607 1696 3667 18866
1713 3621 1741 3657 6.
1766 3612 1835 3660 1886.
1853 3610 1949 3675 166116-

1176 3677 1215 3727 tio
1229 3675 1275 3726 illa
1290 3674 1348 3726 iteri
1371 3675 1459 3739 potest
1480 3676 1569 3738 alteri,
1589 3679 1717 3740 quamvis
1736 3679 1947 3746 1666166666

1175 3746 1357 3798 satislactiona
1382 3746 1439 3809 ipsa
1464 3745 1594 3810 indigeat,
1619 3761 1646 3798 a.
1676 3751 1746 3802 1888.
1771 3753 1859 3816 Opera
1880 3753 1948 3800 66161

1175 3816 1367 3869 antecedenter
1392 3815 1471 3877 taeta,
1494 3821 1587 3879 postca
1611 3817 1721 3882 trasna,
1744 3821 1825 3872 alteri
1847 3817 1946 3873 1666161·

1176 3887 1287 3947 bantar,
1303 3899 1330 3936 n.
1348 3887 1416 3936 1888.
1433 3885 1521 3936 Etiam
1542 3899 1624 3950 opera
1645 3893 1709 3951 post
1723 3896 1850 3952 mortem,
1863 3891 1947 3950 sibirp

1176 3957 1300 4026 plicando
1316 3955 1465 4007 invalidas
1480 3957 1588 4008 vivente
1604 3971 1677 4012 nanc
1693 3961 1867 4024 applicantur
1878 3960 1943 4016 nasi

1178 4044 1205 4080 6.
1221 4027 1288 4079 1881.
1305 4027 1333 4080 61
1348 4027 1474 4078 66661166
1492 4041 1571 4078 suum
1591 4043 1660 4091 opus
1678 4032 1799 4096 applicet
1816 4037 1901 4084 saum
1913 4044 1944 4093 ¹?

1177 4100 1352 4165 plicationem
1367 4096 1530 4161 Superioris,
1549 4099 1652 4162 poterii
1671 4115 1784 4166 peccare
1805 4101 1943 4154 cantuale

1178 4170 1321 4229 dientism,
1335 4169 1382 4218 sed
1397 4167 1499 4218 subditi
1513 4169 1661 4232 applicatio
1676 4173 1843 4236 praestabit,
1858 4189 1881 4224 n.
1894 4171 1941 4224 itit

1210 4238 1313 4300 Quibus
1336 4237 1490 4298 animabus,
1513 4239 1650 4302 quomodo
1673 4245 1701 4292 et
1722 4256 1783 4306 qnae
1799 4242 1941 4308 operantis·

1178 4310 1289 4362 16616616
1304 4309 1359 4359 11116
1377 4308 1472 4358 6111166
1489 4309 1661 4373 applicentur
1681 4317 1708 4364 et
1727 4317 1843 4367 maxime
1858 4314 1941 4379 616611·

1179 4387 1229 4433 616.
1245 4380 1275 4430 V.
1292 4379 1418 4442 Defuncti.

1211 4451 1329 4517 opinans
1343 4451 1413 4501 circa
1428 4449 1623 4514 obligationem
1637 4454 1807 4508 restituendi.
1818 4457 1847 4508 1.
1864 4451 1939 4507 url-

1517 4574 1637 4626 OPlNlO.

1213 4666 1311 4731 Opinio
1335 4666 1363 4716 in
1386 4679 1485 4730 genere
1508 4673 1549 4720 est
1569 4669 1706 4733 judicium
1730 4660 1858 4724 16661616
1874 4671 1937 4722 aaa

1176 4739 1284 4796 ,motivo
1298 4737 1415 4799 lallibili,
1431 4739 1473 4788 vel
1489 4740 1636 4803 infallibili,
1661 4743 1709 4793 sed
1729 4757 1784 4796 non
1806 4745 1902 4807 cognita
1918 4741 1938 4805 11

1183 4808 1240 4869 1611,
1257 4813 1317 4870 eto,
1329 4810 1346 4860 l.
1359 4812 1381 4870 1,
1400 4823 1426 4860 6.
1442 4813 1481 4862 88.
1497 4811 1557 4862 Alia
1572 4815 1614 4864 est
1627 4813 1785 4876 probabilis,
1801 4814 1853 4865 alia
1867 4815 1937 4874 inae

1182 4879 1290 4941 babilis,
1301 4880 1354 4930 alia
1365 4879 1540 4944 speculativa,
1559 4883 1614 4932 alia
1633 4885 1759 4947 practica,
1775 4899 1800 4934 n
1813 4887 1850 4936 86.
1864 4880 1935 4934 aab

1177 4948 1245 5000 bilis
1260 4949 1333 4999 varie
1352 4949 1492 5012 delinitur,
1514 4947 1738 5003 cammunissima
1757 4959 1844 5004 satam
1864 4951 1937 5002 dicit!

1179 5017 1314 5082 judicium
1329 5019 1470 5083 incertum,
1491 5022 1583 5072 nitens
1601 5023 1704 5074 motivo
1721 5023 1838 5076 absolute
1858 5029 1881 5072 st
1898 5029 1934 5072 r*

1182 5089 1287 5151 6661166
1304 5090 1389 5152 gmui,
1404 5103 1418 5138 a
1436 5105 1462 5139 6.
1480 5093 1532 5140 188.
1551 5093 1714 5154 Probabilis,
1731 5107 1775 5143 sen
1789 5106 1846 5156 quaa
1866 5089 1934 5140 masa

1181 5159 1283 5208 motivo
1297 5161 1383 5222 gravi,
1400 5165 1440 5211 est
1453 5165 1531 5212 actus
1547 5164 1678 5226 prudens,
1696 5179 1713 5214 a
1727 5179 1751 5214 n.
1767 5157 1933 5214 6666666118

1176 5229 1267 5293 magis
1282 5245 1309 5281 66
1324 5231 1406 5281 habet
1422 5231 1456 5281 ad
1471 5246 1575 5294 rernm,
1591 5247 1674 5296 quam
1687 5237 1721 5285 ad
1734 5235 1833 5293 161666,
1855 5247 1879 5283 n.
1898 5229 1932 5280 ill·

1180 5302 1239 5351 Non
1262 5301 1343 5351 lrabet
1364 5315 1392 5352 66
1417 5302 1603 5354 indifferenter
1625 5306 1659 5354 ad
1685 5319 1773 5356 veram
1787 5307 1811 5354 ct
1825 5301 1932 5356 1616661

1180 5386 1207 5422 6.
1232 5373 1288 5421 881.
1312 5372 1462 5425 Probabilis
1490 5373 1569 5435 16166,
1592 5388 1654 5440 quar
1672 5377 1766 5428 nititur
1789 5369 1933 5440 pudentes

1179 5435 1255 5497 gravi
1271 5436 1386 5498 motivo,
1400 5435 1497 5488 metior
1515 5441 1566 5498 est,
1583 5451 1666 5501 quarn
1682 5438 1832 5502 ignaramb,
1851 5449 1876 5484 n·
1894 5427 1930 5502 li}

1181 5501 1331 5563 Probabisrs
1344 5505 1398 5560 aiis
1413 5509 1453 5564 est
1470 5506 1616 5564 intrinsece
1641 5509 1712 5574 16116,
1734 5510 1806 5580 cujas
1825 5503 1931 5558 mna·
