3986 6350
319 527 403 619 ras'
1023 559 1138 622 ureae
1159 560 1211 621 rx.

319 742 500 823 poenitente,
526 744 618 807 liceat
640 744 793 825 quidquid
813 743 915 824 sigillo
931 746 1114 807 Sacramen-
1169 744 1420 822 Sacramentalis,
1446 744 1489 806 ita
1510 747 1546 808 ut
1566 743 1649 806 illius
1663 763 1740 808 usus
1754 745 1939 824 invitopceni-

319 829 374 890 tali
389 830 561 910 obligatum
576 836 633 908 est,
646 850 844 912 quacumque
860 833 980 895 ratione
995 834 1113 913 absque
1166 837 1252 894 tenta
1266 852 1390 913 semper
1400 832 1509 895 haberi
1525 833 1640 896 debeat
1653 832 1791 895 illicitus.
1807 834 1940 894 arctae
1988 855 1991 914 p

319 919 472 998 sacrilego
496 920 634 982 facinore
655 919 820 982 revelare:
846 921 878 980 in
900 939 962 1000 quo
979 922 1115 983 differta
1168 921 1401 982 observandum
1424 925 1472 982 est
1494 920 1663 1001 diligentur
1677 921 1770 982 islam
1784 921 1940 982 facultatem
1989 923 1991 948 ³

319 1007 453 1068 naturali
465 1008 673 1070 confessionis
683 1011 857 1081 secretum;
875 1027 947 1069 nam
959 1009 1034 1070 illud
1044 1027 1114 1088 pro·
1168 1010 1371 1089 apoenitente
1395 1010 1564 1089 petendam
1585 1028 1648 1071 nou
1669 1028 1750 1086 esse,
1776 1009 1834 1070 nisi
1853 1014 1941 1087 aperte

319 1094 394 1156 dere
416 1095 534 1157 bonum
562 1096 733 1175 publicum,
762 1097 919 1176 privatum
945 1096 1114 1158 incommo-
1168 1098 1320 1159 concodat
1333 1097 1364 1157 in
1380 1097 1447 1179 ejus
1458 1103 1513 1159 aut
1525 1098 1658 1158 aliorum
1668 1097 1846 1159 utilitatem.
1858 1099 1940 1176 Atque

320 1181 405 1258 dum,
431 1182 588 1262 ipsiusque
604 1183 744 1246 auctoris
760 1187 1017 1260 emolumentum,
1034 1201 1115 1261 pras-
1167 1183 1212 1244 sic
1227 1185 1270 1246 uti
1285 1204 1323 1246 ea
1344 1185 1438 1247 debet
1461 1185 1687 1263 confessarius,
1713 1189 1749 1246 ut
1762 1185 1892 1246 maxime
1903 1203 1941 1246 ra·

319 1267 426 1329 sertim
441 1269 465 1329 si
481 1269 520 1330 ad
532 1270 644 1332 animm
656 1272 789 1331 salutem
800 1277 929 1349 spectet,
945 1270 1113 1350 aliquando
1166 1275 1239 1333 veat
1249 1291 1287 1332 no
1297 1273 1474 1334 reverentia
1484 1274 1590 1334 debita
1601 1274 1807 1334 Sacramenta
1817 1271 1939 1347 ladatur,

319 1355 363 1418 ita
377 1375 434 1418 uos
448 1358 541 1437 cogit,
569 1362 603 1420 ut
625 1363 699 1422 tunc
714 1360 808 1421 celari
823 1359 891 1422 siue
906 1365 1035 1440 peccato
1050 1378 1113 1422 uon
1168 1376 1246 1420 neve
1263 1358 1315 1420 alii
1331 1376 1369 1420 eo
1384 1377 1443 1420 usu
1458 1358 1570 1420 violari
1583 1357 1721 1439 sigillum
1735 1357 1883 1437 suspicari
1895 1357 1942 1418 ullo

319 1444 428 1524 possit.
1167 1447 1262 1510 modo
1276 1447 1406 1526 possint.

358 1536 387 1594 3.
407 1533 683 1612 Religiosissimum
699 1536 774 1598 illud
784 1535 823 1596 de
834 1536 928 1598 rebus
943 1535 975 1596 in
990 1535 1113 1598 confes·
1207 1535 1262 1596 llis
1285 1535 1455 1614 praemissis
1478 1534 1554 1597 Dico
1570 1538 1599 1598 l.
1620 1535 1720 1614 Sigilli
1736 1535 1808 1614 lege
1821 1537 1943 1596 tenentur

318 1620 406 1682 sione
421 1623 536 1684 auditis
560 1625 718 1687 silentium
738 1643 757 1686 a
776 1623 897 1686 christo
913 1624 1042 1687 Domino
1059 1625 1112 1686 Sa·
1166 1621 1186 1682 ii
1203 1640 1322 1698 omnes,
1340 1623 1394 1701 qui
1408 1622 1458 1682 vel
1472 1641 1528 1702 per
1542 1641 1587 1700 se,
1612 1623 1662 1684 vel
1676 1641 1734 1702 per
1748 1621 1828 1682 alios
1841 1639 1875 1681 ex
1887 1637 1943 1680 con·

318 1711 469 1772 crementi
491 1714 682 1776 Poenitentioe
706 1719 833 1774 auctore
857 1712 915 1774 fuit
939 1711 1109 1774 indictum:
1166 1708 1299 1769 fassione
1323 1708 1563 1784 sacramentali,
1598 1707 1699 1788 qualis
1736 1706 1878 1786 superius
1905 1704 1943 1766 de

317 1796 350 1857 id
365 1798 453 1877 quasi
464 1819 521 1862 suo
533 1794 605 1882 jure
616 1802 834 1882 exigenteipsa
844 1801 1029 1862 sacramenti
1040 1819 1111 1862 con·
1166 1797 1284 1875 scripta
1298 1797 1366 1874 luit,
1382 1796 1428 1858 rei
1443 1795 1593 1877 cujusque
1602 1795 1661 1858 sub
1675 1795 1815 1876 sigillum
1827 1793 1942 1856 cadentis

318 1885 435 1947 ditione
459 1893 552 1969 atque
576 1896 699 1952 natura.
727 1891 844 1954 Odiosa
862 1890 945 1951 enim
959 1889 1060 1969 magis
1075 1907 1111 1951 ac
1167 1885 1378 1963 cognitionem
1392 1885 1576 1947 hauserunt.
1598 1887 1708 1964 ltaque
1722 1882 1940 1965 hujusmodise

316 1975 449 2038 molesta
470 1977 551 2040 foret
573 1981 742 2057 Confessio,
769 1999 865 2060 quam
880 1981 960 2041 ferat
973 1978 1112 2039 humana
1166 1975 1251 2034 creto
1275 1971 1463 2052 obligantur.
1486 1973 1750 2034 {confesarius
1774 1973 1852 2052 ipse,
1866 1971 1941 2034 eliam

316 2063 487 2142 fragilitas;
517 2066 542 2127 si
566 2073 753 2146 cogerentur
775 2067 883 2128 fideles
906 2083 1110 2146 quecumque
1165 2061 1265 2122 lictus¹
1283 2064 1312 2122 2.
1330 2060 1479 2140 Superior
1492 2061 1546 2140 qui
1561 2081 1580 2123 a
1594 2060 1773 2124 Poeniteuta
1793 2079 1849 2140 pro
1863 2078 1941 2122 reser-

317 2150 459 2230 crimina,
486 2169 620 2233 quorum
643 2155 687 2216 rei
711 2159 794 2232 sunt,
820 2156 900 2216 ultro
923 2153 1108 2232 adaperire,
1165 2149 1245 2210 vatis
1255 2149 1397 2211 auditur:
1415 2151 1493 2210 Nam
1503 2149 1529 2210 si
1540 2148 1757 2213 confessarius
1773 2150 1840 2228 ipse
1853 2149 1941 2210 eaden

317 2239 437 2317 possint
450 2245 555 2302 autem
570 2243 749 2305 sacerdotes
760 2241 877 2304 autalii
892 2241 1022 2321 quilibet
1036 2240 1111 2320 ipsis
1165 2238 1205 2298 de
1226 2257 1320 2300 causa
1343 2237 1430 2298 illum
1454 2236 1632 2313 conveniat,
1650 2237 1746 2299 debet
1770 2235 1941 2298 hauddubie

317 2325 421 2388 invitis
431 2345 469 2389 ea
479 2329 570 2390 certis
579 2331 611 2390 in
622 2330 747 2392 casibus
757 2331 931 2409 divulgare.
945 2331 1024 2390 Nam
1038 2347 1110 2390 cum
1164 2325 1346 2405 poenitentis
1361 2343 1476 2387 nomen
1492 2328 1610 2404 tegere,
1633 2325 1879 2404 necquidquam
1890 2340 1941 2384 om-

317 2413 377 2474 hoc
390 2414 458 2493 ipso
474 2433 552 2478 onus
570 2437 627 2497 per
640 2437 673 2480 se
687 2418 908 2497 gravissimum
923 2435 985 2478 non
1000 2417 1111 2479 leviter
1165 2413 1239 2474 nino
1263 2413 1414 2492 proferre,
1445 2432 1483 2474 ex
1514 2430 1576 2493 quo
1605 2412 1659 2476 ille
1685 2412 1831 2493 dignosci
1853 2411 1939 2492 possit.

316 2507 553 2582 aggravaretur,
579 2512 646 2567 tum
671 2510 753 2568 asset
771 2506 855 2586 quod
866 2505 937 2586 jure
951 2504 1060 2566 fideles
1074 2505 1110 2566 ti·
1165 2504 1194 2564 3.
1212 2502 1270 2575 Oui
1286 2503 1379 2564 Sacro
1390 2499 1942 2582 Tribunaliproximuspeccotumali·

315 2593 681 2672 merentnopraescripti
692 2593 814 2655 silentio
825 2593 938 2654 limites
947 2611 1002 2653 seu
1011 2598 1110 2654 teme·
1165 2590 1250 2671 quod
1273 2588 1463 2669 poenitentis,
1494 2608 1550 2650 seu
1578 2589 1653 2652 data
1676 2607 1788 2668 opera,
1811 2608 1864 2650 seu
1883 2607 1940 2650 mac

316 2677 401 2738 raria
415 2679 585 2759 Religione‚
607 2699 661 2742 seu
676 2680 853 2761 ignorantia
867 2698 1007 2760 persepe
1022 2699 1109 2743 exce·
1164 2681 1286 2740 tantum
1309 2677 1445 2756 audivit.
1468 2680 1498 2739 l.
1523 2679 1552 2740 ls
1574 2677 1624 2738 cui
1648 2678 1809 2740 Sacerdos
1836 2677 1940 2739 alteriue

317 2765 489 2828 donentur:
516 2786 577 2848 quo
601 2770 700 2845 lieret,
728 2773 762 2831 ut
781 2769 822 2830 ab
836 2787 895 2829 usu
909 2769 988 2830 adeo
1004 2787 1109 2829 neces-
1164 2765 1409 2841 Confessionem,
1435 2764 1500 2826 sive
1524 2764 1627 2826 scions
1643 2769 1675 2826 et
1688 2765 1812 2842 volens,
1827 2764 1942 2826 sivein·

316 2852 391 2913 sarii
404 2853 571 2916 animabus
593 2856 740 2918 curandis
763 2856 905 2932 remedii,
923 2855 1109 2935 proditionis
1164 2853 1303 2932 prudens
1330 2852 1538 2925 revelaverit3
1569 2853 1623 2933 qui
1652 2853 1749 2916 etiam
1776 2851 1940 2933 gravissimo

316 2943 418 3001 metus
439 2960 500 3002 non
521 2961 593 3005 raro
608 2945 758 3022 plurimos
773 2944 956 3006 deterreret.
974 2943 1029 3006 Cui
1046 2948 1109 3004 tam
1164 2940 1293 3001 crimine
1308 2959 1341 3002 se
1357 2940 1532 3021 obstringit,
1556 2941 1582 3000 si
1597 2941 1629 3001 in
1644 2941 1828 3021 hujusmodi
1842 2939 1940 3002 revela-

315 3029 405 3109 gravi
420 3029 617 3092 incommodo
632 3051 690 3111 per
703 3032 821 3093 nullam
842 3032 891 3093 lex
906 3033 1017 3095 secreti
1033 3051 1109 3093 nun·
1163 3029 1282 3091 tionem
1304 3028 1487 3091 consentiat.
1514 3033 1545 3090 5.
1570 3029 1617 3093 llli
1638 3047 1749 3092 coram
1764 3030 1874 3110 quibus
1886 3046 1941 3108 poc·

316 3135 411 3197 quarn
420 3118 573 3180 violabilis
586 3137 693 3180 creare
707 3124 819 3199 potest.
1164 3124 1234 3179 cata
1247 3117 1442 3180 confessario
1465 3117 1665 3178 manifestata
1678 3121 1754 3179 sunt
1770 3139 1778 3179 :
1806 3123 1839 3179 ut
1851 3117 1874 3178 si
1886 3115 1941 3196 quir

354 3209 384 3266 l.
411 3205 554 3286 Sigillum
574 3209 783 3270 confessionis
798 3211 900 3287 potest
914 3207 981 3268 sine
996 3207 1108 3269 delicto
1164 3205 1346 3266 imminente
1361 3204 1529 3284 naufragio
1545 3205 1609 3268 alta
1622 3223 1699 3266 voce
1714 3207 1823 3268 multis
1836 3205 1940 3268 audica

314 3292 462 3371 rescindi,
486 3296 608 3375 quoties
631 3298 798 3358 accesserit
818 3296 998 3375 poenitentis
1012 3297 1110 3358 facul·
1163 3293 1247 3354 tibus
1270 3291 1495 3354 conscientiam
1518 3310 1608 3352 suam
1622 3293 1821 3356 confessario
1834 3308 1940 3372 aperue-

314 3386 374 3444 tas.
400 3384 477 3444 cum
500 3385 584 3444 enim
607 3383 675 3465 ejus
695 3385 892 3464 potissimum
914 3385 1016 3464 gratia
1031 3403 1110 3446 onus
1164 3380 1214 3442 rit.
1231 3384 1261 3443 6.
1286 3380 1425 3443 lectiam
1442 3379 1496 3460 qui
1511 3399 1531 3442 a
1544 3382 1742 3444 confessario
1758 3401 1797 3442 ex
1811 3381 1941 3462 peaniten-

314 3469 390 3530 illud
411 3471 573 3533 Sacerdoti
588 3472 769 3551 impositum
784 3471 834 3548 sit,
860 3477 963 3550 potest
976 3473 1042 3532 sine
1057 3490 1109 3532 cu·
1163 3470 1203 3531 tis
1217 3485 1369 3530 consensu
1386 3468 1571 3532 consulitur.
1592 3474 1622 3532 'l.
1639 3471 1785 3550 Denique
1798 3471 1939 3548 interpres,

310 3555 461 3636 jusquam
483 3557 598 3638 injuria
618 3559 690 3638 jure
706 3577 762 3620 suo
778 3559 962 3636 concedere,
986 3578 1057 3620 cum
1073 3560 1110 3621 li·
1164 3557 1189 3618 si
1213 3573 1275 3637 quo
1300 3557 1456 3634 poenitens
1476 3555 1509 3617 in
1524 3557 1722 3620 confessione
1736 3557 1877 3619 facienda
1889 3559 1941 3615 ula·

313 3645 428 3707 buerit.
457 3649 565 3726 Neque
586 3652 660 3709 tunc
685 3648 747 3708 ullo
771 3648 864 3708 modo
885 3647 987 3708 bonor
1001 3649 1109 3710 Sacra·
1163 3651 1225 3709 tur.
1243 3644 1333 3706 llatio
1358 3644 1471 3706 borum
1495 3645 1635 3707 omnium
1660 3649 1707 3706 est
1722 3645 1940 3708 manifestus

314 3737 421 3794 mento
450 3734 574 3796 debitus
601 3737 760 3797 violatur:
792 3735 866 3796 inde
895 3737 978 3796 enim
1006 3737 1109 3815 potius
1163 3735 1213 3797 cui
1230 3733 1314 3794 enim
1328 3751 1366 3794 ex
1387 3751 1461 3794 mox
1483 3733 1648 3812 appellatis
1666 3733 1779 3794 liceret
1793 3729 1939 3794 confessio

314 3821 391 3882 illud
415 3821 445 3882 in
461 3824 768 3884 commendationem
784 3841 877 3903 quam
897 3823 927 3882 in
945 3823 1051 3884 odium
1065 3827 1109 3886 at·
1164 3825 1212 3884 nis
1227 3826 1383 3884 secretum
1408 3821 1570 3900 evulgare,
1591 3821 1659 3902 jam
1677 3827 1901 3884 sacramentum
1915 3817 1938 3876 io

314 3927 376 3989 que
397 3913 613 3989 contemptum
637 3911 824 3983 adducitur;
849 3911 875 3970 si
899 3910 1027 3990 quidem
1047 3929 1108 3972 non
1164 3912 1269 3975 odium
1294 3910 1518 3988 adduceretur,
1544 3917 1576 3972 et
1597 3912 1639 3974 ab
1667 3927 1704 3972 eo
1729 3911 1939 3974 deterrerentur

312 4002 445 4076 possunt
467 3993 706 4061 Sacramentum
729 3998 908 4080 hujusmodi
923 3999 1031 4059 fideles
1046 4016 1108 4059 non
1163 4000 1282 4061 fideles.

313 4087 414 4164 magis
438 4088 542 4148 facero
564 4105 601 4148 ac
622 4088 770 4164 revereri,
793 4105 865 4148 cum
880 4087 1108 4171 noverintpoc-
1203 4089 1279 4151 Dico
1303 4091 1332 4150 a.
1358 4091 1445 4150 lnter
1465 4089 1520 4150 illa
1543 4104 1613 4168 qua
1636 4085 1669 4148 in
1692 4086 1938 4148 confessionem

313 4178 383 4236 cata
398 4193 468 4254 quae
482 4175 513 4234 in
528 4175 580 4236 illo
597 4175 758 4238 Sacerdoti
777 4174 1025 4252 committuntur,
1042 4181 1107 4235 tam
1163 4177 1291 4238 diuntur
1305 4181 1361 4238 aut
1375 4195 1413 4238 ex
1430 4195 1467 4238 ca
1481 4179 1728 4255 cognoscuntur,
1752 4174 1851 4254 sigillo
1863 4173 1940 4232 inter·

313 4262 459 4341 religioso
483 4264 606 4326 silentio
630 4283 696 4325 esse
719 4264 865 4342 tegenda,
892 4268 926 4324 ut
944 4282 1040 4341 penos
1054 4279 1109 4323 coe
1163 4263 1246 4324 cludi
1262 4263 1421 4325 censenda
1434 4269 1507 4326 sunt
1529 4261 1704 4342 sequentia.
1721 4265 1770 4324 Ac
1786 4266 1814 4322 l.
1829 4257 1938 4332 Quidem

312 4349 396 4411 solos
419 4351 459 4412 eit
473 4351 597 4412 illorum
612 4351 834 4413 revelationem
850 4369 869 4412 a
883 4351 1035 4430 sacrilego
1050 4351 1108 4412 cri·
1163 4351 1268 4412 omnia
1282 4349 1411 4412 letbalia
1428 4355 1496 4413 tum
1520 4350 1552 4410 in
1566 4349 1683 4428 specie,
1700 4353 1770 4412 tum
1787 4349 1818 4409 in
1831 4359 1935 4428 genere.

312 4437 396 4498 mine
411 4455 564 4500 consensu
582 4457 638 4499 suo
653 4439 825 4500 vindicare.
1161 4443 1191 4502 2.
1209 4441 1353 4516 Peccata,
1365 4436 1677 4500 omnialevianonin
1686 4455 1807 4516 genere
1821 4433 1936 4514 quidem,

352 4527 409 4586 llic
424 4529 530 4587 autem
553 4525 730 4604 poenitentis
745 4545 916 4587 consensus
930 4525 1024 4588 debet
1039 4545 1107 4588 csse
1162 4529 1218 4588 scd
1232 4529 1264 4588 in
1278 4527 1393 4606 specie.
1411 4531 1439 4588 3.
1457 4525 1571 4589 Omnia
1580 4525 1731 4606 adjuncta
1746 4528 1936 4605 peccatorum,

312 4612 440 4674 omnino
454 4615 656 4691 spontaneus,
682 4631 739 4674 nec
762 4613 949 4693 importunis
963 4614 1106 4676 sollicita·
1161 4616 1338 4697 cujusmodi
1356 4619 1428 4677 sunt
1441 4612 1624 4693 paenitentis
1638 4613 1670 4673 in
1686 4613 1820 4674 crimine
1832 4608 1897 4672 socii
1908 4623 1938 4666 aa

312 4700 461 4776 tionibus,
477 4701 576 4762 multo
590 4701 694 4762 minus
708 4703 819 4763 fraude
834 4702 883 4762 vol
898 4702 991 4762 minis
1006 4709 1106 4764 exter
1161 4705 1341 4785 participes,
1364 4703 1446 4764 sicut
1467 4707 1500 4764 et
1522 4701 1599 4766 vitia
1624 4701 1731 4762 omnia
1744 4707 1813 4762 tum
1827 4701 1935 4770 aarum,

311 4793 377 4862 tus;
393 4793 461 4850 tum
472 4789 567 4850 etiam
576 4790 729 4852 discretus
740 4795 834 4871 atque
845 4791 990 4853 disertus.
1004 4794 1106 4864 Quare
1161 4798 1228 4855 tum
1253 4792 1382 4872 originis
1406 4795 1438 4852 et
1455 4789 1620 4866 natalium,
1636 4808 1707 4869 quae
1722 4807 1789 4850 una
1802 4804 1868 4850 cum
1880 4799 1937 4862 pet·

312 4897 351 4938 nc
365 4881 441 4939 tunc
456 4878 584 4956 quidem
598 4879 736 4958 sigillum
750 4879 927 4940 rescindere
943 4881 1105 4942 Sacerdoti
1161 4879 1239 4942 catis
1253 4878 1453 4940 declarantur
1467 4876 1662 4948 necessario;
1679 4876 1743 4938 imo
1759 4879 1792 4938 et
1801 4886 1937 4955 quacum·

312 4965 358 5026 fas
381 4969 440 5040 est,
466 4981 538 5025 cum
561 4965 733 5043 prudenter
746 4965 903 5026 existimat
918 4966 1037 5044 pcccati
1052 4966 1106 5026 ali·
1162 4987 1222 5048 quo
1238 4967 1312 5044 alia,
1338 4984 1472 5047 quorum
1489 4964 1700 5028 manifestatio
1714 4984 1755 5026 ex
1770 4965 1845 5026 falsa
1858 4955 1936 5041 pani·

311 5051 401 5132 cujue
422 5052 657 5129 revelationem,
680 5053 843 5131 poenitenti
868 5053 1024 5132 ingratam
1044 5072 1106 5115 non
1160 5055 1254 5118 tentis
1265 5053 1411 5132 opinione
1422 5053 1463 5114 ad
1473 5052 1629 5132 integram
1641 5053 1870 5116 Confessionem
1881 5061 1935 5126 ptr·

310 5141 402 5202 fore:
428 5157 501 5201 nam
525 5157 608 5219 saepe
627 5140 823 5218 contingeret
838 5139 940 5218 decipi
956 5141 1106 5202 Sacerdo-
1160 5143 1260 5206 tinere
1278 5143 1413 5206 videtur.
1967 5180 1972 5189 ·

310 5231 374 5294 tem
396 5245 468 5288 cum
483 5245 545 5288 non
568 5227 629 5288 levi
645 5226 826 5306 paenitentis
839 5226 975 5307 injuria3
992 5227 1105 5289 deinde
1200 5232 1292 5295 Ratio
1306 5235 1364 5308 est,
1381 5231 1456 5310 quia
1469 5229 1620 5311 alioquin.
1637 5232 1667 5292 l.
1691 5231 1727 5292 lu
1742 5227 1847 5294 odium
1859 5237 1934 5286 roca·
1964 5258 1973 5279 ι

310 5315 406 5376 etiam
420 5333 493 5376 eum
516 5333 697 5377 concessam
721 5317 923 5395 peccatasua
937 5315 1105 5394 evulgandi
1160 5326 1247 5381 retur
1270 5319 1436 5396 confessio,
1461 5317 1689 5398 calumniisque
1707 5312 1931 5397 objiceretur-2

310 5403 503 5479 facultatem,
526 5403 648 5482 quoties
671 5403 807 5480 libuerit,
831 5420 990 5465 revocare.
1011 5406 1105 5466 Parta
1160 5409 1240 5482 Quia
1262 5408 1330 5470 bac
1354 5407 1461 5471 omnia
1481 5425 1552 5488 qua
1576 5407 1732 5468 recensita
1748 5399 1932 5481 suntad&-
1965 5416 1974 5467 “.

311 5489 395 5572 pnim
409 5489 439 5574 in
451 5492 654 5577 confessione,
668 5491 778 5554 notitia
790 5509 914 5571 semper
924 5496 1104 5570 perseverat
1159 5501 1356 5558 crementum
1376 5499 1527 5574 tanquam
1541 5487 1928 5574 mrunauliusperonevt
1966 5492 1972 5505 “
