3976 6348
309 593 368 652 218
955 587 1029 650 ule.
1054 587 1107 652 vl.
1130 587 1232 649 PARS
1253 587 1305 648 lll.

353 777 381 838 1.
405 775 630 838 Testimonium
654 774 784 838 Parochi
801 775 962 855 utriusque
977 773 1103 854 dispen-

311 862 399 926 sandi
428 863 544 942 praevio
573 863 752 943 juramento
776 881 839 925 non
862 864 964 925 solum
987 863 1028 924 ab
1055 862 1104 940 ip·

311 956 412 1012 semet
424 951 646 1030 subscriptum,
663 953 718 1013 sed
733 953 829 1014 etiam
843 970 862 1012 a
877 955 947 1013 Not.
964 951 1101 1030 publico.

311 1044 343 1101 et
368 1039 486 1100 Eoolea
521 1040 620 1101 Guriae
648 1040 803 1101 serviente
831 1038 1026 1119 recognitum
1051 1059 1105 1100 ex-

311 1126 448 1273 prirpens
459 1130 676 1206 paupertatem
686 1127 969 1208 dispensandorum
976 1126 1024 1187 his
1039 1126 1103 1188 fere

311 1232 367 1275 ver
390 1233 441 1275 rs:

1417 774 1518 838 Tener
1536 775 1725 857 motionum.

1197 903 1339 967 Secundo.
1365 907 1460 987 Cujus
1483 907 1628 985 nominis,
1657 905 1863 988 cognominis,
1890 923 1936 984 pa·
1970 938 1973 942 ·

1157 991 1235 1069 triae,
1262 996 1371 1071 status,
1397 997 1508 1072 aetatis,
1534 997 1647 1076 quibus
1670 995 1852 1076 parentibus
1870 995 1936 1070 nati,

1159 1082 1190 1141 et
1204 1097 1298 1158 quam
1312 1081 1538 1160 professionem
1553 1087 1720 1145 exerceant
1733 1081 1792 1162 ipsi
1810 1084 1920 1143 Testes.

1198 1169 1228 1227 2.
1251 1167 1345 1248 Cujus
1360 1171 1470 1239 aetatis,
1495 1171 1616 1250 patriae,
1640 1170 1799 1252 atquibus
1813 1168 1940 1248 paranti·

1157 1253 1217 1315 bns
1231 1257 1295 1316 nati
1311 1255 1372 1318 sint
1386 1258 1608 1338 supplicantes
1633 1258 1658 1320 si
1680 1258 1799 1320 habent
1812 1256 1940 1336 ipsorum
1981 1325 1982 1328 Ἴ

488 1311 599 1374 Formo
612 1312 771 1374 testimonii
781 1311 921 1373 roano.

350 1460 416 1537 Ego
442 1461 506 1520 NN.
531 1459 747 1538 infrascriptos
771 1458 930 1520 Parochus
957 1453 1105 1517 Ecclesiae

311 1545 501 1606 Parochialis
526 1549 557 1609 S.
576 1550 613 1608 N.
639 1545 788 1608 Dioeoesis
803 1547 866 1606 NN.
894 1541 998 1604 madio
1016 1540 1106 1622 jura·

311 1636 415 1694 mento
430 1633 526 1694 fidem
540 1633 620 1696 facio
642 1638 707 1696 NN.
734 1652 800 1694 esse
816 1651 922 1693 meum
937 1629 1105 1693 Parochia-

310 1735 397 1795 num,
421 1739 458 1780 ac
482 1721 550 1801 ejus
573 1721 801 1800 genealogiam,
822 1719 853 1779 in
875 1718 1024 1779 affinitate
1040 1716 1104 1778 sive

311 1808 581 1887 consanguinitate
597 1827 663 1870 esse
678 1810 921 1888 infrascriptam.

363 1963 425 2026 Hic
437 1965 589 2028 Porcellus
608 1969 714 2029 inserat
731 1966 942 2049 petrelegium,
960 1971 986 2025 et
1002 1963 1057 2024 im·

490 2063 617 2126 mediate
630 2063 682 2126 sut
696 2063 794 2126 eodan
805 2071 900 2143 ponat
914 2082 924 2123 :

352 2203 431 2263 ltem
452 2204 556 2266 medio
574 2205 754 2286 juramento
777 2206 872 2266 fidem
893 2204 974 2266 facio
988 2203 1107 2282 pariter

312 2306 371 2368 ego
393 2288 622 2370 infrascriptae,
644 2293 859 2370 supradictum
883 2309 988 2352 meum
1011 2293 1108 2350 Paro-

312 2376 461 2440 chianum
485 2397 552 2440 esse
575 2398 747 2459 pauperem
770 2384 801 2442 et
822 2379 1045 2454 miserabilem,
1064 2376 1108 2436 ita

312 2467 348 2524 nt
361 2462 447 2524 vivat
470 2467 598 2545 propria
620 2467 785 2543 industria,
806 2473 836 2529 et
850 2468 957 2528 labore
971 2469 1105 2527 tantum.

312 2554 347 2614 ln
363 2569 496 2630 quorum
507 2555 602 2616 frdem
614 2574 709 2616 manu
720 2555 848 2635 propria
861 2573 911 2614 me
926 2552 1106 2630 subscripsi,

313 2645 528 2718 etpraesentes
551 2644 644 2724 sigilli
667 2645 730 2704 mai
753 2645 811 2704 sub
835 2642 1038 2723 impressione
1056 2641 1109 2700 frr-

312 2727 407 2790 mavi.
425 2731 538 2792 Aetum
553 2734 589 2794 N.
607 2732 657 2792 die
673 2735 710 2792 N.
725 2749 808 2794 anno
823 2735 859 2793 N.

355 2851 400 2931 (L.
418 2852 464 2934 S.)
547 2858 612 2917 NN.
634 2856 791 2918 Parochus
812 2856 894 2917 Uccl.
922 2857 986 2916 NN.
1008 2853 1106 2914 Dima.

596 2947 661 3007 NN.
676 2962 773 3006 manu
787 2943 914 3027 propria
928 2941 1106 3021 subscripsi.

374 3115 483 3178 Formo
503 3111 668 3175 documenti
692 3109 812 3175 Norant
827 3111 1051 3191 recognoscentis

574 3227 693 3268 monum
706 3205 848 3270 Parochi.

355 3366 465 3428 Fidem
478 3365 558 3428 facio
572 3367 639 3444 Ego
653 3365 870 3444 infrascriptos
880 3365 944 3426 NN.
962 3364 1108 3426 Notarius

314 3455 476 3535 publicus,
502 3453 586 3533 quod
609 3469 691 3512 anno
716 3457 747 3512 et
770 3451 819 3512 die
841 3453 922 3512 infra
940 3451 1108 3512 nominatis

315 3562 421 3606 coram
442 3561 492 3603 me
516 3541 750 3620 comparuerint
771 3544 835 3602 NN.
860 3545 891 3602 et
906 3541 1010 3601 medio
1022 3539 1108 3619 jura·

314 3634 420 3691 mento
435 3629 529 3689 fldem
543 3627 674 3688 fecerint
688 3626 959 3706 subscriptionem,
981 3632 1011 3686 et
1026 3627 1107 3705 sigil-

313 3720 379 3780 lum
393 3721 559 3797 praetactas
574 3735 641 3777 esse
659 3733 789 3775 manum
803 3716 963 3794 propriam
978 3719 1009 3776 et
1022 3713 1108 3794 sigil-

313 3807 380 3867 lum
404 3809 440 3868 a.
467 3807 504 3866 D.
530 3808 566 3866 N.
591 3803 723 3865 Parochi
746 3803 937 3864 Parochialis
961 3803 1107 3865 Ecclesiae

314 3895 380 3956 NN.
397 3893 546 3955 Dioeoesis
570 3895 635 3954 NN.
662 3909 787 3952 causam
803 3891 939 3952 scientiae
954 3909 1018 3951 suae
1033 3891 1108 3951 alle-

314 3986 435 4062 gantes,
462 3982 619 4061 quomodo
644 3981 762 4041 dictum
777 3979 953 4041 Parochum
972 3977 1108 4038 scriben-

314 4076 389 4147 tem,
406 4075 437 4130 et
451 4069 587 4149 sigillum
602 4073 632 4130 et
644 4086 773 4129 manum
783 4067 923 4148 ejusdem
938 4067 1108 4144 saepissime

313 4157 460 4218 uiderint.
484 4160 675 4237 inquorum
698 4156 793 4216 fidem
815 4160 985 4234 praesentes
1010 4172 1107 4214 manu

314 4245 443 4327 propria
456 4245 577 4324 scripsi,
602 4245 782 4323 subscripsi,
800 4249 830 4306 et
844 4248 993 4304 consueto
1013 4243 1109 4303 Nota-

315 4336 412 4396 riatus
431 4333 493 4395 mei
509 4335 609 4414 sigillo
623 4332 824 4395 communivi.
842 4335 956 4394 Actum
970 4333 1007 4392 N.
1026 4347 1107 4390 anno

317 4425 354 4484 N.
372 4423 422 4484 die
437 4426 473 4484 N.

356 4536 401 4618 (L.
419 4537 466 4616 S.)
528 4539 592 4597 NN.
610 4533 863 4614 Apostolicasive
878 4536 1021 4596 Caesarea
1034 4550 1110 4594 auc-

576 4623 699 4686 toritate
714 4621 858 4700 publicus
872 4626 903 4682 et
917 4619 1109 4700 approbatus

577 4712 733 4789 Notarius,
760 4719 856 4772 manu
877 4709 1012 4788 propria
1038 4707 1109 4769 sub-

576 4799 697 4880 scripsi.

355 4996 473 5058 Primo.
489 4997 629 5057 Examen
643 4995 777 5054 duorum
792 4993 918 5054 testium
933 5008 1039 5053 coram
1055 4992 1109 5052 Or-

317 5087 449 5162 dinario,
476 5083 711 5146 Archidiaconis
735 5083 784 5144 uel
810 5080 942 5143 Vicariis
960 5077 1109 5140 Foraneis

312 5172 564 5255 jurisdictionem
604 5170 854 5233 Ecclesiasticam
894 5167 1110 5229 exercentibus

316 5262 514 5323 afferentium
541 5260 658 5338 praevio
686 5260 803 5339 pariter
826 5259 1005 5338 juramento
1030 5273 1110 5333 pau-

316 5351 472 5430 pertatem
504 5347 784 5426 dispensandornm
812 5365 869 5425 per
896 5343 1109 5422 infrascriptos

317 5435 507 5516 positiones,
540 5434 661 5494 omissis
692 5435 759 5496 aliis
787 5451 856 5514 quas
880 5433 919 5494 de
945 5432 1015 5512 jure
1044 5429 1108 5491 sive

316 5524 398 5602 stylo
413 5526 486 5583 sunt
499 5521 660 5588 facienda.

1159 1340 1313 1404 notitiam.

1198 1433 1228 1492 3.
1261 1431 1404 1503 Quandiu
1428 1431 1596 1496 habuerint
1625 1433 1768 1496 notitiam
1800 1432 1939 1511 ipsorum,

1160 1535 1222 1597 qna
1236 1519 1398 1580 occasione
1423 1525 1453 1582 et
1475 1539 1584 1583 veram
1607 1521 1745 1583 babeant
1759 1517 1942 1580 familiarita-

1159 1610 1222 1668 tem
1238 1611 1268 1668 et
1281 1609 1454 1686 practicam
1470 1610 1650 1672 continuam
1665 1627 1737 1670 cum
1751 1609 1838 1688 ipsis.

1198 1699 1228 1756 1.
1257 1698 1368 1758 Utrum
1395 1698 1496 1758 sciant
1523 1697 1716 1774 exercitium,
1745 1697 1812 1758 sire
1840 1699 1941 1770 artem,

1160 1801 1256 1863 quam
1270 1785 1483 1866 unusquisque
1505 1788 1645 1868 ipsorum
1660 1788 1805 1848 exerceat
1826 1783 1943 1862 etquid
1981 1797 1982 1812 ³

1160 1870 1281 1949 possint
1294 1872 1421 1934 lucrari.

1199 1963 1228 2019 5.
1248 1961 1358 2022 Utrum
1373 1961 1473 2022 sciant
1495 1960 1579 2022 bona
1601 1977 1671 2040 quae
1695 1961 1874 2040 possident,
1887 1965 1944 2019 tarn

1161 2047 1333 2110 immobilia
1357 2067 1452 2129 quam
1474 2049 1620 2127 mobilia,
1641 2069 1772 2128 census,
1788 2047 1945 2110 mercimo-
1981 2069 1982 2126 j

1161 2135 1224 2211 nia,
1242 2137 1360 2198 credita
1375 2139 1532 2217 animalia,
1549 2144 1604 2202 aut
1617 2138 1695 2200 alios
1710 2141 1840 2201 effectus
1855 2139 1945 2220 cujus

1162 2235 1222 2298 qne
1237 2224 1372 2302 generis,
1389 2230 1420 2288 et
1433 2228 1573 2288 valorem
1587 2227 1735 2306 ipsorum.

1201 2309 1230 2368 a.
1249 2311 1357 2371 Utrum
1382 2313 1481 2375 sciant
1504 2320 1536 2374 et
1556 2314 1653 2375 velint
1675 2313 1847 2391 affirmare,
1874 2313 1945 2393 quod

1162 2412 1223 2455 non
1239 2397 1419 2473 possideant
1428 2401 1489 2461 alia
1499 2401 1593 2479 bona,
1606 2405 1637 2463 et
1646 2402 1804 2482 quomodo
1822 2402 1948 2463 habeant
1981 2471 1982 2480 .

1164 2481 1245 2543 illius
1260 2489 1378 2548 certam
1394 2491 1546 2551 notitiam.
1981 2489 1982 2498 ³

1202 2569 1264 2630 Pro
1279 2574 1375 2636 terno.
1401 2575 1626 2637 Testimonium
1650 2577 1805 2638 Ordinarii
1827 2581 1947 2640 affaren-

1163 2655 1203 2718 tis
1217 2665 1433 2738 paupertatem
1445 2663 1739 2743 dispensandorum,
1755 2667 1786 2728 in
1797 2686 1862 2747 quo
1876 2666 1947 2728 affir-

1164 2749 1228 2842 met
1242 2765 1347 2808 coram
1361 2769 1394 2810 sa
1409 2754 1515 2814 Testes
1526 2754 1585 2814 hac
1600 2754 1639 2814 de
1653 2773 1699 2831 re,
1716 2757 1857 2834 praestito
1867 2759 1949 2816 antea

1160 2840 1350 2928 puramente,
1368 2839 1560 2903 examinatos
1574 2843 1680 2918 fuisse,
1698 2845 1784 2923 quod
1799 2844 1883 2905 idem
1896 2847 1949 2905 tes-

1165 2920 1328 2984 timonium
1352 2944 1414 2987 non
1437 2929 1537 2990 solum
1561 2930 1601 2990 ab
1630 2931 1767 3009 ipsomet
1795 2931 1948 2994 Ordinario

1164 3007 1316 3072 subscribi
1332 3012 1435 3091 debet,
1451 3033 1561 3077 verum
1576 3017 1671 3079 etiam
1686 3036 1706 3079 a
1719 3018 1849 3080 Notario
1864 3019 1894 3080 in
1908 3037 1950 3079 se·

1165 3103 1312 3173 quantem
1326 3117 1382 3161 seu
1400 3101 1533 3163 similem
1547 3104 1700 3166 formam:

1327 3246 1436 3308 Formo
1450 3247 1606 3310 testimonii
1620 3250 1790 3314 Ordincrii.

1203 3377 1268 3456 Ego
1284 3373 1348 3435 NN.
1364 3371 1580 3452 infrascriptos
1602 3374 1699 3436 fnlem
1716 3377 1798 3438 facio
1814 3377 1949 3440 omnibus

1163 3469 1194 3528 et
1207 3462 1337 3542 singulis
1361 3479 1494 3540 quorum
1516 3463 1657 3540 interest,
1675 3469 1707 3526 et
1720 3465 1762 3526 ad
1777 3486 1857 3547 quos
1871 3485 1949 3546 spec·

1162 3559 1218 3632 tat,
1236 3555 1299 3614 NN.
1326 3568 1393 3612 esse
1414 3569 1569 3630 pauperes
1593 3557 1624 3614 et
1644 3554 1854 3632 miserabiles,
1870 3559 1900 3618 et
1918 3573 1949 3616 er

1163 3641 1289 3722 proprio
1316 3637 1424 3699 labore
1453 3643 1484 3701 et
1507 3640 1661 3702 industria
1688 3645 1813 3704 tantum
1837 3645 1948 3720 virere,

1163 3736 1256 3809 prout
1291 3727 1380 3790 nobis
1404 3732 1526 3790 constat
1558 3733 1589 3790 at
1617 3731 1817 3792 attestatione
1842 3732 1948 3814 proprii

1163 3815 1294 3880 Parochi
1321 3815 1486 3877 amborum
1509 3817 1765 3897 supplicantium,
1791 3825 1824 3883 et
1845 3821 1949 3883 exdia-

1162 3902 1367 3986 positionibus
1389 3902 1524 3964 duorum
1538 3905 1587 3966 vel
1602 3905 1741 3982 plurium
1755 3909 1883 3970 testium
1894 3907 1947 3970 fids

1163 3994 1329 4071 dignorum
1344 4008 1449 4051 coram
1464 3991 1554 4053 nobis
1565 3993 1818 4056 examinatorum
1828 4014 1897 4059 cum
1905 3996 1948 4076 ju·

1162 4083 1316 4155 ramento,
1341 4084 1466 4140 servata
1494 4079 1596 4141 forma
1620 4079 1837 4146 instructionis
1860 4100 1948 4164 nuper

1163 4171 1202 4232 ab
1216 4169 1300 4232 Urbe
1314 4166 1515 4231 transmissa.
1532 4169 1569 4231 ln
1581 4187 1717 4249 quorum
1730 4170 1840 4252 fidem,
1857 4177 1910 4235 eta.

1204 4259 1249 4338 (L.
1267 4257 1314 4337 S.)
1708 4259 1913 4341 Subscriptio.

1204 4373 1343 4436 Similem
1366 4373 1430 4434 fere
1454 4373 1691 4436 instructionem
1725 4393 1782 4454 pro
1817 4375 1947 4438 emmim

1163 4464 1301 4525 'testium
1324 4481 1362 4522 ex
1384 4464 1515 4523 Decreta
1536 4463 1606 4524 Sac.
1623 4465 1738 4542 Uongr.
1755 4467 1790 4526 21
1810 4466 1861 4526 die
1874 4469 1945 4542 Aug.

1165 4553 1252 4616 1610,
1270 4552 1448 4610 emanatam
1466 4547 1563 4610 refert
1576 4551 1736 4628 Genettus,
1751 4549 1784 4610 in
1799 4551 1947 4614 volumine

1163 4644 1192 4716 ἱ),
1209 4640 1392 4717 postTract.
1410 4637 1449 4698 de
1465 4637 1676 4699 Matrimonia.
1689 4639 1861 4702 Nit‘tamen
1874 4655 1946 4717 sape

1163 4731 1198 4788 ut
1212 4725 1413 4806 acquiescant
1436 4727 1553 4800 Roma,
1579 4724 1605 4784 si
1619 4726 1705 4787 solus
1719 4727 1900 4790 ordinarius
1913 4727 1945 4786 da

1165 4815 1223 4874 hac
1241 4815 1426 4891 paupertate
1440 4814 1587 4884 testatum
1608 4811 1673 4874 scio
1687 4813 1947 4876 etiamsoliusPa·

1164 4901 1250 4962 rochi
1266 4899 1454 4973 testimonio,
1481 4899 1600 4978 absque
1624 4899 1690 4960 istis
1713 4900 1946 4981 aliissumptno

1164 4987 1206 5050 sis
1234 4986 1488 5062 formalitatibus,
1519 4985 1626 5048 datam
1654 5005 1722 5048 esse
1750 4989 1847 5050 fidem
1872 4985 1945 5070 quod

1162 5077 1287 5138 adesset
1309 5094 1385 5136 vera
1409 5077 1587 5152 paupertas,
1605 5077 1751 5154 quamvis
1764 5077 1833 5156 jam
1845 5076 1945 5138 intelli-

1163 5181 1237 5244 gam
1264 5163 1330 5224 sine
1358 5162 1535 5224 testimonio
1564 5161 1722 5224 Onlinarii
1751 5165 1828 5226 nibil
1851 5167 1945 5226 nona

1163 5251 1307 5314 obtineri.

1206 5340 1312 5414 Onerat.
1344 5341 1411 5400 111.
1436 5373 1477 5384 -
1498 5339 1547 5398 An
1569 5338 1685 5401 Nomii
1710 5341 1880 5422 Apostolicr',
1907 5337 1982 5418 rell

1163 5429 1349 5511 Episcopir'n
1363 5427 1554 5509 despectibus
1572 5427 1740 5512 desponsare
1758 5431 1869 5512 possint
1889 5449 1944 5490 nnn
1981 5419 1982 5438 ³

1163 5517 1309 5605 quibusvis
1316 5517 1499 5602 paupertina
1509 5537 1564 5600 pro
1578 5518 1783 5582 connubendo
1800 5519 1945 5582 Nutrian-
