3986 6350
1662 472 1722 535 439

631 479 683 543 DE
704 477 868 541 coaluus
890 475 1159 541 GONEESSAltll.

91 669 183 734 tinctio
200 667 325 730 defectu
348 667 512 746 temporis.
537 665 683 728 Proximo
706 668 811 726 autem
835 665 867 725 in
922 662 1146 724 moribundum
1169 661 1207 724 de
1232 678 1293 742 quo
1316 661 1430 741 agitur,
1448 661 1516 741 jam
1537 677 1599 722 non
1621 659 1716 723 debet

90 763 210 822 extrema
224 756 427 819 neccessitate
442 754 673 816 succurendum
684 757 731 816 est
743 753 867 814 meliori
922 749 1052 812 absolvi.

89 848 167 909 nodo
188 864 250 926 quo
274 849 402 924 potest:
423 843 562 905 succurri
587 860 661 903 vero
686 846 789 921 potest
812 859 869 920 per
961 835 1139 918 despondeo.
1161 841 1253 900 Cone.
1272 842 1345 901 Ant.
1363 842 1394 901 et
1416 840 1452 900 N.
1477 841 1568 901 Gens.
1584 842 1619 901 lu
1642 858 1717 902 casu

89 934 300 996 absolutionem
329 933 387 993 sub
416 931 605 993 conditione.
635 931 718 1008 Ergo
747 930 841 992 debet
857 976 865 1008 ,
922 927 1006 990 enim
1021 931 1125 989 nostro
1140 927 1173 987 in
1188 947 1250 1008 quo
1265 928 1452 1008 supponitur
1466 929 1632 990 materiam
1647 947 1718 990 cer-

89 1020 246 1101 praesertim
262 1037 335 1080 cum
351 1021 555 1082 Sacramenta
569 1017 631 1079 sint
644 1022 772 1095 propter
786 1018 867 1078 salu·
921 1021 987 1079 tam
1001 1035 1064 1076 non
1079 1034 1170 1096 posse
1186 1017 1306 1094 haberi,
1319 1017 1374 1077 sed
1389 1018 1491 1078 solum
1506 1017 1713 1095 probabilem3

89 1115 140 1172 tem
158 1109 320 1171 hominum
337 1107 488 1169 instituta.
513 1105 574 1168 Sed
599 1104 720 1165 etiamsi
743 1109 867 1184 tempus
922 1105 1076 1168 Sacerdos
1091 1122 1154 1166 non
1176 1105 1296 1167 confert
1317 1107 1556 1167 Sacramentum
1571 1104 1602 1164 in
1616 1107 1716 1166 mate-

89 1197 189 1258 sineret
215 1195 285 1258 dari
314 1197 494 1257 Extremam
522 1193 730 1268 Unctionem,
761 1195 866 1253 tamen
921 1194 969 1255 ria
984 1193 1084 1254 solum
1099 1193 1266 1272 probabili,
1283 1193 1393 1255 relicta
1407 1193 1545 1256 tutiore:
1569 1193 1654 1272 quod
1669 1196 1716 1255 est

87 1285 292 1367 premittenda
310 1285 392 1345 toret
405 1281 560 1343 absolutio
580 1281 638 1342 sub
660 1281 838 1343 conditione
857 1301 863 1343 :
921 1283 1063 1344 illicitum
1080 1281 1110 1342 in
1126 1283 1210 1343 omni
1226 1301 1300 1344 casu
1316 1287 1444 1362 propter
1459 1281 1632 1362 periculum
1647 1283 1718 1343 nul·
1774 1303 1782 1321 ·

87 1374 148 1453 quia
167 1375 193 1434 t.
213 1375 365 1434 Extrema
380 1371 492 1434 Unctic
503 1375 550 1432 est
564 1388 622 1450 per
635 1389 668 1430 se
684 1373 867 1432 Sacramen-
921 1371 1028 1448 litatis,
1046 1371 1093 1432 cui
1110 1371 1251 1432 Minister
1271 1376 1389 1432 temere
1411 1373 1649 1434 Sacramentum
1665 1389 1717 1432 ex·

87 1466 141 1523 tum
154 1461 308 1538 rivorum,
321 1461 464 1541 adeoque
476 1477 533 1539 per
547 1477 579 1518 se
595 1459 793 1538 praerequirit
803 1464 866 1519 sta·
921 1461 1062 1539 poneret.
1081 1461 1187 1539 Neque
1204 1459 1298 1519 etiam
1320 1458 1483 1520 deficiente
1502 1459 1634 1519 materia
1648 1478 1716 1520 cer-

86 1553 141 1609 tum
154 1547 261 1626 gratiae
271 1547 304 1606 in
316 1545 515 1626 suscipiente.
527 1547 611 1624 Ergo
626 1546 651 1606 si
666 1545 764 1625 possit
778 1545 865 1606 adbi-
921 1551 964 1625 ta,
996 1545 1117 1609 confert
1144 1547 1382 1609 Sacramentum
1406 1547 1437 1607 in
1461 1546 1593 1608 materia
1613 1548 1716 1608 solum

86 1635 141 1695 beri
154 1635 328 1696 remedium
350 1654 407 1714 per
428 1654 461 1696 se
485 1633 691 1696 reconcilians
706 1634 866 1695 hominem
921 1634 1075 1715 probabili
1091 1637 1180 1695 extra
1194 1653 1302 1696 casum
1325 1633 1542 1696 necessitatis:
1561 1633 1645 1714 quod
1661 1634 1716 1694 ad-

85 1726 149 1801 Deo,
176 1723 272 1786 debet
294 1723 372 1784 illud
395 1723 482 1803 prius
505 1721 668 1796 adhiberi;
694 1721 754 1783 hoc
782 1722 866 1782 enirn
921 1721 1073 1782 hucesset
1088 1720 1242 1799 illicitum,
1264 1720 1713 1802 utpoteadhuctemerarium3

86 1811 206 1890 postulat
221 1811 403 1873 reverentia
425 1809 532 1872 debita
555 1809 767 1873 sacramentis
782 1811 866 1870 vivo·
921 1810 975 1870 sed
991 1829 1063 1871 curn
1085 1810 1136 1870 hic
1151 1815 1182 1870 et
1196 1829 1280 1872 nunc
1295 1829 1357 1870 non
1378 1811 1477 1891 possit
1494 1810 1603 1870 haberi
1618 1812 1716 1871 mate·

85 1919 153 1961 rum.
174 1901 253 1974 Ouia
267 1905 297 1962 E.
315 1918 378 1960 non
394 1903 611 1979 aequecertum
627 1903 673 1960 est
687 1901 867 1960 Extremam
920 1898 968 1958 ria
982 1901 1078 1974 certa,
1097 1903 1127 1958 et
1142 1902 1253 1976 urgeat
1268 1916 1384 1977 magna
1396 1899 1587 1971 necessitas;
1606 1900 1716 1961 Sacer-

85 1987 255 2049 Unctiouem
284 1987 443 2048 remittere
478 2005 535 2066 per
562 1986 708 2048 accidens
735 1988 867 2064 peecata
921 1985 978 2048 dos
992 1989 1169 2066 postquam,
1187 1991 1221 2048 ut
1240 1987 1345 2062 debet,
1363 1990 1492 2049 conatus
1510 1992 1558 2049 est
1573 1987 1716 2049 obtinere

84 2075 223 2153 anomalia,
248 2074 331 2137 sicut
354 2073 468 2136 dicitur
489 2073 521 2134 in
543 2077 655 2154 quarto
679 2072 866 2154 objectionis
922 2094 959 2135 ex
973 2075 1161 2136 moribundo
1176 2075 1302 2154 signum
1323 2076 1444 2136 clarum
1458 2074 1667 2138 Confessionis
1684 2079 1717 2137 et

84 2164 222 2242 membro,
236 2183 274 2225 ac
289 2166 411 2225 certum
427 2168 474 2223 est
489 2181 526 2222 ea
541 2163 656 2224 remitti
671 2181 729 2241 per
743 2161 866 2222 absolu·
921 2161 1048 2236 detorta,
1072 2164 1104 2222 et
1126 2166 1292 2241 postquam
1314 2162 1470 2241 suggessit
1493 2162 1552 2240 ipsi
1574 2161 1715 2224 ¹audienti

84 2249 198 2312 tionem.
232 2251 314 2323 Quia
338 2252 369 2310 3.
392 2249 482 2310 sicut
497 2248 674 2310 catholicus
702 2249 753 2309 ille
782 2253 866 2308 recte
921 2250 1053 2311 fortasse
1075 2251 1125 2310 vel
1149 2267 1212 2311 non
1236 2250 1372 2312 ordienti
1394 2254 1482 2312 actus
1506 2251 1605 2328 Fidei,
1629 2250 1713 2328 Spei,

85 2337 271 2414 praesumitur
280 2336 460 2398 desiderare
469 2337 650 2397 Extremam
666 2335 863 2413 Unctionem,
920 2337 1087 2400 charitatis
1102 2340 1134 2398 et
1147 2337 1352 2414 contritionis,
1372 2337 1403 2397 iu
1419 2341 1570 2417 quantum
1586 2337 1716 2418 permit-

84 2424 120 2486 ita
132 2428 161 2486 et
173 2425 415 2486 absolutionem.
426 2426 509 2502 Ergo
521 2424 715 2486 etabsolutio
731 2423 865 2484 conferri
920 2427 959 2488 tit
973 2426 1118 2505 augustia
1132 2427 1301 2505 temporis;
1324 2427 1489 2504 Sacerdos,
1512 2426 1651 2507 inquam,
1670 2425 1715 2486 vi-

83 2512 164 2574 debat
183 2514 240 2575 suh
261 2512 452 2588 conditione,
470 2513 494 2572 si
511 2512 672 2592 probabile
689 2511 737 2588 sit,
755 2517 789 2572 ut
804 2515 861 2589 est,
921 2516 998 2576 dens
1022 2514 1186 2575 materiam
1209 2519 1327 2576 certam
1352 2515 1460 2576 haberi
1486 2532 1548 2575 nou
1569 2533 1659 2594 posse
1683 2517 1715 2575 et

83 2617 142 2660 eam
160 2601 260 2662 aalide
283 2601 429 2662 conferri.
450 2603 598 2662 Extrema
619 2603 725 2661 autem
740 2599 862 2677 Unctio,

82 2705 130 2766 per
142 2707 172 2749 se
191 2689 363 2770 loquendo,
379 2687 448 2750 dari
468 2689 562 2750 debet
583 2706 709 2767 semper
723 2688 864 2750 absolute

82 2779 108 2837 et
119 2777 180 2838 sine
195 2777 387 2839 conditione.

14 2897 15 2900 ¹
115 2864 159 2925 Ad
172 2867 201 2926 3.
219 2867 287 2926 Hoc
308 2863 533 2943 prescribitur,
555 2863 700 2944 inquiunt
718 2864 866 2924 adversa-

82 2951 124 3027 rii,
135 2971 245 3032 nempe
260 2953 328 3014 dari
344 2955 524 3014 Extremam
539 2953 737 3026 Unctionem3
755 2956 786 3014 et
801 2970 865 3013 non

81 3039 166 3116 aliud,
190 3059 305 3120 nempe
330 3040 397 3101 dari
422 3039 662 3101 absolutionem.
685 3041 783 3101 Esto:
809 3040 864 3101 sed

83 3145 134 3188 non
153 3128 268 3190 idcirco
290 3128 486 3207 prohibetur,
503 3127 587 3207 quod
610 3145 672 3188 non
687 3127 865 3205 praeseribi-

82 3220 133 3278 tur.
149 3216 364 3278 Praescribitur
375 3216 407 3276 id
418 3215 457 3276 da
469 3233 530 3294 quo
546 3233 608 3276 non
624 3215 811 3293 disputatur,
823 3234 863 3276 an

81 3303 138 3364 lieri
152 3304 265 3367 debeat
281 3325 287 3365 ε
305 3323 369 3364 riou
383 3303 598 3383 prescribitur
611 3303 642 3364 id
665 3304 704 3365 de
724 3323 786 3384 quo
801 3305 863 3366 dis·

80 3397 215 3468 putatur;
240 3411 364 3468 verum,
390 3395 425 3454 ut
448 3390 529 3466 dixi,
555 3390 631 3451 illud
659 3409 720 3452 non
744 3391 861 3452 idcirco

80 3480 263 3557 prohibetur,
287 3480 344 3541 sed
368 3477 555 3558 relinquitur
575 3479 761 3557 prudentia,
788 3497 863 3540 con-

80 3566 228 3644 scientiae,
260 3571 291 3628 et
318 3565 462 3628 charitati
490 3565 654 3645 prudentis
685 3567 863 3628 animarum

80 3655 193 3716 medici.

114 3743 158 3806 ud
179 3746 208 3804 l.
232 3745 323 3805 Patet
339 3741 500 3821 responsio
516 3759 553 3802 ex
575 3739 666 3802 dictis
681 3740 712 3800 in
731 3759 861 3822 respon-

80 3827 155 3890 sione
169 3833 208 3893 ad
224 3835 254 3894 ἓ.

113 3918 157 3979 Ad
170 3921 199 3980 5.
216 3921 330 3981 Fateor
343 3917 507 3997 antiquam
522 3935 589 3978 esee
611 3917 732 3997 praxim
753 3920 862 3980 Eccle-

79 4005 125 4067 sia
139 4007 231 4068 dandi
252 4009 432 4070 Extremam
454 4007 640 4070 Unctionem
662 4006 804 4083 infirmis,
822 4009 860 4069 de

80 4094 182 4173 quibus
196 4095 299 4175 agitur
312 4115 319 4157 :
332 4096 387 4157 sed
402 4095 476 4157 hinc
487 4115 546 4157 non
563 4095 703 4174 sequitur
714 4101 860 4174 negatam

79 4181 145 4260 ipsis
159 4201 282 4262 semper
295 4183 390 4245 tuisse
410 4184 450 4245 ab
473 4183 618 4245 omnibus
633 4185 861 4246 absolutionem

79 4267 106 4330 in
119 4287 190 4332 casu
205 4271 317 4351 posito.
335 4274 425 4333 Certe
442 4277 573 4351 apparet
587 4273 619 4334 S.
637 4273 857 4352 angustinum,

79 4357 192 4438 dequo
214 4379 320 4439 supra,
343 4360 425 4420 hanc
445 4361 506 4421 illis
528 4379 589 4422 uon
612 4361 706 4422 fuisse
728 4367 861 4441 negatu-

78 4464 150 4509 rum.
167 4450 322 4510 Praeterea
335 4448 467 4510 tortasse
491 4449 563 4509 olim
584 4449 664 4510 sieut
677 4449 782 4528 hodie,
799 4451 861 4512 alia

78 4533 129 4595 init
142 4536 272 4598 aliorum
293 4537 410 4617 prexia,
427 4540 461 4600 ut
475 4537 553 4598 solet
575 4536 606 4596 in
629 4537 722 4598 rebus
737 4544 860 4601 contro·

78 4623 185 4696 aversis;
202 4623 279 4685 nihil
294 4625 378 4685 enim
393 4625 452 4686 hoc
475 4624 513 4685 de
535 4642 609 4685 casu
624 4625 787 4687 definitum
803 4627 860 4688 ha-

77 4710 179 4772 bemus
207 4711 248 4772 ab
270 4712 418 4774 Ecclesia.
447 4711 478 4773 Si
505 4717 665 4790 opponant
687 4713 859 4776 adversarii

77 4797 190 4876 praxim
205 4797 389 4860 hodiernam
399 4800 569 4861 multorum
580 4802 788 4875 severiorem
805 4821 859 4880 op-

78 4903 184 4964 ponam
207 4890 239 4948 et
262 4906 318 4967 ego
340 4887 400 4949 illis
421 4887 543 4966 praxim
562 4890 732 4952 multorum
758 4889 859 4951 indul-

78 4974 255 5052 gentiorem,
268 4992 362 5054 quam
376 4975 504 5036 domum
527 4979 559 5037 et
573 4977 735 5040 meliorem
746 4983 777 5040 et
791 4997 860 5056 pro-

78 5061 255 5124 babiliorem
268 5064 435 5125 tenendam
450 5083 517 5124 csso
533 5064 687 5127 existimo.

113 5147 246 5211 [astabis.
269 5150 412 5212 illicitum
428 5155 476 5212 est
489 5150 521 5211 in
541 5151 590 5212 his
612 5171 682 5232 quae
701 5153 861 5232 pertinent

78 5237 114 5296 ad
137 5236 341 5298 substantiam
365 5239 652 5316 sacramentorum,
678 5241 766 5321 sequi
791 5241 860 5320 opi-

921 2601 1138 2662 neeossitatem
1158 2621 1282 2681 urgere,
1304 2603 1456 2665 charitate
1478 2605 1508 2664 et
1531 2601 1714 2664 necessitate

920 2692 1092 2767 premente,
1117 2695 1281 2752 contentus
1304 2695 1351 2752 est
1373 2691 1506 2751 materia
1525 2691 1626 2752 solum
1641 2709 1714 2770 pro-

920 2777 1025 2853 babili,
1049 2782 1079 2839 et
1102 2797 1141 2838 ex
1160 2779 1335 2857 prudentiae
1353 2779 1481 2840 consilio
1496 2778 1631 2842 absolvit
1654 2780 1713 2841 suh

920 2865 1108 2927 conditione.
1121 2867 1156 2927 ln
1175 2885 1237 2946 quo
1257 2867 1386 2946 quidem
1406 2885 1479 2928 casu
1496 2866 1715 2947 consequitur

919 2951 1099 3031 opinionem
1121 2953 1224 3014 minus
1241 2954 1437 3032 probabilem
1453 2953 1491 3014 de
1510 2954 1626 3015 licitate
1648 2971 1713 3015 suaa

918 3040 1067 3116 actionis,
1093 3039 1124 3100 in
1159 3059 1312 3103 concursu
1343 3041 1563 3121 probabilioris
1591 3045 1715 3103 contra-

918 3130 990 3203 riaa3
1021 3129 1076 3190 sed
1091 3129 1196 3208 potius
1211 3129 1391 3208 opinionem
1406 3129 1548 3210 sequitur
1566 3127 1714 3208 probabi-

918 3217 1028 3278 liorem
1056 3218 1095 3278 de
1125 3216 1242 3279 licitate
1277 3222 1309 3277 et
1337 3218 1467 3279 debito:
1497 3217 1612 3297 quippe
1640 3235 1714 3296 prc-

910 3305 1052 3366 ‘babilius
1075 3310 1250 3368 etcertum
1270 3305 1409 3386 judicat,
1434 3307 1657 3368 moribundum
1680 3305 1712 3367 in

917 3394 971 3456 tali
992 3411 1067 3454 casu
1089 3395 1205 3457 debere
1228 3394 1359 3471 absolvi,
1383 3395 1407 3456 si
1429 3395 1592 3475 probabile
1606 3395 1657 3475 sit,
1678 3397 1713 3456 ut

917 3487 976 3558 est,
994 3481 1113 3542 eumin
1129 3483 1183 3544 tali
1200 3501 1274 3543 casu
1289 3483 1390 3544 valide
1405 3483 1536 3546 absolvi.

956 3572 1003 3632 Ex
1017 3570 1107 3631 dictis
1123 3571 1252 3649 collige,
1270 3571 1370 3650 quod,
1387 3571 1445 3633 etsi
1461 3572 1532 3652 quis
1545 3569 1712 3634 actualiter

916 3657 1089 3737 peccando,
1113 3658 1216 3720 subito
1238 3659 1427 3721 destituatur
1446 3659 1600 3737 sensibus,
1617 3679 1711 3739 regu-

915 3747 1024 3807 lariter
1037 3744 1104 3805 sine
1119 3746 1314 3807 absolutione
1337 3746 1540 3808 dimittendus
1560 3749 1684 3808 nonest
1701 3764 1707 3807 :

916 3852 988 3895 cunr
1003 3833 1160 3894 rarissime
1176 3835 1348 3912 contingat,
1361 3837 1396 3895 ut
1407 3835 1499 3896 morti
1511 3835 1632 3896 vicinus
1647 3853 1710 3896 non

915 3923 990 3985 velit
1004 3941 1068 3982 suas¹
1084 3922 1176 3982 saluti
1192 3923 1367 3998 consulere,
1384 3923 1494 3984 saltem
1508 3940 1566 4001 per
1579 3921 1709 3983 attritio-

916 4029 999 4086 nem,
1018 4029 1080 4090 qua
1100 4028 1161 4070 non
1184 4013 1307 4071 constat
1327 4010 1448 4072 interne
1464 4029 1581 4086 carere,
1599 4027 1710 4089 quam-

915 4099 962 4160 vis
983 4103 1110 4160 externe
1132 4097 1172 4158 sit
1192 4097 1335 4157 sensibus
1349 4097 1491 4175 privatus
1507 4117 1514 4158 :
1532 4114 1588 4176 per
1602 4095 1710 4158 condi-

915 4187 1033 4248 tionem
1057 4185 1140 4247 enim
1164 4185 1300 4246 evitatur
1323 4185 1438 4265 injuria
1462 4184 1658 4248 sacramenti
1680 4188 1711 4246 et

915 4294 952 4336 ex
967 4275 1029 4335 ulia
1042 4279 1131 4353 parte
1147 4273 1331 4350 consulitur,
1345 4277 1498 4353 quantum
1511 4273 1579 4334 fieri
1594 4275 1707 4352 potest,

915 4361 1007 4424 saluti
1029 4360 1228 4437 moribundi,
1253 4359 1306 4440 qui
1328 4378 1385 4438 per
1407 4359 1592 4422 christianos
1605 4377 1710 4421 moros

915 4453 1086 4526 anteactos,
1103 4447 1135 4507 in
1157 4447 1211 4509 tali
1234 4447 1365 4509 articulo
1386 4451 1418 4509 et
1435 4447 1559 4510 attritus
1583 4453 1614 4509 at
1634 4447 1710 4509 satis

915 4555 1071 4617 superque
1100 4535 1334 4598 consessionem
1362 4539 1469 4614 petere
1496 4535 1707 4615 praesumitur.

915 4627 969 4690 Cui
992 4624 1155 4687 sententia
1177 4627 1389 4702 suffragantur
1410 4623 1594 4706 Borraprotr'u
1614 4642 1710 4703 supra

914 4715 1074 4788 laudatus,
1094 4711 1197 4775 Gobat.
1214 4714 1317 4776 Tract.
1335 4715 1365 4788 7,
1382 4729 1469 4773 num.
1486 4715 1565 4784 597ς
1584 4710 1710 4776 Gormuz

914 4820 1000 4863 num.
1024 4804 1094 4876 aba,
1118 4800 1234 4881 aliique
1257 4799 1338 4860 bene
1359 4799 1466 4876 multi,
1490 4817 1568 4880 quos
1589 4800 1664 4862 citat
1678 4804 1710 4862 et

914 4891 1009 4953 refert
1023 4887 1113 4970 Moya
1127 4889 1159 4950 in
1181 4888 1451 4950 confirmationem
1472 4887 1564 4970 hujus
1583 4893 1709 4952 senten·

913 4980 976 5042 tiae.

954 5067 1062 5141 Queat.
1079 5067 1129 5128 35.
1145 5099 1186 5110 -
1209 5063 1315 5126 Utrum
1338 5071 1470 5125 teneatur
1493 5061 1636 5124 Sacerdos
1656 5061 1708 5124 ab·

912 5155 1031 5222 soluere,
1056 5153 1158 5214 saltem
1180 5153 1233 5214 sub
1252 5152 1429 5220 conditione,
1450 5149 1655 5212 morr‘bundum
1673 5149 1709 5213 de

913 5263 969 5324 quc
982 5247 1100 5322 supro?

78 5323 194 5384 nionem
221 5327 342 5386 tantum
364 5325 571 5404 probabilem,
597 5327 706 5390 relicta
729 5329 855 5391 tutiore.
953 5333 1045 5408 Resp.
1060 5329 1214 5390 Sacerdos
1229 5333 1353 5391 tenetur
1366 5328 1407 5389 ad
1421 5325 1648 5388 absolvendum
1662 5329 1707 5390 ta-

80 5411 155 5492 Erge
176 5411 201 5474 si
226 5413 327 5474 solum
349 5413 511 5493 probabile
539 5415 580 5477 sit
606 5416 709 5479 valide
738 5417 858 5480 absolvi
913 5420 975 5480 lem
989 5416 1223 5494 moribundum,
1241 5415 1380 5495 illudque
1395 5413 1557 5476 evidenter
1575 5412 1707 5478 infertur
