4044 6340
328 531 369 606 34
973 531 1048 596 tte.
1071 532 1123 596 tt.
1147 533 1249 598 PARS
1270 533 1322 597 lll.

364 717 425 797 §2
442 711 566 797 Sponsi',
583 717 636 799 qui
650 717 716 779 sine
726 715 904 779 rationabili
920 715 1119 778 causaetiam

325 809 434 868 mutue
450 823 603 868 consensu
618 807 792 870 dissolvunt
804 805 972 886 sponsalia,
988 822 1120 884 praeser-

324 895 382 958 tim
406 893 524 975 jurata,
547 893 693 956 videntur
714 911 846 972 peccare
869 892 1047 968 venialiter,
1074 895 1121 952 est

325 979 1116 1057 enimlevitessinecausaresilireafidcdata,G0b.

326 1089 409 1131 num.
426 1071 495 1132 tae.

365 1159 426 1238 §3.
444 1159 476 1220 Si
491 1177 572 1220 unus
586 1159 705 1242 absque
716 1160 802 1243 justa
820 1176 916 1220 causa
933 1159 1020 1236 petat
1042 1156 1120 1217 rela-

259 1234 302 1281 ω
325 1247 483 1311 xationem
497 1249 701 1328 sponsalium,
717 1252 819 1330 potest
833 1249 912 1310 alter
926 1245 1049 1325 exigere
1064 1243 1121 1305 ali-

259 773 301 821 itt

327 1333 412 1417 quod
426 1353 551 1414 munus,
573 1354 628 1398 seu
652 1335 818 1416 pecuniam
839 1333 871 1396 in
895 1329 1120 1412 compensatio·

326 1442 399 1485 nem
414 1442 422 1485 :
438 1423 464 1484 si
479 1428 585 1486 autem
599 1423 651 1486 ille
665 1429 752 1504 petat
765 1440 836 1484 cum
849 1421 935 1501 justa
949 1437 1054 1498 causa,
1075 1420 1122 1480 al-

325 1516 374 1574 ter
387 1511 464 1573 nihil
479 1516 581 1592 potest
595 1513 730 1593 exigere,
747 1511 821 1593 quia
835 1510 886 1571 ille
898 1508 950 1590 jus
969 1507 1065 1568 habet
1079 1507 1120 1568 ad

327 1597 570 1679 dissolvendum,
586 1619 645 1662 nec
659 1617 785 1681 aequum
808 1602 866 1676 est,
891 1598 926 1658 ut
949 1598 1033 1658 emat
1053 1613 1120 1656 rem

326 1705 427 1766 suam,
444 1687 521 1768 Gob.
538 1707 568 1750 c.
586 1691 655 1751 265.

366 1777 427 1856 §t
444 1775 476 1838 Si
491 1775 640 1840 alteruter
654 1793 718 1838 non
732 1774 830 1836 libere
853 1771 1038 1850 consentiat,
1063 1770 1120 1830 sed

259 1851 302 1898 ¹⁰⁰
327 1865 448 1942 frende,
463 1869 561 1943 metu,
577 1866 627 1927 rel
646 1865 737 1926 aliter
757 1863 870 1944 injuste
892 1861 1037 1922 inductus
1060 1858 1121 1919 dis-

327 1954 428 2016 soluat
441 1953 608 2032 sponsalla,
630 1952 791 2014 dissolutio
806 1955 853 2012 est
875 1949 1022 2026 invalida,
1047 1946 1121 2027 quia

328 2042 395 2104 haec
409 2041 550 2104 remissio
566 2044 614 2104 est
627 2042 772 2123 quaedam
795 2039 914 2118 species
932 2035 1118 2112 donationis,

329 2149 399 2213 qum
413 2131 509 2193 dehet
523 2149 591 2192 esse
605 2125 754 2206 liberalis,
770 2133 802 2191 et
823 2129 932 2190 libera.
955 2129 1064 2188 Avers.
1090 2125 1122 2184 et

329 2219 420 2298 Spor.
437 2235 543 2297 snpra,
561 2217 638 2280 Gcb.
654 2237 686 2281 c.
702 2219 772 2280 258.
789 2217 828 2278 Et
841 2233 878 2276 ex
893 2213 984 2276 dictis
994 2210 1122 2274 resolvi-

328 2311 382 2370 tur
394 2321 529 2386 sequens
544 2323 647 2367 casus.

368 2387 468 2458 'littus
481 2393 637 2456 contraxit
650 2389 810 2473 sponsalia
819 2409 891 2452 cum
905 2389 989 2467 Gaia,
1006 2389 1062 2452 sed
1075 2389 1122 2452 vi-

330 2477 407 2542 dens
430 2479 489 2543 sibi
504 2481 654 2562 affulgere
678 2497 764 2559 spem
781 2478 928 2540 connubii
945 2496 1018 2540 cum
1034 2481 1122 2541 Sem-

328 2567 441 2648 pronia
454 2567 582 2646 ditiore,
594 2566 744 2630 abstinuit
758 2566 885 2648 quidem
895 2585 914 2627 a
925 2566 1122 2644 sponsalibus

329 2673 401 2718 cum
408 2655 597 2735 Sempronia
606 2654 837 2732 contrahendis
851 2657 987 2716 attamen
997 2673 1060 2716 non
1070 2673 1123 2715 ex-

329 2741 436 2820 currit,
462 2747 497 2806 ut
519 2741 650 2820 solebat,
677 2742 718 2805 ad
737 2741 856 2820 Gaiam,
880 2742 936 2804 sed
964 2741 1122 2804 mensibus

329 2829 394 2892 fere
409 2831 517 2894 decem
532 2831 572 2894 ab
587 2829 654 2911 ejus
668 2829 823 2893 consortio
839 2829 1002 2906 abstinuit,
1025 2827 1123 2907 scrip-

1173 715 1228 778 bat
1246 735 1278 777 se
1299 715 1399 778 teneri
1417 709 1560 794 reddere,
1586 709 1713 793 erravit,
1737 717 1769 778 et
1787 711 1935 778 noluitred

1174 803 1248 865 dere
1263 803 1288 864 si
1303 822 1365 865 non
1380 805 1562 866 tenebatur:
1580 822 1655 884 ergo
1671 821 1743 864 cum
1763 822 1826 864 non
1847 807 1947 866 tenere-

1174 893 1235 967 tur,
1252 891 1352 954 noluit
1366 911 1385 972 e
1398 911 1431 952 se
1447 891 1606 969 abdicare,
1621 891 1706 952 uude
1727 891 1827 953 Titius
1844 895 1947 954 tenetur

1174 977 1231 1056 ipsi
1246 978 1396 1052 reddere;
1414 980 1505 1041 sicuti
1519 979 1544 1040 si
1559 979 1721 1040 solvissem
1739 979 1885 1058 pecunias
1904 999 1948 1058 pu-

1173 1072 1244 1128 tans
1257 1085 1308 1128 me
1323 1067 1449 1146 debere,
1466 1087 1538 1129 cum
1553 1087 1614 1130 non
1630 1069 1795 1146 deberem,
1813 1086 1870 1128 non
1891 1068 1947 1128 erui

1173 1173 1223 1216 me
1246 1156 1394 1235 dominio,
1419 1157 1474 1219 sed
1497 1158 1576 1220 alter
1596 1161 1757 1219 teneretur
1779 1155 1853 1216 mihi
1876 1155 1950 1217 resti·

1174 1245 1272 1306 tuere.
1290 1246 1394 1308 Potuit
1408 1250 1513 1308 tamen
1532 1245 1608 1307 Gaia
1630 1245 1772 1307 absolute
1796 1245 1873 1306 velle
1893 1243 1949 1305 red·

1174 1331 1259 1412 dere,
1276 1353 1307 1396 v.
1323 1355 1354 1414 g.
1380 1339 1415 1396 ut
1437 1353 1469 1395 se
1493 1352 1679 1414 generosam
1698 1333 1884 1409 ostenderet,
1907 1349 1950 1392 no

1173 1420 1240 1481 lens
1255 1421 1371 1500 aliquid
1387 1421 1490 1482 abillo
1506 1421 1634 1498 habere,
1644 1420 1683 1481 de
1695 1422 1870 1500 qnamente
1881 1419 1949 1480 Coie

1174 1509 1297 1567 tenetur
1311 1527 1344 1568 se
1364 1509 1477 1571 iterum
1499 1508 1668 1570 certiorare
1689 1507 1803 1585 Titius,
1827 1524 1893 1568 cum
1906 1505 1950 1586 jus

1175 1593 1256 1656 Gaiae
1271 1595 1310 1657 sit
1324 1596 1356 1656 in
1370 1596 1576 1676 possessione.

1217 1681 1322 1758 Quart.
1339 1689 1388 1749 hl.
1398 1720 1438 1731 -
1455 1682 1537 1768 Quid
1550 1681 1715 1746 addendum
1729 1683 1770 1743 sit
1784 1683 1860 1744 circu
1877 1681 1952 1742 disso-
1970 1689 1995 1734 111

1175 1769 1312 1832 lotionem
1326 1773 1361 1834 ct
1374 1775 1506 1836 crimen?
1519 1775 1614 1853 Resp.
1635 1773 1654 1851 ξ
1676 1774 1705 1834 l.
1721 1770 1844 1832 Aemili.
1869 1774 1898 1832 et
1909 1769 1951 1830 alii

1175 1859 1282 1921 dicunt
1296 1862 1454 1939 sponsalia
1468 1879 1530 1922 non
1553 1861 1657 1938 rumpi
1674 1878 1731 1939 per
1745 1859 1862 1920 illatam
1875 1875 1953 1937 spon·

1175 1965 1216 2008 sae
1232 1947 1354 2010 atertio
1369 1949 1443 2027 vim,
1465 1967 1519 2010 scu
1543 1953 1697 2026 stuprum,
1723 1947 1843 2027 quiesi
1864 1949 1952 2007 essent

1175 2035 1335 2116 conjuges,
1352 2055 1415 2098 non
1430 2037 1500 2099 ideo
1515 2041 1736 2115 separarentur
1751 2039 1830 2112 toro,
1843 2052 1895 2095 nec
1909 2049 1954 2111 per

1175 2123 1235 2186 lico
1249 2125 1365 2187 violata
1379 2130 1427 2198 est
1440 2127 1528 2194 fides,
1545 2144 1603 2186 nec
1618 2123 1688 2186 ideo
1703 2124 1851 2204 praesumi
1868 2123 1956 2202 potest

1175 2212 1348 2292 periculum
1363 2213 1430 2294 ejus
1444 2211 1609 2274 violanda.
1631 2211 1783 2291 Opposita
1804 2206 1953 2282 sententia,

1176 2319 1271 2381 quam
1294 2301 1501 2364 communiter
1518 2302 1626 2363 tenent
1650 2299 1803 2380 'theologi
1827 2301 1858 2360 et
1875 2296 1956 2360 turis·

1175 2389 1430 2452 taccumSanch.
1455 2387 1517 2450 ld.
1539 2393 1590 2467 55,
1613 2409 1643 2450 c.
1666 2392 1697 2466 t,
1721 2393 1832 2452 Avers
1853 2388 1954 2468 q.8,r.

1176 2480 1224 2554 tt,
1242 2478 1332 2539 Matr.
1349 2497 1379 2539 c.
1396 2481 1445 2554 et,
1471 2477 1568 2539 Krim.
1594 2497 1624 2539 c.
1641 2479 1710 2552 309,
1736 2475 1863 2554 llugler.
1884 2493 1913 2555 p.
1931 2475 1955 2550 3,

1175 2582 1207 2624 n.
1222 2565 1272 2641 83,
1292 2569 1340 2626 est
1356 2565 1556 2645 probabilior,
1582 2569 1614 2627 et
1631 2563 1800 2643 colligitur,
1826 2582 1863 2624 ex
1884 2563 1950 2640 Gap.

1176 2652 1300 2732 Raptor.
1317 2655 1366 2730 t'l,
1382 2673 1411 2735 q.
1427 2657 1457 2714 ⁰2.
1475 2653 1564 2716 ltatio
1580 2656 1685 2713 autem
1699 2655 1757 2728 est,
1769 2650 1953 2732 quiasponsa

1177 2758 1234 2820 per
1261 2739 1320 2802 hoc
1348 2745 1395 2803 est
1417 2742 1540 2803 reddita
1567 2741 1746 2803 notabiliter
1775 2739 1874 2816 vilior,
1902 2743 1957 2800 tunt

1177 2827 1312 2904 maxime
1340 2829 1415 2908 quia
1446 2847 1579 2908 sponsus
1602 2832 1813 2908 exponeretur
1836 2825 1959 2907 periculo

329 2917 369 2980 tis
384 2919 572 2999 quandoque
587 2917 627 2980 ad
642 2936 712 2980 eam
734 2917 845 2979 litteris
859 2917 932 2980 hinc
951 2917 1023 2978 inde
1047 2936 1124 2997 qne·
1177 2914 1296 2976 alendae
1311 2915 1417 2994 prolis,
1430 2916 1514 2997 quod
1528 2917 1633 2978 subire
1652 2935 1714 2979 non
1738 2920 1873 2978 tenetur.
1897 2914 1959 2986 One

330 3007 417 3084 rulis,
433 3009 564 3085 captans
577 3005 690 3066 saltem
706 3003 856 3066 indirecte
872 3005 930 3066 hac
945 3005 1064 3067 ratione
1074 3022 1123 3066 cc·
1178 3003 1313 3065 rationes
1336 3022 1399 3065 non
1426 3009 1544 3083 tenent,
1565 3005 1590 3067 si
1614 3023 1747 3084 sponsus
1770 3007 1858 3066 metu
1884 2997 1958 3082 gravi

331 3092 491 3158 casicnem
505 3090 695 3154 dissolvendi
709 3090 866 3170 sponsalia
875 3110 948 3152 cum
957 3091 1041 3170 Gaia,
1054 3111 1123 3173 quae
1178 3095 1343 3171 cogeretur
1368 3091 1539 3167 fornicari;
1582 3093 1655 3156 hinc
1691 3091 1868 3154 communis
1899 3103 1960 3149 cun

332 3181 427 3248 etiam
445 3179 611 3242 inaudiens
631 3179 716 3261 quod
737 3197 809 3242 cum
830 3180 1015 3258 Sempronia
1037 3180 1124 3241 fami·
1179 3179 1293 3243 Sanch.
1319 3199 1349 3242 n.
1375 3183 1404 3258 8,
1429 3184 1524 3258 tenet,
1552 3200 1613 3243 non
1637 3182 1708 3243 idec
1731 3199 1827 3261 posse
1855 3175 1960 3238 resilire

330 3269 439 3334 liarius
463 3271 582 3349 ageret,
607 3269 735 3330 arrham
756 3268 784 3330 ei
806 3269 951 3347 remittit,
975 3268 1124 3330 liberum·
1178 3286 1335 3347 sponsam.
1353 3269 1385 3331 Si
1399 3275 1504 3331 tamen
1524 3269 1591 3332 haec
1614 3275 1784 3349 propterea
1807 3268 1959 3329 horrorem

333 3377 394 3440 que
424 3357 574 3437 relinquit
595 3356 699 3418 facere
732 3355 815 3437 quod
840 3356 925 3434 velit,
955 3357 1125 3436 exprobets
1179 3357 1310 3418 haberet
1322 3358 1362 3419 ab
1376 3358 1436 3420 hoc
1450 3377 1576 3438 sponso,
1586 3357 1684 3420 Krim.
1697 3378 1727 3422 c.
1740 3359 1813 3436 310,
1829 3353 1902 3417 dicit
1909 3369 1962 3414 non

332 3444 441 3507 durius
464 3443 492 3506 ei
515 3463 573 3506 sua
595 3443 792 3521 infidelitate,
817 3443 1013 3524 desuperque
1036 3462 1124 3506 cons·
1179 3465 1247 3506 esse
1261 3447 1436 3526 cogendam
1451 3448 1576 3508 ducere.

332 3533 480 3596 cientium
502 3549 648 3612 gravans.
677 3531 829 3606 Queriter
846 3550 887 3592 an
901 3531 999 3594 'fitius
1013 3550 1126 3612 pecca·
1219 3533 1286 3611 Μ.
1311 3535 1343 3596 Si
1362 3540 1494 3616 uterquc
1516 3540 1587 3614 post
1609 3534 1768 3614 sponsalia
1791 3531 1961 3608 fornicetur,
1980 3535 1997 3586 11

333 3622 385 3700 rit,
402 3625 433 3682 et
447 3618 643 3700 sponsalibus
651 3619 695 3681 sic
703 3619 1039 3698 dissolutistutopcssit
1047 3621 1124 3680 inire
1180 3620 1254 3701 quid
1276 3623 1426 3683 Auctores
1448 3621 1568 3700 dicant,
1590 3623 1685 3684 refert
1699 3623 1850 3685 Busemb.
1867 3637 1960 3700 supra,

333 3727 418 3771 nova
430 3725 503 3769 cum
518 3706 722 3784 Sempronia?
738 3707 830 3786 Resp.
847 3707 875 3767 f.
892 3706 1001 3784 Titius,
1018 3726 1075 3787 per
1092 3726 1125 3769 se
1181 3713 1211 3770 et
1225 3709 1329 3787 plures
1343 3728 1400 3788 pro
1411 3709 1540 3790 singulis
1551 3709 1712 3773 sententiis
1721 3710 1856 3774 adducit
1865 3713 1962 3772 hiere.

332 3791 501 3878 loquendo,
517 3794 660 3875 peccavit
673 3794 855 3872 mortaliter,
873 3795 947 3875 quia
969 3796 1033 3875 egit
1051 3815 1126 3857 con·
1179 3795 1318 3876 §Perre
1340 3797 1429 3860 Ratio
1445 3803 1550 3860 autem
1565 3817 1693 3876 eorum,
1710 3800 1765 3880 qui
1781 3799 1892 3862 dicunt
1904 3812 1963 3858 cum

334 3887 383 3949 tra
392 3885 444 3965 jus
458 3882 566 3963 magni
587 3882 737 3944 momenti
759 3883 840 3946 Gaia
863 3883 1048 3964 acquisitum
1069 3904 1126 3965 per
1180 3881 1291 3945 Borrae.
1307 3889 1453 3947 neutrum
1466 3903 1558 3964 posse
1573 3885 1703 3964 resilire,
1717 3893 1776 3966 est,
1795 3886 1872 3969 quia
1884 3883 1964 3948 delic-

333 3977 546 4049 contrectum,
583 3966 672 4051 cujus
703 3969 936 4050 obligationem,
966 3971 992 4032 si
1018 3971 1127 4033 liceret
1180 3975 1246 4033 lum
1261 3970 1353 4032 unius
1367 3978 1588 4050 compensatur
1597 3992 1654 4052 per
1667 3973 1822 4035 delictum
1837 3969 1962 4034 alterius.

334 4059 428 4122 etiam
442 4059 593 4121 indirecte
607 4058 652 4120 ita
664 4059 784 4137 tollere,
807 4059 859 4120 vix
883 4059 946 4120 ulla
968 4059 1126 4139 sponsalia
1180 4057 1240 4120 Nec
1262 4057 1353 4140 refert
1375 4059 1458 4141 quod
1489 4058 1637 4122 delictum
1658 4079 1783 4140 sponsae
1813 4061 1966 4124 censeatur

334 4151 462 4228 possent
482 4165 611 4208 manere
634 4147 737 4208 firma.
762 4149 826 4207 Nec
849 4165 945 4208 causa
967 4146 1125 4207 resiliendi
1180 4147 1324 4228 gravius,
1344 4166 1413 4208 cam
1431 4146 1619 4209 adulterium
1633 4149 1738 4210 uxoris
1755 4148 1856 4212 etiam
1869 4161 1966 4208 cense·

333 4234 489 4296 sufficiens
503 4233 706 4296 videturesse
721 4233 850 4313 praecise
865 4252 980 4314 sponsa
1002 4234 1123 4314 melior,
1179 4240 1232 4298 tur
1250 4233 1393 4312 gravius,
1417 4239 1582 4312 ettamen,
1599 4235 1624 4296 si
1640 4239 1707 4298 tam
1721 4235 1772 4297 vir
1788 4253 1886 4316 quam
1900 4247 1966 4293 uxor

334 4339 406 4384 cum
429 4339 486 4401 per
508 4319 568 4382 hoc
590 4325 689 4384 status
709 4321 817 4400 primae
849 4342 910 4385 non
930 4323 1123 4402 immutetur,
1181 4321 1396 4400 adulterarint,
1413 4322 1527 4385 delicta
1540 4342 1573 4385 se
1588 4329 1809 4403 compensant,
1823 4327 1855 4386 et
1869 4339 1926 4384 non
1939 4319 1967 4378 fit

335 4409 1126 4491 nequenotabilitervarienturoircumstantiaeprio·
1181 4409 1359 4472 divortium.
1386 4411 1475 4472 Ratio
1499 4429 1619 4489 eorum,
1646 4411 1698 4492 qui
1722 4412 1854 4490 dicunt,
1878 4410 1966 4472 solum

334 4516 404 4559 rum
432 4496 623 4577 sponsalium
648 4517 655 4559 ε
681 4516 822 4577 suppono
846 4505 962 4578 autem,
988 4501 1072 4580 quod
1096 4503 1127 4562 et
1181 4516 1328 4578 sponsum
1344 4516 1435 4577 posse
1450 4499 1580 4576 resilire,
1592 4504 1649 4576 est,
1662 4499 1736 4580 quia
1752 4499 1786 4560 in
1802 4516 1916 4580 sponsa
1929 4495 1967 4556 est

334 4603 407 4647 cum
421 4585 495 4648 Gaia
505 4585 596 4664 juxta
607 4589 721 4648 statum
733 4605 824 4646 suum
842 4587 1005 4648 commode
1020 4586 1125 4650 vivere
1181 4587 1241 4647 hoc
1256 4586 1387 4665 foedius,
1408 4606 1478 4668 quae
1496 4589 1531 4650 fit
1545 4588 1723 4652 notabiliter
1736 4589 1846 4666 vilior,
1862 4593 1893 4650 et
1905 4583 1968 4666 quie

334 4671 443 4751 possit,
460 4672 602 4752 quamvis
618 4673 695 4734 forte
709 4673 813 4734 minus
824 4674 997 4737 commode.
1010 4679 1040 4736 f.
1053 4676 1127 4738 Gaia
1180 4674 1400 4752 criscecum,
1417 4674 1506 4756 cujus
1520 4675 1560 4737 sit
1572 4677 1679 4738 futuro
1692 4677 1819 4756 proles,
1837 4680 1965 4750 castrop-

334 4759 440 4820 dicens
463 4776 497 4818 se
521 4776 650 4821 onerare
666 4761 888 4823 conscientiam
910 4761 981 4823 'l'itii
1003 4762 1128 4825 videtur
1180 4761 1210 4824 d.
1237 4765 1270 4839 l,
1295 4781 1326 4842 p.
1352 4766 1407 4840 ht,
1433 4765 1542 4824 svers,
1567 4764 1665 4826 Krim.
1690 4783 1720 4825 n.
1749 4766 1829 4843 312,
1850 4761 1965 4843 llugler.

334 4845 521 4927 significare,
545 4847 629 4926 quod
653 4865 716 4911 non
740 4849 832 4912 cedat
842 4850 917 4931 juri,
934 4851 990 4912 sed
1005 4857 1126 4914 tantum
1179 4869 1211 4931 p.
1228 4852 1258 4926 3,
1274 4847 1296 4910 l.
1309 4853 1357 4928 89,
1370 4851 1562 4928 probabilius
1577 4851 1685 4913 dicunt
1699 4855 1874 4933 utrumque
1888 4863 1967 4930 posse

334 4934 411 4995 nolit
427 4932 596 4994 convenire
617 4932 648 4993 in
668 4934 735 4998 foro
758 4939 896 5015 externo,
921 4938 1004 4999 unde
1028 4939 1127 5000 Titius
1181 4937 1310 5014 resilire,
1324 4937 1397 5018 quia
1411 4943 1541 5018 uterque
1555 4939 1652 5001 violat
1666 4939 1786 5014 fidem3
1804 4957 1881 5020 ergo
1896 4940 1968 4997 uter·

334 5023 441 5104 manet
456 5016 622 5098 obligatus,
638 5015 697 5081 nisi
712 5020 787 5084 Gaia
801 5022 841 5085 ob
851 5022 932 5086 hanc
942 5025 1020 5087 forte
1031 5027 1126 5087 otten-
1181 5044 1241 5106 que
1255 5025 1309 5086 dat
1322 5025 1411 5087 alteri
1421 5025 1475 5106 jus
1489 5025 1658 5088 resiliendi.
1670 5028 1875 5108 htsponsum
1888 5039 1967 5106 posse

333 5105 512 5168 samlibere
527 5105 665 5169 remittat
675 5106 726 5188 jus
741 5128 848 5184 suum;
866 5114 897 5172 et
910 5110 1003 5174 debet
1017 5112 1056 5174 de
1066 5113 1126 5176 hoc
1180 5113 1309 5193 rejicere
1338 5131 1484 5196 sponsam
1512 5114 1710 5176 fornicariam
1740 5133 1808 5177 non
1837 5113 1967 5177 obstante

334 5213 369 5256 se
384 5193 552 5256 certiorare
567 5193 677 5271 Titius,
693 5213 766 5256 cum
776 5195 829 5276 jus
843 5196 924 5258 Gaiae
939 5197 980 5260 sit
1000 5197 1030 5259 in
1054 5218 1127 5279 pos·
1183 5201 1305 5262 vinculo
1325 5199 1513 5281 juramenti,
1539 5201 1693 5266 deciditur
1712 5203 1796 5284 Gap.
1825 5195 1968 5279 Oitoenud·

335 5281 483 5344 sessione.
512 5285 542 5344 3.
572 5282 647 5346 Gaia
668 5283 834 5368 acquisivit
852 5283 904 5365 jus
931 5285 972 5347 ad
999 5287 1126 5349 arrham
1180 5289 1297 5349 enodem
1312 5291 1361 5366 25,
1379 5288 1417 5349 de
1429 5289 1645 5371 jurejurando.

334 5368 410 5449 quia
429 5369 528 5431 Titius
551 5368 617 5430 sine
640 5371 733 5451 culpo
755 5370 837 5434 Caice
859 5372 978 5452 resiliit,
1004 5381 1035 5435 et
1059 5377 1125 5438 sine
1219 5378 1238 5456 ἓ
1260 5379 1289 5436 3.
1316 5377 1348 5438 Si
1372 5377 1453 5439 adsit
1475 5378 1542 5439 sola
1569 5379 1774 5457 praesumptio
1805 5377 1967 5442 commissu
1986 5391 1997 5438 1

333 5471 439 5533 causa,
455 5457 539 5520 unde
553 5457 579 5520 si
593 5457 668 5523 Gaia
681 5459 753 5523 ideo
766 5460 914 5540 reddidit,
940 5463 1015 5543 quia
1035 5467 1126 5543 puta-
1179 5464 1402 5543 fornicationis,
1428 5467 1472 5527 uti
1496 5466 1521 5529 si
1546 5485 1661 5547 sponsa
1682 5466 1900 5550 frequentaret
1919 5465 1966 5526 dc·
