3986 6350
589 534 640 596 ιιι]
665 535 696 595 S.
727 529 937 594 GRUClA'fAE
963 527 1106 593 BULer.

35 727 68 786 tis
79 721 165 802 primi
178 741 185 783 :
210 721 246 782 de
268 719 410 784 nutantis
423 719 459 782 ab
471 717 630 802 Eptseopo,
646 717 700 802 qni
711 737 816 780 renun-

35 811 114 872 n‘ocr't
135 807 333 890 Epr'scopotui
341 831 353 876 ,·
375 807 427 868 ubi
451 807 653 887 suspenditur
672 807 712 870 ab
727 805 817 870 Ordi-

34 915 98 959 num
111 896 318 972 exsecutione,
331 895 523 980 quiaeeepit
537 895 661 956 ordines
676 895 716 956 ab
726 893 815 973 Epis-

33 1003 111 1064 copo,
127 982 179 1063 qui
195 982 606 1063 renuntiavitllpiseopatui.
626 983 715 1056 Quod
725 982 750 1042 si
765 1000 814 1043 ac-

32 1072 139 1151 ceperit
160 1071 302 1148 ordines,
325 1071 426 1132 sciens
445 1075 477 1133 et
497 1071 635 1152 prudens
655 1070 814 1134 renuntia·

34 1160 121 1236 tionb,
137 1159 302 1239 suspensio
317 1159 383 1222 haec
397 1164 576 1222 reservatur
590 1163 691 1239 Pape;
718 1159 743 1220 si
758 1178 814 1220 au-

32 1255 85 1308 lem
105 1247 233 1327 ignarus
255 1246 512 1325 renuntiationis,
538 1251 717 1308 reservatur
740 1246 814 1325 tpi-

32 1351 125 1415 scopo.
138 1334 317 1396 Secundam
330 1334 375 1396 :si
390 1335 539 1412 evenerit,
552 1339 587 1397 ut
597 1335 737 1398 Pontifex
753 1335 813 1396 dis·

31 1425 162 1502 pensaret
176 1440 249 1484 cum
263 1422 400 1485 Diacono
419 1424 459 1485 ad
477 1424 727 1485 contrahendum
746 1442 815 1484 ma-

30 1508 198 1571 trimonium
220 1513 252 1570 et
269 1508 354 1590 juste
378 1509 473 1571 etiam
496 1509 702 1589 suspenderet
725 1509 813 1571 illum

30 1595 129 1657 abusu
143 1593 262 1657 ordinis
286 1597 522 1675 subdiaconus,
543 1597 631 1659 finito
650 1596 813 1660 matrimo-

32 1683 86 1760 nio,
97 1684 179 1745 solus
189 1684 332 1746 Pontifex
347 1689 452 1764 posset
466 1685 561 1746 talem
576 1685 813 1764 suspensionem

33 1772 152 1833 anferre.
184 1773 249 1834 Sed
275 1773 301 1833 si
330 1777 379 1834 est
400 1773 641 1875 matrimonium
659 1776 761 1835 ratum
783 1777 815 1835 et

34 1860 202 1922 dissolvitur
221 1879 279 1940 per
298 1861 475 1941 ingressum
490 1860 670 1940 Religionis,
695 1861 813 1922 Dioeee·

30 1965 110 2009 sanus
123 1948 298 2029 Episcopus
312 1953 415 2028 potest
428 1950 601 2010 absolvere.

62 2038 179 2098 cuncte
190 2039 412 2117 suspensiones
423 2037 575 2118 impositae
591 2037 692 2118 ajure
702 2038 733 2098 in
749 2057 814 2118 poe·

30 2139 91 2183 nam
109 2121 242 2204 alicujus
265 2123 415 2201 criminis,
441 2129 534 2205 prout
557 2125 733 2186 communis
755 2126 815 2188 fert

29 2209 177 2287 sententia,
204 2211 345 2272 Pontifici
373 2216 585 2274 reservantur.
612 2213 701 2286 Quod
725 2213 810 2274 idem

29 2298 61 2360 de
78 2300 331 2380 suspensionibus
351 2305 439 2364 extra
453 2301 505 2381 jus
520 2320 539 2362 a
553 2303 690 2364 Summis
707 2303 814 2364 Ponti-

29 2385 123 2447 ficibus
143 2385 300 2467 impositis
323 2387 526 2451 sentiendum
548 2392 614 2465 est,
640 2391 811 2452 Panormit.

28 2491 79 2554 cop.
105 2477 140 2544 t,
164 2473 203 2535 de
223 2475 276 2537 sol.
305 2495 336 2538 n.
362 2479 401 2550 53
432 2477 519 2554 Sylv.
549 2476 631 2537 oer'do
660 2475 814 2558 Suspensio

5 2579 97 2624 ¹aune
120 2565 157 2635 ὃς
180 2564 280 2626 Felin.
307 2563 378 2626 ibr'rt.
404 2563 517 2625 Mando
541 2563 572 2626 d.
593 2567 642 2644 25,
668 2585 699 2627 n.
716 2568 766 2642 96,
783 2572 815 2626 et

5 2715 6 2720 ξ
30 2647 72 2709 alii
84 2649 197 2730 plures.
420 2725 423 2734 Ι

5 2749 6 2808 j
61 2737 128 2809 One
142 2741 251 2799 antem
271 2735 478 2815 imponuntur
492 2737 606 2819 injure
621 2755 684 2800 non
698 2739 730 2799 in
745 2758 813 2820 poe-

28 2841 99 2902 num,
113 2825 168 2888 sed
182 2843 241 2904 pro
257 2825 456 2887 cuntumaeia
472 2830 504 2887 et
518 2843 581 2886 non
599 2833 810 2905 reservantur,

5 2933 6 2942 ¹
32 2917 120 2992 potest
141 2913 306 2976 absolvere
329 2912 521 2992 Episcopus3
556 2913 631 2994 quia
653 2933 725 2976 curn
749 2933 812 2978 non

5 2999 60 3062 *sit
78 3019 178 3082 prena,
203 3000 259 3062 sed
283 2999 451 3078 medicina,
477 3020 579 3082 neque
602 3002 744 3065 Pontifex
759 3023 812 3066 eas

28 3087 75 3150 ribi
87 3091 225 3150 reservet
238 3087 356 3168 patitur
368 3089 419 3150 lex
433 3090 515 3151 bane
533 3090 703 3169 benignam
718 3091 812 3152 inter-

5 3177 7 3212 ?
27 3176 232 3253 pretationem.

59 3265 267 3343 Interdictum,
292 3270 349 3328 aut
371 3269 418 3328 est
435 3266 547 3345 locale,
564 3273 619 3330 aut
631 3269 808 3348 personale.

5 3395 7 3406 2
28 3352 137 3414 fertem
151 3357 200 3416 est
215 3358 333 3432 autem,
349 3353 448 3416 locale
459 3374 520 3417 non
536 3374 627 3436 posse
641 3357 738 3420 Bullee
748 3357 812 3418 vir-

5 3435 6 3486 i
27 3443 81 3502 tate
94 3443 166 3520 tolli,
191 3443 249 3504 sed
270 3444 446 3522 personale,
464 3445 538 3525 quin
552 3445 642 3506 Bnlla
656 3453 703 3506 est
717 3444 810 3526 privi-

5 3543 7 3610 ᾗ
27 3525 126 3606 legium
140 3549 296 3609 personae,
320 3549 383 3592 non
396 3532 468 3595 loci.

5 3617 6 3620 ’
59 3619 221 3680 interdicta
244 3619 365 3700 ajure,
390 3624 464 3681 sunt
486 3622 595 3698 multa,
622 3640 691 3703 quae
715 3622 811 3683 refert

5 3707 6 3766 i
26 3705 134 3782 flendo,
157 3707 189 3766 in
210 3727 277 3789 cop.
297 3714 327 3784 s,
353 3707 384 3770 d.
401 3712 451 3786 25,
469 3710 631 3772 remittens
645 3711 685 3771 ad
701 3729 809 3791 specu·

1607 530 1666 591 393

871 718 952 780 riam
973 713 1160 778 sententiam
1184 732 1245 776 uon
1270 731 1338 776 esse
1352 712 1613 794 improbabilem
1639 717 1672 776 et

872 805 956 886 qued
971 804 1002 864 in
1017 803 1106 883 praxi
1120 802 1218 882 possit
1232 802 1397 882 quisillam
1411 800 1511 882 sequi,
1529 802 1667 882 quando,

871 893 1055 955 necessitate
1071 895 1213 972 urgente,
1230 909 1292 952 non
1311 890 1405 951 datur
1426 889 1526 950 facilis
1547 890 1587 950 ad
1613 892 1670 952 Su-

873 982 1030 1062 periorem
1052 999 1207 1043 recursus.
1234 981 1343 1042 Plures
1358 978 1463 1054 etiarn,
1481 995 1559 1058 quos
1574 979 1670 1040 refert

869 1069 957 1131 Dian.
989 1068 1137 1146 sentiunt,
1167 1067 1281 1130 virtute
1304 1067 1401 1129 Bullae
1428 1084 1520 1147 posse
1547 1066 1667 1128 absolvi

868 1157 909 1220 ab
932 1156 1173 1236 irregularitate,
1202 1175 1272 1236 qnae
1304 1172 1382 1234 pure
1405 1157 1453 1215 ost
1473 1171 1577 1232 paena,
1605 1172 1668 1215 non

868 1262 942 1305 vero
971 1243 1010 1306 ab
1034 1243 1106 1304 alia.
1131 1242 1167 1304 In
1192 1241 1285 1303 Bulla
1312 1241 1367 1302 tlt.
1394 1245 1422 1318 l,
1447 1241 1466 1320 ἓ
1488 1246 1519 1318 7,
1545 1260 1610 1322 cap.
1634 1245 1664 1320 2,

868 1329 896 1393 d.
920 1334 967 1410 lt,
984 1351 1063 1393 nam.
1079 1335 1109 1408 4,
1131 1331 1221 1392 Dian.
1238 1335 1267 1408 l,
1280 1349 1313 1412 p.
1335 1337 1419 1391 treet.
1441 1333 1490 1407 ll,
1506 1348 1570 1390 sess.
1587 1332 1635 1390 27.

1102 1622 1300 1684 DUBIUM
1331 1621 1428 1682 xvi.

901 1821 946 1883 De
953 1829 1096 1903 potestate
1110 1821 1310 1884 commutandi
1322 1832 1391 1911 vota
1405 1824 1513 1885 virtute
1525 1821 1634 1886 Bnllae.

909 2032 1013 2094 Verba
1023 2033 1120 2096 Bnllae
1131 2037 1204 2096 sunt
1217 2034 1304 2096 haec:
1321 2033 1422 2096 Podro
1437 2035 1563 2098 tambaco
1576 2035 1606 2096 et
1620 2035 1670 2098 dt·

867 2119 920 2180 eto
945 2119 1099 2202 Confessor
1121 2122 1324 2184 commutorles
1351 2124 1556 2206 paulesqniero
1574 2133 1666 2203 votor,

866 2227 983 2290 cunque
1003 2228 1033 2271 se
1045 2229 1083 2271 aa
1098 2229 1150 2270 eon
1164 2210 1347 2291 juramento,
1370 2211 1467 2274 dando
1482 2213 1512 2274 lo
1526 2212 1663 2289 timoren,

867 2314 922 2377 qne
931 2297 1081 2378 pureeiere
1102 2317 1137 2358 en
1158 2300 1255 2378 tneor,
1276 2299 1450 2382 ybeoefier'o
1471 2299 1550 2362 cteta
1568 2300 1662 2362 Bulla

867 2381 903 2445 de
917 2383 948 2446 tn
960 2394 1044 2446 santo
1059 2385 1204 2463 Crnzndo,
1221 2396 1352 2468 exceptos
1365 2388 1408 2450 tos
1421 2387 1456 2450 de
1471 2388 1503 2453 tc
1519 2388 1666 2454 Gottidad

867 2471 1051 2556 yftetr'pion,
1068 2495 1088 2557 y
1106 2474 1322 2540 Ultramortno.
1340 2525 1342 2528 .

1091 2766 1383 2830 ARTIGULUS
1414 2768 1437 2830 ι.

1052 2965 1249 3030 Resotountur
1261 2968 1350 3031 dnbio
1364 2971 1478 3051 atiquo.

906 3176 1046 3240 Primum
1061 3179 1210 3242 dubium:
1236 3179 1284 3242 An
1306 3182 1337 3242 in
1354 3181 1508 3263 facultate,
1523 3203 1582 3266 qna
1596 3202 1665 3244 oon-

865 3263 978 3328 cedttar
999 3267 1197 3328 commutandi
1219 3277 1286 3330 vota
1309 3269 1418 3330 virtute
1440 3270 1549 3342 Bulla,
1566 3291 1652 3334 conoe

865 3355 957 3416 datur
976 3354 1066 3415 etiam
1088 3355 1297 3438 despensandi?
1321 3360 1413 3437 Resp.
1435 3359 1591 3438 negative.
1610 3363 1666 3424 Est

864 3441 1018 3504 sententia
1040 3443 1225 3506 communis.
1243 3444 1352 3507 Ratio:
1376 3446 1450 3526 qnia
1465 3447 1496 3506 in
1511 3447 1664 3511 facultate

863 3529 987 3607 minori,
1013 3531 1048 3591 nt
1070 3533 1117 3591 est
1139 3530 1271 3593 facultas
1285 3533 1511 3610 commutandi,
1537 3553 1599 3596 non
1615 3533 1663 3596 in·

864 3616 1000 3679 eluditur
1027 3617 1158 3682 facultas
1185 3619 1296 3699 major,
1328 3621 1428 3702 qualis
1464 3627 1511 3684 est
1538 3623 1664 3703 dispen-

863 3704 963 3766 sandi.
990 3705 1083 3766 Solus
1105 3709 1211 3768 tamen
1234 3711 1320 3770 tenet
1342 3709 1564 3772 affirmativam
1585 3730 1660 3791 par-

26 3793 157 3856 latiouem
171 3793 271 3873 ipsius
283 3795 375 3875 juris,
393 3795 559 3876 discutere,
576 3818 617 3860 an
632 3800 694 3861 sint
707 3818 810 3861 reser-
863 3797 945 3866 tem3
971 3792 1114 3854 Leander
1137 3794 1232 3856 etiam
1252 3813 1309 3876 pro
1329 3795 1389 3858 hac
1404 3796 1549 3876 opinione
1563 3798 1661 3861 refert

5 3903 6 3960 j
27 3885 96 3957 vata,
119 3883 168 3943 vel
185 3900 262 3944 non.
280 3885 355 3956 Ona
369 3883 535 3946 interdieta
550 3905 622 3948 cum
637 3888 810 3950 innitantur
862 3880 1045 3956 Tabienam,
1064 3886 1095 3941 et
1109 3881 1226 3956 Polet.;
1252 3883 1308 3944 sed
1325 3883 1357 3944 hi
1372 3887 1524 3947 ductores
1539 3904 1600 3947 non
1616 3887 1664 3948 lo-

5 3969 134 4030 3casibus
160 3971 344 4052 frequenter
371 3975 617 4054 occurrentibus,
647 3977 717 4038 ideo
745 3995 808 4038 non
863 3971 1001 4048 [luuntur
1024 3967 1063 4028 de
1087 3973 1300 4032 commutante
1319 3991 1391 4033 cum
1406 3976 1561 4053 potestate
1576 3974 1661 4036 dele·

5 4059 7 4080 ¹
25 4056 240 4138 adscribuntur,
266 4064 299 4122 et
317 4079 355 4121 ne
371 4061 465 4122 etiarn
481 4064 667 4126 excedamus
684 4067 808 4126 affecta-
861 4059 946 4136 gatto
970 4056 1071 4137 qualis
1091 4062 1138 4118 esi
1156 4059 1252 4121 Buflae
1271 4065 1428 4139 P⁰ie⁵i883
1453 4061 1508 4122 sed
1523 4061 1562 4124 (ιθ
1577 4080 1663 4123 com·

24 4145 78 4206 tm
95 4146 125 4207 jn
149 4147 209 4210 hac
223 4149 357 4210 materia
369 4149 567 4228 brevitatem,
589 4153 693 4233 quoad
714 4153 803 4215 abso.
861 4148 1003 4207 mutante
1018 4162 1090 4205 cnm
1104 4149 1257 4224 potestate
1272 4148 1450 4222 ordinaria;
1468 4149 1552 4230 quod
1568 4151 1660 4230 longe

5 4229 157 4310 {lationem
180 4236 222 4298 ab
244 4236 299 4314 eia,
322 4241 353 4300 et
366 4239 622 4318 suspensionibus
637 4245 668 4304 et
681 4259 807 4302 excom·
862 4233 1022 4295 diversum
1038 4240 1103 4307 θῦῐι
1121 4236 1188 4298 Sol·
1216 4236 1267 4298 lib·
1286 4241 1316 4315 7,
1339 4236 1374 4298 dt
1385 4237 1458 4318 just·
1486 4259 1516 4321 q·
1533 4243 1563 4316 7,
1579 4257 1663 4300 vesu

5 4323 284 4410 incusationibus,
316 4326 546 4404 observandum
583 4333 629 4392 est
664 4330 695 4390 id
724 4329 808 4410 quod
861 4321 932 4383 Post
946 4322 1018 4384 aaa.

23 4410 123 4488 sapius
148 4411 353 4492 advertimus,
379 4432 492 4494 nempe
509 4420 670 4480 eontracta
683 4436 740 4498 per
754 4416 809 4478 dc·
904 4409 1198 4491 Ouoeritursecnndo‚
1210 4413 1347 4495 quisnam
1358 4412 1558 4496 Confessorius
1569 4415 1658 4498 possit

5 4493 159 4574 ,dedalum
181 4500 356 4578 publicum,
382 4500 408 4562 si
432 4503 573 4563 Pontifici
594 4511 805 4582 reservantur,
861 4509 1040 4562 commutare
1052 4509 1121 4562 vota
1134 4502 1245 4562 virtute
1256 4498 1356 4562 Butler
1366 4523 1378 4570 ,·
1400 4511 1428 4563 et
1447 4523 1485 4564 on
1500 4512 1656 4564 commnta-

5 4601 101 4668 ,posse
115 4588 230 4650 virtut,
240 4589 338 4650 Bulla,
348 4588 466 4650 absolvi
478 4608 540 4650 non
554 4591 695 4669 ulterius,
712 4611 808 4673 quam
861 4588 903 4648 tio
916 4587 1053 4669 socienda
1074 4588 1112 4650 sit
1134 4588 1165 4650 in
1184 4587 1387 4668 Confesstone?
1411 4592 1503 4669 llesp.
1522 4591 1660 4663 Quamli-

5 4675 105 4736 lsemel
128 4675 160 4737 in
182 4676 249 4738 vita
285 4681 317 4738 et
346 4677 442 4738 semel
470 4677 501 4736 in
525 4677 656 4740 articulo
684 4681 804 4742 mortis.
861 4676 915 4739 bet
938 4676 1170 4739 Confessarinm
1193 4678 1233 4738 ab
1250 4676 1415 4739 Ordinatio
1435 4679 1657 4758 approbatum,

5 4757 174 4830 {Conbaeta
197 4767 304 4825 antem
327 4781 385 4842 per
411 4763 559 4824 delictum
594 4766 751 4826 oecultum
776 4771 807 4829 et
858 4763 949 4843 juxta
964 4763 1259 4843 opinionesanobis
1273 4764 1388 4827 relatas
1402 4765 1487 4828 circa
1501 4768 1660 4847 approba·
1710 4797 1715 4808 ·

5 4849 129 4930 reliqua
158 4849 255 4912 etiam
282 4869 345 4912 non
368 4856 539 4928 reservata,
571 4853 619 4914 vel
647 4859 807 4918 reservata
861 4851 979 4914 tionem
1003 4853 1223 4930 necessariam,
1248 4856 1284 4915 ut
1306 4852 1376 4933 quis
1396 4854 1468 4934 eligi
1485 4854 1582 4934 possit
1596 4857 1660 4918 vir·

5 4933 179 5014 Superiori,
205 4937 257 5016 qui
283 4939 324 4999 sit
338 4938 486 5001 Pontifiee
501 4939 631 5000 inferior
644 4960 735 5020 posse
750 4943 806 5004 ab·
857 4943 927 5001 ‚tute
951 4939 1057 5000 Bulla.
1084 4939 1173 5012 Quod
1197 4947 1302 5002 antem
1327 4943 1530 5006 commutatio
1558 4943 1659 5024 possit

5 5015 190 5086 salvitates
205 5025 336 5105 quoties.
862 5029 951 5087 extro
965 5025 1190 5086 confessionem
1213 5026 1292 5104 fieri,
1316 5033 1363 5091 est
1378 5031 1575 5092 communior
1588 5049 1660 5092 sen·

52 5111 207 5190 Onoemtar,
232 5134 270 5174 on
292 5115 400 5176 virtute
413 5114 515 5176 natta
529 5115 732 5196 civepularitus
746 5116 805 5177 oti-
861 5113 969 5175 tentia.

5 5215 71 5278 quo
89 5200 157 5261 tolli
174 5201 293 5282 possit?
314 5204 532 5282 Respondetur
551 5205 707 5283 negative.
725 5205 804 5278 Quia
899 5199 1012 5267 Tertio,
1028 5219 1067 5261 ιιιι
1081 5199 1121 5262 cd
1133 5201 1367 5264 commutandum
1378 5204 1600 5268 uirtuteantoe
1614 5226 1658 5267 re-

5 5281 221 5380 {irregularitas
242 5307 303 5351 non
328 5295 375 5351 est
394 5308 546 5368 censura,
573 5293 608 5352 ut
628 5293 802 5353 communis
857 5289 999 5369 patratur
1012 5293 1126 5350 eausa?
1147 5291 1241 5370 Resp.
1258 5293 1326 5352 Non
1340 5291 1457 5371 requiri
1472 5293 1567 5354 aliam
1582 5312 1654 5356 cau·

5 5375 67 5454 ξιθιι
78 5376 233 5437 sententia
250 5381 282 5438 et
304 5395 442 5440 censura}
467 5377 620 5440 duntaxat
640 5378 803 5440 solvuntur
857 5394 924 5436 sam
938 5383 1148 5456 praeteream,
1165 5396 1234 5457 quse
1249 5376 1411 5440 imbibitur
1424 5379 1457 5441 in
1472 5380 1541 5460 ipsa
1554 5380 1654 5443 facul-

5 5452 113 5546 {rirtute
127 5462 238 5524 Bnllae.
254 5464 432 5526 Trulleneb.
454 5484 528 5528 vero
543 5465 656 5528 asserit
673 5471 800 5530 contra-
856 5465 919 5524 tate
938 5466 970 5525 et
990 5463 1138 5526 exercitio
1159 5465 1423 5544 commutationis,
1441 5485 1554 5553 nempe
1570 5469 1652 5530 elee-
