4044 6340
699 553 751 616 oo
772 551 1034 616 MA'l'lthONlO.

88 741 203 818 reddere,
219 745 253 802 ut
266 739 371 820 primo
386 741 538 803 bimestri.
554 743 632 804 llam
646 743 671 803 si
687 741 856 822 deprecan-

88 829 117 890 do
128 827 213 908 possit
225 829 362 890 alterum
380 833 523 890 avertere
538 847 557 891 a
575 831 723 910 petitione
743 829 853 890 debiti.

88 916 271 1000 ltemqnando
286 920 392 995 potest
406 917 494 978 alteri
510 935 572 978 non
594 917 749 979 dubitanti
772 917 856 978 dete-

87 1023 143 1084 gere
154 1023 238 1066 suum
253 1004 387 1067 dubium
401 1005 467 1066 sine
482 1023 604 1067 summo
619 1006 856 1067 suoineommo·

65 1131 70 1143 ·
87 1091 126 1169 do,
138 1091 158 1152 si
171 1091 251 1152 enim
264 1091 297 1151 in
312 1091 361 1152 bis
376 1092 499 1153 casibus
514 1095 616 1170 potest
629 1093 718 1169 alter,
746 1111 855 1154 secun-

86 1179 144 1240 dum
160 1179 240 1240 illam
262 1179 400 1258 primam
422 1179 610 1243 sententiam
629 1185 714 1259 petet
737 1179 853 1257 illicite,

27 1308 28 1328 .
85 1285 145 1348 argo
171 1267 284 1348 poterit
313 1285 441 1347 negare.
466 1267 563 1329 Addit
583 1268 678 1329 etiarn
701 1272 767 1330 tum
790 1283 851 1327 uon

28 1418 29 1427 ,
84 1375 155 1437 posse
175 1355 317 1434 reddere,
341 1356 468 1438 quando
496 1355 578 1418 intra
604 1357 699 1418 breve
727 1360 853 1434 tempus

83 1441 223 1505 variatam
237 1443 361 1524 assequi
386 1447 498 1523 potest,
524 1444 574 1505 vel
589 1450 704 1524 'petere
729 1443 857 1523 dispen-

83 1531 222 1610 sationem,
248 1537 303 1594 aut
326 1532 452 1612 quando
474 1532 708 1597 Matrimonium
731 1551 794 1592 non
809 1533 857 1592 est

27 1690 28 1699 ¹
82 1619 165 1682 adbuc
178 1625 439 1697 consummatum,
456 1623 487 1681 et
501 1624 644 1683 movetur
658 1621 696 1682 lis
710 1620 751 1682 de
766 1621 855 1680 nulli-

27 1710 29 1776 }
82 1711 139 1785 aa,
153 1710 344 1790 autquando
368 1710 447 1770 alter
470 1709 625 1771 commisit
651 1710 852 1786 adulterium,

28 1872 29 1880 ἵ
81 1794 221 1875 incestum,
247 1803 307 1859 etc.
332 1797 392 1858 illis
415 1796 498 1857 enim
515 1797 639 1858 casibus
653 1815 715 1859 non
730 1801 855 1859 tenetur

80 1883 201 1948 reddere.
218 1885 281 1948 Sed
294 1885 434 1947 secunda
447 1887 613 1955 sententia.
630 1887 775 1968 quamvis
795 1885 854 1947 ista

80 1973 164 2038 omnia
191 1973 332 2051 suadeat,
363 1978 398 2034 ut
420 1973 535 2035 vitetur
558 1973 731 2054 perieulum
760 1972 854 2034 etiam

27 2118 29 2127 .
78 2063 227 2125 naerialis
261 2066 382 2125 tautum
417 2062 648 2140 fornicationis,
683 2063 721 2122 de
750 2062 853 2141 rigore

27 2140 29 2198 ἶ
79 2153 161 2212 tamen
187 2151 226 2214 ad
250 2152 304 2213 illa
327 2170 390 2213 nou
414 2151 541 2230 obligat.
564 2153 603 2213 Et
625 2152 741 2213 fatetur
759 2150 853 2212 etiam

78 2235 167 2302 Setild.
186 2240 281 2302 talem
305 2257 368 2300 non
388 2239 487 2301 teneri
507 2257 578 2299 cum
597 2255 719 2299 summo
735 2257 790 2299 suo
806 2238 853 2297 in-

78 2328 234 2390 commodo.
250 2347 282 2389 v.
298 2347 330 2408 g.
348 2347 420 2389 cum
434 2327 574 2408 periculo
588 2326 765 2408 gravissimi
778 2326 852 2386 mali

27 2411 29 2491 ζ
78 2415 177 2494 aperire
191 2416 326 2480 dubium
340 2416 477 2500 conjugi,
494 2417 566 2478 lieet
580 2417 658 2477 sciat
671 2414 743 2476 inde
759 2415 852 2477 oritu-

78 2519 132 2562 ram
143 2521 206 2568 esse
221 2505 365 2583 dubium,
381 2508 413 2566 et
430 2505 475 2566 sie
494 2522 556 2566 non
576 2504 747 2583 petendum
767 2502 853 2564 debi-

77 2592 138 2670 turn,
150 2593 202 2655 sed
216 2611 310 2674 possa
325 2599 391 2656 tum
405 2593 555 2668 reddere3
575 2611 632 2654 nac
654 2593 756 2654 teneri
779 2598 851 2653 ante

78 2682 358 2744 consummationem
381 2681 502 2761 ingredi
526 2681 731 2760 Religionem,
762 2684 797 2741 ut
819 2699 851 2740 se

78 2769 260 2847 perplexitate
275 2769 404 2843 libaret;
421 2788 479 2830 nae
494 2787 550 2850 pro
564 2769 678 2850 majori
686 2770 852 2831 securitate

29 2861 31 2867 '
77 2858 156 2918 teneri
169 2857 205 2919 de
221 2875 305 2919 novo
321 2857 518 2926 contrahere,
535 2858 562 2920 si
575 2875 606 2918 v.
624 2877 655 2936 g.
678 2858 799 2919 dubitet
812 2857 851 2918 de

77 2944 200 3008 servitute
215 2945 335 3015 uxoris,
352 2945 391 3006 de
406 2951 492 3007 metu
508 2945 538 3006 in
551 2946 777 3022 contrahendo,
790 2950 848 3008 etc.

77 3031 135 3112 quia
146 3051 247 3114 causa,
261 3053 300 3095 ex
315 3035 750 3114 quaimmediatcsequuntur
760 3037 852 3096 ellec-

51 3163 59 3182 .
77 3121 115 3179 tus
126 3125 184 3182 tum
196 3121 311 3197 malus,
329 3125 396 3183 tum
405 3121 507 3182 bonus
516 3121 655 3183 bonitate
667 3140 724 3183 sua
734 3121 851 3182 elidens

28 3271 29 3276 1
76 3205 203 3270 malitiam
216 3209 361 3285 alterius,
377 3208 459 3270 licita
474 3209 588 3288 poterit
602 3209 677 3289 poni
692 3227 729 3269 ex
753 3210 851 3272 inten-

29 3305 30 3308 ’
76 3291 143 3355 tone
167 3296 329 3360 obtinendi
357 3298 502 3358 effectum
524 3297 654 3365 bonum,
681 3297 851 3358 dummodo

29 3399 30 3407 ¹
76 3399 124 3446 noo
135 3384 313 3448 intendatur
327 3387 436 3448 effetus
451 3385 552 3446 malus
562 3386 724 3465 praevisus.
739 3386 851 3448 Simili-

28 3471 29 3480 ’
75 3476 112 3534 ter
122 3473 196 3538 licita
209 3473 413 3556 permittitur,
431 3492 486 3536 seu
500 3492 564 3536 non
579 3474 720 3536 aufertur
743 3493 848 3552 causa,

75 3578 104 3622 ex
115 3562 438 3646 quasequitursimilis
450 3563 848 3640 effectusbonusintentus,
872 3603 877 3610 -

74 3651 169 3715 sinon
195 3653 378 3715 intendatur
405 3653 506 3712 malus
536 3673 543 3714 :
574 3653 633 3714 boc
661 3655 767 3714 autem
794 3652 848 3729 fit,

74 3741 177 3820 qnando
191 3741 386 3822 permittitur
409 3741 539 3801 dubium
563 3741 601 3801 de
623 3741 849 3821 impedimento

73 3827 226 3908 dirimente,
243 3827 419 3890 intenditur
433 3827 517 3888 enim
532 3827 658 3892 evitatio
673 3827 851 3907 gravissimi

73 3915 159 3978 damni
172 3913 353 3978 incurrendi
368 3933 426 3994 per
438 3915 578 3978 veritatis
599 3916 847 3998 inquisitionem.

23 4004 24 4027 ³
72 4009 115 4066 aut
124 4005 204 4067 dubii
219 4003 442 4080 detectionem,
464 4010 496 4066 et
516 4008 637 4066 tantum
661 4005 852 4086 permittitur

71 4093 248 4174 perplexitas,
276 4093 363 4173 quod
386 4093 505 4154 licitum
527 4098 574 4156 est
597 4094 712 4172 facere,
730 4093 851 4154 navita

71 4179 189 4244 bumana
217 4186 397 4262 exponatur
423 4181 594 4242 innumeris
626 4182 847 4244 anxietatibus.

70 4267 143 4348 ltine,
165 4270 266 4350 inquit
289 4265 407 4332 Schild.
430 4269 551 4331 licitum
575 4274 622 4332 est
648 4269 849 4350 acquiescere

68 4357 400 4440 seutemioe'probabili
427 4359 552 4439 quando
577 4360 704 4422 evidens
728 4358 851 4419 nonnisi

19 4441 20 4449 ’
68 4459 126 4505 eum
137 4447 286 4526 gravibus
302 4445 509 4506 incommodis
520 4445 628 4508 baberi
644 4449 754 4525 potest.

18 4524 48 4578 Ν
97 4533 150 4612 §t
167 4535 218 4597 Sic
233 4533 396 4611 dubitans,
410 4533 434 4594 si
451 4532 583 4595 dubium
594 4553 686 4595 suum
700 4536 848 4615 detegere

66 4625 280 4700 uenteneatur,
304 4639 363 4682 nec
384 4622 482 4700 possit
503 4623 672 4704 conjugem
687 4623 848 4686 divertere

64 4711 240 4788 apetiticne‚
259 4713 389 4772 tenetur
404 4711 432 4770 ei
455 4708 540 4771 bona
560 4711 623 4772 lide
646 4713 764 4791 petenti
780 4713 850 4773 red-

64 4793 287 4874 deredebitum,
300 4795 349 4856 uti
363 4801 448 4859 tenet
462 4800 599 4876 utraque
610 4797 764 4859 sententia
778 4817 850 4860 cum

14 4939 15 4942 ,
62 4883 155 4947 aare.
174 4905 286 4966 supra,
317 4889 428 4947 eontra
448 4885 603 4964 quosdam
625 4886 765 4948 dicentes
782 4893 850 4948 tum

14 5033 15 5036 ,
63 4971 180 5034 reddere
209 4992 275 5038 non
304 4987 411 5052 posse,
435 4977 466 5034 at
489 4977 597 5036 eontra
626 4972 714 5035 Hom.
747 4975 849 5036 dicen-

62 5059 114 5120 tem
133 5079 235 5141 posse,
253 5065 289 5124 at
304 5061 504 5123 nontaceri:
526 5061 579 5122 sed
601 5061 678 5123 ratio
703 5066 759 5140 est,
777 5063 850 5144 quia

61 5145 87 5206 iu
106 5152 316 5231 perplexitate
343 5167 416 5227 pars
441 5149 560 5211 babens
581 5149 696 5228 minus,
718 5155 773 5213 aut
794 5152 850 5214 mi·

62 5237 135 5299 noris
148 5239 272 5319 peecati
289 5235 470 5318 perieulum
487 5241 534 5298 est
548 5237 776 5316 amplectenda,
792 5239 851 5298 erit

62 5329 156 5388 antem
169 5327 304 5408 gravius
326 5343 446 5404 negare
465 5331 574 5387 contra
590 5325 652 5407 jus,
671 5345 765 5407 quam
779 5325 851 5387 red-

62 5411 136 5493 dere,
158 5417 232 5480 lieet
260 5413 352 5477 absit
373 5413 436 5494 jus.
453 5415 541 5487 Ouod
563 5412 587 5474 si
612 5433 649 5476 ax
677 5414 849 5477 redditione

60 5505 132 5563 esset
143 5503 325 5583 perieulum
342 5499 476 5580 maioris
489 5500 621 5582 peccati,
636 5521 667 5562 v.
684 5521 716 5582 g.
728 5501 850 5562 sacrile-

1668 553 1704 613 'll

910 739 965 820 gii,
983 758 1020 801 co
1035 739 1122 820 quod
1137 738 1335 802 dubitaretur
1349 758 1389 800 an
1409 740 1441 800 in
1457 737 1619 802 ordinibus
1634 737 1708 800 iuis-

911 829 968 903 set,
986 826 1350 906 percursationem.
1369 832 1435 890 tum
1451 845 1512 890 non
1527 827 1633 904 licere,
1650 827 1706 888 sad

911 915 1050 976 secunda
1063 917 1218 978 sententia
1232 915 1308 978 dicit
1332 916 1472 977 absolute
1496 915 1602 994 licere,
1619 913 1705 977 ideo·

911 1019 972 1081 que
987 1004 1083 1064 etiam
1099 1003 1130 1065 iu
1146 1004 1206 1066 boc
1220 1021 1306 1067 casu.

950 1090 1011 1170 58.
1032 1092 1063 1153 Si
1079 1092 1193 1174 conjux
1214 1091 1335 1154 dubitet
1358 1111 1398 1154 an
1421 1093 1501 1155 alter
1521 1090 1562 1153 sit
1582 1091 1702 1153 manci·
1733 1107 1773 1154 aes

910 1177 1008 1258 piam,
1035 1179 1169 1256 adulter,
1193 1179 1387 1242 incestuosus
1411 1183 1470 1241 etc.
1486 1181 1612 1242 tenetur
1634 1175 1703 1236 red·

910 1264 985 1325 dere
1006 1265 1147 1327 debitum
1161 1265 1245 1328 bona
1259 1267 1321 1328 lide
1335 1266 1464 1347 petenti,
1483 1266 1557 1348 quia
1577 1281 1702 1344 praeva-

909 1352 952 1413 let
967 1351 1060 1432 hujus
1071 1351 1123 1432 jus
1138 1358 1170 1415 at
1183 1355 1349 1434 possessio,
1364 1355 1474 1418 Sonat.
1495 1355 1581 1436 Vaoq.
1598 1353 1700 1414 Arare.

909 1438 999 1500 Hert.
1023 1444 1054 1502 et
1076 1441 1128 1501 alii
1143 1459 1215 1502 cum
1238 1440 1356 1504 Schild.
1373 1462 1469 1523 supra
1483 1448 1593 1506 contra
1612 1439 1701 1501 alios.

910 1528 1059 1590 Similiter
1074 1530 1099 1590 si
1124 1531 1237 1611 conjux
1262 1533 1383 1594 dubitet
1405 1533 1443 1593 de
1468 1533 1574 1594 valore
1595 1528 1705 1590 matri-

909 1617 1005 1676 monii
1031 1620 1260 1697 censummati,
1286 1624 1411 1682 tenatur
1433 1620 1582 1696 reddero,
1607 1616 1703 1680 etiam

909 1711 1076 1786 postquam
1098 1707 1137 1768 de
1162 1709 1302 1770 nullitate
1326 1709 1515 1772 Matrimonii
1531 1725 1625 1788 agere
1639 1724 1704 1768 eoe·

909 1793 965 1872 pit,
992 1795 1085 1857 modo
1106 1814 1168 1856 non
1193 1796 1308 1860 babeat
1322 1799 1523 1878 probationes
1546 1798 1578 1858 in
1603 1794 1703 1857 eonti-

909 1881 994 1943 nenti
1019 1887 1156 1962 paratas.
1174 1886 1207 1946 S.
1229 1888 1344 1948 Antan.
1369 1887 1479 1949 Palud.
1497 1885 1613 1949 Sanc-h.
1631 1882 1653 1944 l.
1672 1885 1700 1958 l,

908 1965 938 2028 d.
964 1973 1014 2047 ll,
1031 1989 1061 2032 o.
1084 1975 1134 2048 40,
1150 1969 1231 2033 Bosa.
1248 1971 1346 2035 Srlril.
1363 1975 1562 2054 probantque
1573 1990 1611 2033 ex
1625 1973 1702 2033 lure

910 2059 941 2116 et
955 2057 1089 2135 ratione,
1105 2060 1250 2138 negando
1274 2061 1358 2122 enim
1373 2063 1500 2141 exponit
1513 2081 1547 2123 se
1562 2059 1701 2141 periculo

907 2145 1036 2225 majoris
1059 2147 1190 2226 peccati,
1213 2166 1309 2227 quam
1335 2151 1376 2213 sit
1404 2149 1578 2213 fornicatio.

948 2235 1008 2313 §a
1027 2234 1059 2296 Si
1074 2235 1137 2295 duo
1159 2240 1268 2316 petant
1293 2238 1434 2301 debitum
1457 2259 1476 2301 a
1498 2237 1641 2316 muliere,
1662 2253 1700 2298 ao
1729 2245 1770 2294 teo

908 2322 992 2402 quod
1007 2322 1137 2384 dubium
1152 2323 1193 2385 sit
1215 2324 1254 2384 de
1278 2325 1385 2387 valore
1409 2325 1603 2389 Matrimonii
1625 2342 1698 2386 cum

907 2416 1040 2491 utroque
1056 2411 1230 2472 successive
1253 2412 1322 2476 initi
1342 2413 1475 2475 reddere
1498 2431 1561 2475 non
1585 2417 1698 2493 potest,

909 2495 967 2558 nisi
996 2498 1116 2576 primo,
1147 2498 1222 2578 quia
1250 2500 1403 2578 possessio
1432 2503 1479 2563 est
1505 2518 1564 2580 pro
1592 2500 1699 2562 valore

907 2584 999 2663 primi
1021 2587 1211 2648 Matrimonii
1234 2593 1265 2649 et
1289 2589 1379 2668 primi
1395 2589 1549 2670 conjugis,
1566 2589 1611 2650 uti
1636 2588 1700 2651 ool·

907 2673 1014 2754 ligitur
1028 2693 1065 2733 ex
1079 2674 1171 2735 dietis
1186 2693 1205 2736 a
1220 2695 1252 2737 ιι.
1269 2680 1337 2739 298.

946 2763 964 2841 ξ
980 2766 1026 2824 10.
1052 2763 1172 2843 Conjux
1187 2765 1356 2843 ordinarie,
1372 2767 1431 2828 nisi
1447 2772 1551 2830 essent
1565 2768 1700 2830 circum·
1726 2785 1767 2831 am

906 2851 1028 2914 stantiae
1048 2852 1199 2912 moralem
1224 2854 1444 2916 certitudinem
1458 2855 1620 2934 iacientes,
1637 2873 1700 2918 non

906 2943 1030 3002 tenetur
1043 2941 1172 3002 eredere
1191 2941 1317 3022 conjugi
1333 2944 1476 3005 afferenti
1491 2963 1524 3006 se
1549 2963 1612 3007 non
1627 2963 1700 3006 con-

906 3027 1038 3088 sensisse
1062 3027 1094 3087 in
1111 3029 1343 3091 Matrimonium
1358 3031 1469 3093 initum
1494 3036 1549 3095 aut
1569 3033 1697 3110 dicenti,

905 3125 939 3168 se
966 3112 1038 3186 post
1063 3109 1296 3170 Matrimonium
1322 3110 1434 3173 initum
1457 3111 1614 3175 invenisse
1642 3114 1700 3174 im·

905 3204 1120 3284 pedimeutum
1138 3203 1297 3283 dirimens,
1320 3210 1395 3269 Nav.
1426 3209 1550 3271 Valent.
1575 3209 1697 3274 Rebell.

906 3291 1019 3354 Sanch.
1049 3293 1165 3352 Bonae.
1200 3291 1314 3355 Dicast.
1340 3299 1451 3358 Avers.
1481 3317 1512 3377 q.
1540 3299 1590 3374 nl,
1615 3316 1639 3358 s.
1665 3301 1696 3376 2,

905 3380 1023 3459 Burgh.
1041 3387 1114 3441 cent.
1131 3382 1160 3456 3,
1170 3397 1228 3441 aaa.
1241 3385 1290 3457 75,
1303 3385 1334 3444 at
1348 3383 1399 3444 alii
1415 3402 1487 3444 eum
1496 3385 1614 3448 Schild.
1625 3403 1698 3447 con-

905 3472 954 3530 tra
969 3467 1098 3529 Tabien.
1116 3468 1190 3548 quia
1213 3485 1338 3548 semper
1352 3475 1400 3532 est
1419 3473 1622 3554 praesumptio
1638 3492 1697 3554 pro

905 3573 1070 3632 consensu,
1096 3555 1149 3634 qui
1173 3555 1282 3617 adessa
1306 3557 1429 3634 debuit,
1453 3564 1485 3622 et
1507 3579 1564 3639 pro
1588 3561 1695 3623 valore

905 3649 1003 3714 actus,
1022 3643 1074 3724 qui
1089 3643 1208 3722 positus
1223 3650 1278 3707 est.
1304 3648 1462 3726 Attamen,
1478 3650 1551 3712 licet
1570 3649 1698 3730 proprie

905 3751 968 3795 non
984 3732 1153 3810 dubitetur,
1166 3733 1259 3796 debet
1272 3734 1430 3815 inquirere
1445 3737 1477 3797 in
1492 3737 1697 3801 circumstan-

905 3824 976 3900 tias,
992 3843 1022 3884 v.
1041 3842 1072 3902 g.
1094 3840 1134 3882 an
1158 3823 1272 3903 conjux
1286 3824 1327 3885 sit
1348 3825 1410 3886 tide
1435 3825 1559 3906 dignus,
1576 3833 1607 3888 et
1631 3827 1698 3889 sinc

905 3910 1048 3990 passione
1071 3909 1156 3990 loqui
1181 3909 1324 3971 videatur
1348 3929 1385 3973 ao
1404 3911 1500 3992 juret,
1526 3915 1697 3975 tamenim

905 3999 1031 4060 videtur
1044 3998 1216 4079 prudenter
1230 3998 1365 4060 dubitari
1380 4017 1482 4079 posse.
1500 4001 1581 4074 Quid
1596 4019 1697 4081 agan-

908 4089 985 4149 dum
1000 4089 1049 4166 sit,
1065 4087 1090 4148 si
1106 4087 1304 4150 Matrimonia
1320 4091 1480 4150 contracto
1496 4089 1699 4168 superveniat

905 4177 1035 4238 dubium
1056 4177 1095 4236 de
1119 4177 1225 4236 valore
1249 4175 1289 4236 ob
1312 4176 1572 4261 impedimentum
1596 4178 1697 4258 impo-

905 4267 1020 4342 tentiae,
1038 4265 1159 4326 dicetur
1180 4283 1200 4326 a
1222 4285 1252 4326 n.
1270 4269 1338 4328 787.
1356 4265 1436 4338 Quid
1460 4271 1566 4328 autam
1590 4267 1698 4329 dicen-

906 4353 991 4430 dum,
1012 4353 1038 4414 si
1062 4353 1295 4415 Matrimonium
1319 4353 1359 4414 sit
1382 4353 1486 4415 adhue
1508 4355 1698 4418 contraben-

905 4443 996 4519 dum,
1020 4445 1051 4503 et
1075 4442 1206 4503 dubium
1233 4443 1353 4505 oriatur
1379 4443 1420 4503 da
1442 4443 1641 4524 impotentia,
1657 4443 1697 4504 de

904 4529 1132 4608 impedimento
1147 4531 1324 4609 dirimente,
1342 4531 1380 4592 de
1395 4531 1500 4593 futura
1514 4533 1593 4594 torte
1608 4532 1699 4594 inva-

904 4618 1024 4679 liditata
1045 4618 1234 4681 Matrimonii
1258 4619 1475 4698 contrahendi,
1492 4619 1606 4683 dicitur
1629 4639 1694 4682 an.

904 4709 955 4783 40,
971 4709 1040 4783 533,
1057 4709 1126 4769 706.

946 4794 1053 4868 (duest.
1076 4797 1126 4858 Ml.
1155 4829 1196 4840 -
1224 4795 1303 4871 Ouid
1326 4795 1414 4859 liceat
1436 4797 1564 4878 conjugii,
1588 4798 1615 4858 si
1634 4808 1698 4879 post
1725 4817 1766 4867 aaa

904 4884 1015 4944 initum
1036 4883 1193 4945 secundnm
1219 4885 1447 4946 Matrimonium
1464 4886 1588 4968 incipiat
1614 4887 1698 4948 dudi·

903 4978 966 5032 tnre
983 4971 1019 5032 de
1031 4971 1096 5032 vita
1114 4971 1225 5052 prioris
1238 4973 1394 5056 conjuqr's?
1411 4975 1509 5036 Casus
1528 4976 1630 5053 potest
1651 4975 1696 5036 sio

903 5060 1035 5140 proponi
1055 5080 1062 5120 :
1080 5061 1298 5138 Caiusjl'itiam
1317 5061 1484 5141 conjugem
1502 5065 1574 5124 ante
1596 5081 1695 5124 anxios

904 5153 952 5224 16,
979 5149 1059 5210 clam
1083 5148 1229 5227 deseruit,
1246 5151 1328 5211 Titia
1353 5156 1424 5211 ante
1445 5168 1544 5210 annos
1568 5153 1616 5226 lo,
1643 5169 1697 5212 au-

904 5237 961 5298 diit
981 5237 1090 5300 Caium
1118 5237 1221 5298 adhuc
1244 5239 1361 5315 vivere,
1386 5241 1510 5299 etanta
1533 5241 1553 5300 9
1574 5257 1686 5316 annos,

905 5343 977 5385 cum
1001 5325 1078 5385 nibil
1105 5326 1238 5404 amplius
1262 5326 1385 5387 audiret
1416 5325 1455 5386 de
1488 5325 1582 5401 Caio,
1608 5326 1697 5388 duxit

904 5413 1136 5492 Sempronium,
1162 5431 1263 5492 neque
1298 5413 1356 5474 scit
1370 5431 1409 5472 an
1431 5411 1517 5473 vivat
1537 5411 1640 5488 Gaius,
1658 5431 1699 5474 an

902 5517 975 5576 oon,
1000 5518 1057 5560 nec
1080 5503 1182 5577 potest
1201 5499 1266 5579 jam
1284 5499 1435 5579 quamvis
1459 5497 1695 5578 diligentissime
