3974 6348
336 611 395 672 3⁹26
1054 605 1170 671 LIBER
1191 607 1256 670 Vll.

341 814 429 868 terea
451 809 610 866 teneretur
632 806 771 866 Ecclesia
794 804 958 884 providere
974 805 1012 866 dc
1027 822 1131 865 emen·
1187 792 1256 872 cst),
1274 810 1312 853 an
1328 789 1606 890 lectioUScripturae·
1619 790 1652 850 in
1666 789 1775 868 lingua
1791 789 1900 890 vulgapi
1911 793 1952 852 aut

339 895 413 956 data
426 893 459 952 in
473 892 603 970 singulis
626 893 741 972 linguis
761 893 904 954 versione
925 892 981 971 (uti
996 893 1133 971 providit
1187 880 1331 942 verstffllss
1347 880 1567 961 (Iutffltllfflqfflt
1582 880 1737 940 stitutum
1752 896 1849 952 ss0¹¹³=
1864 896 1886 978 ⁵}
1898 896 1951 956 lit

339 983 378 1044 dc
393 980 490 1042 latina
505 999 599 1060 quam
615 985 719 1042 tamen
743 999 805 1042 non
821 980 972 1059 praecipit,
994 979 1048 1040 sed
1064 999 1132 1058 per·
1188 970 1343 1045 htbtttlffa
1371 967 1550 1068 'parendum
1578 971 1636 1068 fflt’
1662 967 1738 1050 (luta
1760 971 1952 1045 P⁰⁵⁵³S⁵¹⁰⁰⁸t

338 1068 433 1130 mittit
446 1073 568 1130 tantum
583 1067 669 1147 legi),
696 1068 834 1150 alioquin
848 1068 1023 1148 periculum
1039 1072 1130 1144 esset,
1187 1077 1243 1139 pro
1259 1060 1445 1119 auctssrltflte
1462 1056 1640 1136 Supeltffl'lss
1659 1060 1691 1118 et
1704 1059 1853 1134 Ρθῐθθῖᾶῑθ
1869 1055 1954 1133 imit·

340 1176 379 1218 ne
393 1175 449 1236 per
473 1173 686 1235 quascumque
701 1157 885 1218 vernaculas
905 1156 987 1234 plebi
1003 1173 1134 1234 corrup·
1186 1147 1292 1223 bandi,
1310 1145 1445 1206 maxime
1469 1145 1553 1223 apud
1575 1144 1645 1206 illos
1669 1143 1723 1225 qui
1738 1143 1953 1222 dicuntsempcr

339 1251 407 1308 tum
421 1245 476 1306 Dei
491 1244 622 1305 verbum
637 1249 884 1323 proponeretur3
902 1245 940 1304 ad
961 1243 1014 1304 illa
1028 1247 1133 1304 autem
1187 1235 1304 1297 tutiora
1318 1251 1384 1295 essc
1402 1233 1574 1314 sequenda.

339 1332 479 1394 Ecclesia
492 1349 554 1392 non
570 1333 712 1411 agnoscit
725 1332 959 1412 obligationem.
977 1334 1135 1393 Praeterea
1229 1321 1326 1403 Otjtc·
1340 1321 1486 1401 plurima:
1500 1325 1528 1383 t.
1542 1321 1704 1401 Scriptura
1714 1321 1785 1400 ipsa
1793 1320 1875 1382 dicit:
1886 1321 1976 1406 Scnet

340 1420 602 1482 dicendumesset
615 1421 742 1499 praecipi
761 1420 927 1480 lectionem
941 1427 1006 1482 tam
1021 1419 1134 1480 veteris
1189 1410 1294 1471 tumidi
1307 1407 1494 1489 Scripturas·
1514 1409 1553 1470 tlt
1565 1427 1621 1488 Per
1639 1408 1859 1470 0⁰⁷1⁸⁰t⁰tt⁰²³tm
1877 1407 1956 1488 Sedit

341 1525 436 1587 qoam
451 1507 522 1568 novi
538 1508 726 1584 testamenti,
744 1507 818 1587 quia
832 1511 999 1587 utrumque
1014 1507 1054 1567 ad
1065 1523 1134 1566 nos·
1190 1507 1325 1560 tutatum
1339 1515 1416 1578 rpem
1434 1495 1597 1558 habeamus·
1616 1495 1734 1557 S⁰tt1tt0
1748 1495 1875 1558 '²⁰⁶th
1888 1495 1956 1556 titt&

340 1600 422 1657 tram
445 1594 673 1655 institutionem
697 1599 745 1656 est
767 1602 940 1671 exaratum,
967 1599 1134 1673 utrumque
1188 1605 1295 1647 soccos.
1311 1583 1410 1646 Omnis
1424 1585 1582 1667 Scriptura
1595 1584 1739 1645 divinitus
1754 1585 1902 1665 inspirato,
1914 1584 1958 1643 rti-
1975 1657 1976 1662 γ

341 1683 479 1745 continet
501 1683 648 1744 veritates
672 1683 813 1756 divinas;
845 1701 936 1744 nemo
964 1688 1069 1744 autem
1097 1701 1135 1743 ex
1190 1673 1227 1734 tis
1249 1683 1299 1734 est·
1325 1677 1355 1734 2·
1380 1673 1497 1733 Paulus
1521 1672 1648 1751 scripsit
1671 1672 1712 1733 fid
1736 1672 1830 1732 rudes
1850 1671 1976 1762 lt⁰lt¹¹t⁰⁵l

342 1769 549 1832 Novatoribus
564 1769 623 1830 hoc
634 1771 745 1832 asserit
760 1769 910 1831 devetari
926 1772 1111 1832 testamento
1125 1787 1132 1842 ;
1189 1759 1345 1837 EptStOlas
1359 1777 1444 1836 ⁸³³⁸,
1462 1760 1570 1840 utique
1591 1763 1627 1820 Ut
1647 1759 1829 1838 litelesstflf
1841 1759 1878 1820 ab
1890 1758 1956 1838 iliii·
1975 1833 1976 1840 ,

342 1875 416 1937 erg„
440 1875 497 1917 „00
521 1857 688 1918 dicendum
719 1862 766 1919 esp
790 1858 828 1918 de
856 1875 948 1919 novo.
974 1862 1004 1919 4,
1029 1857 1134 1919 Lectio
1190 1850 1219 1907 3.
1237 1847 1376 1908 Christus
1392 1849 1457 1926 ipse
1477 1867 1526 1924 ea,
1548 1864 1618 1927 qoae
1633 1848 1827 1926 scripserunt
1843 1849 1958 1925 Evange

343 1945 512 2022 Scripturas
533 1945 565 2003 in
589 1945 697 2022 lingua
720 1945 841 2024 vulgari
861 1946 976 2024 passim
991 1945 1058 2006 sine
1073 1944 1136 2004 dis·
1189 1936 1284 2013 listaea
1309 1935 1431 1997 ¹⁰⁰t¹t¹1⁸
1455 1941 1502 1996 est
1525 1935 1595 1996 ffldi
1619 1935 1715 2014 Plebi·
1740 1938 1772 1996 ⁴·
1799 1934 1897 1998 Sancti
1916 1935 1976 1992 Pit

342 2031 472 2092 crimine
493 2031 577 2111 juste
601 2031 758 2108 prohibita
782 2036 830 2093 est
849 2033 1022 2111 perlegam
1037 2031 1137 2092 eccle·
1191 2027 1254 2084 tres
1283 2023 1448 2084 hortantur
1476 2040 1584 2085 omnes
1610 2023 1651 2084 ad
1685 2023 1852 2084 lectionem
1878 2021 1976 2100 scrip}

342 2119 512 2195 siasticam,
538 2119 581 2179 uti
605 2123 692 2197 patet
712 2137 750 2178 ex
765 2120 885 2200 Regula
899 2121 1007 2199 quinta
1022 2119 1136 2181 lndicis
1190 2115 1280 2172 turae·
1298 2112 1329 2172 S·
1347 2109 1490 2190 ChrySOt·
1507 2112 1568 2172 ott:
1585 2111 1700 2172 obrttrv
1714 2110 1866 2172 statutam
1875 2125 1957 2184 omna,
1974 2099 1976 2202 Ι

339 2206 407 2287 jam
421 2207 530 2282 rclats,
547 2205 636 2285 cujus
654 2206 767 2267 indicis
782 2212 900 2285 quanta
914 2207 954 2269 sit
967 2207 1137 2268 auctoritas

343 2293 405 2355 dixi
420 2293 548 2355 ibidem.
572 2297 602 2354 5.
626 2293 732 2354 Lectio
753 2295 922 2373 Scripturae
937 2295 1054 2374 passim
1069 2312 1137 2373 per-

344 2383 439 2444 missa
453 2383 484 2442 in
499 2382 607 2462 lingua
620 2381 740 2460 vulgari
765 2383 920 2445 ordinarie
935 2384 1069 2445 multum
1083 2399 1137 2442 no-

343 2474 429 2532 ceret
442 2470 614 2549 praesertim
630 2471 771 2548 rudibus,
795 2471 869 2550 quia
884 2471 1052 2550 Scripturas
1067 2489 1138 2530 sen-

344 2577 397 2620 sus
420 2561 468 2619 cst
490 2558 624 2618 difficilis
649 2562 727 2620 teste
752 2561 784 2620 S.
811 2563 901 2621 Petro
930 2560 969 2622 de
993 2558 1139 2640 Epistolis

344 2644 444 2722 Pauli,
469 2649 617 2724 patetque
633 2663 671 2704 cx
690 2646 876 2725 Apocalypsi
894 2650 925 2708 et
944 2647 1049 2708 multis
1063 2645 1139 2707 locis

346 2752 416 2812 quae
446 2733 593 2794 videntur
616 2732 674 2793 sibi
708 2735 941 2806 contradicere;
977 2739 1012 2794 ut
1033 2739 1140 2795 autem

347 2821 509 2900 Scriptura
532 2839 602 2881 cum
627 2821 729 2883 fructu
751 2822 889 2901 legatur,
916 2823 1009 2884 debet
1032 2821 1140 2900 legens

347 2908 481 2970 formare
502 2907 559 2969 sibi
576 2908 712 2988 aliquem
727 2928 852 2971 sensum
867 2910 960 2985 illios,
978 2909 1062 2990 quod
1077 2927 1140 2970 non

346 3001 494 3076 poterunt
507 2996 601 3057 rudes
624 3001 655 3058 et
675 2997 876 3074 muliercula,
901 2998 958 3059 nisi
974 3017 1045 3059 cum
1060 2998 1140 3077 peri·

348 3083 417 3144 culo
446 3083 560 3144 erroris
588 3087 619 3144 et
646 3084 825 3162 pertinacia
858 3085 899 3145 ad
934 3085 1141 3146 insistendum

348 3169 463 3245 sensui,
491 3187 584 3248 quem
602 3170 703 3248 primo
717 3170 776 3230 sibi
790 3171 1005 3234 formaverint.
1022 3171 1141 3234 Deinde

349 3261 384 3319 ut
398 3257 514 3319 utiliter
537 3258 670 3336 legatur,
693 3257 788 3320 debet
801 3259 973 3320 secundom
989 3259 1142 3322 Adversa·

350 3347 413 3408 rios
425 3347 534 3425 legens
544 3345 767 3407 antecedenter
777 3365 844 3408 esse
854 3347 1023 3408 instructus
1038 3348 1142 3427 quoad

350 3453 533 3498 communes
557 3433 630 3494 fidei
644 3433 791 3496 veritates
813 3439 844 3496 et
857 3435 960 3496 cordis
973 3437 1143 3515 puritatem

352 3523 488 3593 babere3
514 3520 639 3600 plurimi
653 3524 760 3582 autem
774 3526 846 3583 sunt
860 3541 877 3583 c
891 3523 1010 3601 plebeis
1025 3529 1056 3585 et
1073 3542 1143 3584 mu-

352 3609 499 3685 lierculis,
530 3606 643 3688 quibos
670 3608 865 3685 alterutrum,
896 3611 945 3671 vel
976 3613 1143 3690 utrumque

353 3698 450 3760 deest.
475 3699 631 3758 Praeterea
652 3695 678 3756 si
702 3695 818 3775 passim
837 3697 903 3758 sine
918 3699 1060 3758 examine
1075 3715 1144 3776 per-

354 3787 496 3849 mittatur
508 3785 679 3846 vernacula
698 3784 790 3845 lectio
812 3785 991 3864 Scriptura,
1007 3786 1097 3847 facilc
1112 3785 1144 3845 in

236 3881 242 3894 '
353 3893 466 3936 manus
480 3873 618 3934 vienient
631 3871 790 3934 versiones
809 3878 974 3953 corrupta,
991 3894 1021 3935 v.
1038 3893 1069 3952 g.
1086 3877 1144 3934 Lu-

354 3964 496 4038 tbcraoa,
520 3960 712 4037 Calviniana,
734 3961 933 4039 (tunonensis,
950 3962 1143 4037 Violeftiana,

355 4051 437 4133 quod
454 4054 537 4112 esset
550 4049 859 4128 periculosissimum.
874 4051 1024 4127 ltemsret,
1041 4070 1061 4110 u
1089 4052 1145 4110 Pa·

355 4138 523 4201 rocborum
538 4136 703 4199 conciones
722 4138 920 4216 negligantur
934 4157 953 4198 a
971 4137 1061 4216 plcbe
1076 4155 1146 4216 quae

355 4228 424 4306 ipsa
437 4225 498 4286 sibi
520 4228 551 4286 et
573 4223 642 4284 aliis
661 4223 850 4301 concionari,
876 4229 907 4286 et
931 4224 963 4284 in
982 4242 1038 4286 suo
1053 4243 1145 4284 sensu

356 4314 517 4376 abundare
540 4313 634 4390 volet,
651 4331 688 4373 ac
705 4313 852 4375 abutetur
866 4313 1028 4392 Scriptura
1042 4314 1082 4375 ad
1096 4314 1146 4373 fir·-

356 4399 489 4460 mandos
512 4416 646 4474 errores,
670 4401 701 4459 et
714 4397 852 4477 privatos
867 4416 975 4459 sensus
989 4400 1144 4478 proprios.

358 4489 451 4548 Recte
467 4487 502 4547 S.
516 4485 642 4546 Hieron.
660 4485 692 4544 in
706 4504 731 4546 c.
754 4487 791 4545 te
805 4485 960 4548 Danielis:
982 4485 1148 4569 Scripturas

356 4572 587 4654 intelligentiam
607 4572 662 4633 sibi
683 4573 895 4654 imperitissimi
908 4576 1038 4636 maxime
1051 4574 1148 4636 vindi-

357 4669 441 4730 cant:
452 4661 540 4723 addit
550 4659 688 4740 Epistola
697 4661 738 4722 ad
748 4662 928 4724 Paulinum:
940 4662 1015 4724 tanc
1022 4662 1149 4744 portato

357 4770 441 4827 octo,
456 4749 532 4810 tanc
545 4747 653 4809 delirus
666 4767 762 4818 senec,
778 4749 853 4812 tanc
865 4749 991 4831 sophista
1004 4751 1147 4829 verbosas,

357 4840 433 4902 tunc
444 4837 576 4900 unztara·
585 4844 779 4917 presumunt,
797 4837 937 4907 [maort.
954 4838 1056 4901 doceat
1068 4850 1148 4901 antc-

357 4947 446 5010 puom
459 4925 582 4987 demant.
608 4928 637 4986 6.
654 4927 732 4988 Cum
746 4944 784 4987 cx
797 4927 888 4990 dictis
902 4933 1032 5005 constet,
1050 4932 1082 4990 ct
1096 4947 1149 4990 ex-

357 5015 511 5098 perientia
524 5014 564 5074 sit
576 5012 786 5090 manifestum,
800 5014 965 5076 lectionem
980 5015 1149 5095 Scriptores

358 5105 390 5164 in
405 5100 515 5184 quavis
525 5101 633 5180 lingua
642 5102 774 5180 vulgari,
787 5101 943 5163 ordinarie
953 5104 1023 5182 plus
1037 5106 1148 5166 afferre

357 5189 547 5254 incommodi
564 5207 660 5269 quam
674 5188 825 5265 utilitatis,
845 5195 932 5268 patet
946 5190 1030 5270 justa
1044 5193 1148 5271 probi-

358 5280 425 5342 beri
440 5280 472 5340 in
488 5276 664 5354 Germania,
691 5277 764 5357 quia
778 5277 862 5356 quod
876 5278 908 5338 in
922 5279 1080 5340 communi
1094 5299 1147 5359 ap·

358 5376 424 5431 tum
440 5373 486 5430 est
500 5367 632 5431 multum
648 5385 771 5442 nocere,
783 5365 867 5446 juste
882 5367 1077 5445 prohibetur,
1094 5368 1148 5430 do·

360 5476 416 5519 nec
431 5457 557 5517 videant
572 5454 764 5533 Superiores,
778 5454 891 5533 quibus
906 5457 972 5516 tuto
987 5458 1018 5516 ct
1032 5457 1148 5519 utiliter

1191 2209 1358 2279 comparate
1367 2200 1446 2260 cotes
1455 2198 1570 2261 Bittio.
1583 2204 1613 2261 5.
1626 2201 1776 2262 Doctrina
1789 2200 1872 2277 fidei,
1885 2215 1959 2278 quau

1191 2287 1272 2347 scire
1288 2287 1381 2348 debet
1403 2287 1497 2349 etiam
1512 2289 1636 2368 vulgus,
1654 2288 1833 2350 fidelissime
1848 2285 1976 2352 contus-3

1192 2377 1243 2435 tur
1266 2379 1297 2435 et
1318 2375 1434 2452 legitur
1456 2376 1488 2435 in
1515 2375 1634 2438 Bibliis.
1659 2379 1690 2439 6.
1722 2377 1827 2438 Etiam
1856 2375 1917 2437 ideo
1934 2375 1976 2454 St

1194 2461 1278 2522 Hier.
1304 2460 1406 2523 Biblia
1429 2463 1523 2524 vertit
1546 2464 1577 2523 in
1599 2464 1731 2526 latinam
1753 2465 1890 2545 linguam
1909 2457 1976 2542 qua}

1193 2553 1260 2611 tum
1279 2553 1346 2611 arat
1366 2551 1516 2630 vulgaris.
1533 2555 1563 2613 7.
1580 2551 1850 2613 Absurdissimum
1872 2556 1913 2612 est
1928 2547 1976 2610 ppt

1193 2657 1276 2714 cere,
1294 2639 1378 2719 quod
1399 2657 1516 2701 novum
1530 2645 1753 2703 testamentum
1769 2643 1812 2703 sit
1824 2642 1897 2702 liber
1908 2635 1976 2734 pro-J

1194 2727 1322 2790 hibitus.
1339 2731 1369 2789 8.
1387 2729 1555 2790 Conversio
1571 2730 1795 2791 baereticorum
1809 2730 1976 2816 facilitatem¹

1194 2816 1312 2876 sicum
1336 2814 1411 2894 ipsis
1435 2815 1575 2878 dicamus
1599 2817 1682 2895 plebi
1705 2817 1802 2878 licere
1825 2818 1976 2896 lectioueut

1195 2903 1440 2980 scripturarum.
1463 2905 1500 2964 ll.
1517 2907 1591 2966 Hac
1613 2910 1645 2965 et
1668 2903 1784 2966 similia
1805 2899 1976 3016 argumenta}

1195 2991 1307 3052 merito
1329 2991 1468 3070 explodit
1491 2992 1580 3071 Pign.
1605 3002 1628 3054 t.
1652 2996 1682 3070 2,
1705 3012 1783 3055 cons.
1806 2997 1855 3071 56,
1876 2993 1976 3076 ultera,

1195 3081 1337 3140 Breviter
1355 3079 1443 3142 dico:
1467 3079 1515 3140 Ad
1536 3085 1564 3142 l.
1588 3084 1662 3143 Haeo
1677 3099 1740 3142 uon
1753 3081 1898 3143 dicuntur
1910 3097 1976 3158 pat-l

1196 3167 1255 3227 sim
1276 3166 1316 3227 ad
1332 3167 1467 3246 plebem,
1484 3173 1517 3231 et
1540 3169 1750 3247 mulierculas,
1768 3171 1827 3232 sed
1848 3169 1885 3230 ad
1902 3149 1976 3242 illast

1197 3255 1249 3334 qui
1265 3255 1390 3316 erudire
1410 3256 1526 3319 debent
1540 3259 1628 3334 alios,
1645 3263 1701 3320 aul
1715 3259 1768 3338 qui
1786 3259 1898 3320 babent
1909 3273 1967 3319 con·

1197 3341 1329 3404 ditiones
1344 3345 1384 3405 ad
1406 3349 1486 3421 tuto,
1504 3351 1535 3407 et
1559 3347 1676 3408 utiliter
1698 3348 1879 3426 legendum,
1900 3339 1965 3425 quot

1198 3430 1325 3510 quinam
1348 3432 1421 3509 sint,
1434 3431 1578 3512 judicare
1600 3435 1718 3497 debent
1741 3435 1968 3514 Superioreset·

1197 3516 1372 3578 clasiastici.
1412 3521 1589 3581 Consolatio
1627 3523 1801 3600 Scriptura
1841 3519 1967 3584 tutissime

1198 3605 1447 3666 communicatur
1467 3608 1550 3686 plebi
1575 3627 1633 3686 per
1656 3611 1815 3671 Pastores.
1841 3603 1967 3671 Panised

1198 3693 1282 3754 utilis
1297 3693 1381 3753 omni
1396 3693 1527 3770 bomini,
1544 3696 1600 3756 sed
1614 3696 1720 3774 pueris
1735 3697 1902 3776 porrigitur
1912 3707 1969 3754 cun

1198 3778 1289 3856 lacte,
1306 3780 1399 3858 aegris
1413 3781 1569 3861 frangitur
1591 3783 1632 3842 ad
1654 3801 1849 3861 mensuram,
1872 3781 1916 3844 alii
1930 3797 1968 3840 sc·

1199 3867 1338 3929 cundum
1365 3871 1583 3931 necessitatem
1606 3873 1873 3934 accommodatur.
1888 3867 1965 3931 Ata

1200 3955 1315 4017 Paulus
1338 3956 1497 4018 scribebat
1509 3975 1558 4034 ea,
1576 3976 1646 4036 quae
1659 3977 1716 4037 per
1735 3977 1772 4020 se
1794 3960 1843 4020 vel
1857 3958 1923 4020 alios
1940 3982 1944 3989 ‘

1200 4061 1252 4104 ros
1266 4044 1462 4123 Apostolicos
1483 4045 1645 4115 docuerat,
1662 4051 1717 4110 aut
1740 4048 1887 4111 docturus
1907 4047 1966 4120 crat

1201 4131 1274 4193 binc
1288 4131 1320 4191 in
1340 4131 1486 4193 Ecclesiis
1499 4134 1686 4212 legebantur
1699 4135 1770 4214 ejus
1786 4135 1929 4215 Epistola,

1201 4218 1449 4298 exponebantur,
1467 4226 1498 4282 et
1521 4222 1565 4282 ita
1587 4223 1682 4283 ctiam
1705 4242 1793 4286 nune
1813 4223 1876 4284 fieri

1201 4325 1257 4386 per
1271 4307 1493 4386 predicatores
1508 4311 1683 4390 Evangelii.
1695 4311 1757 4373 Ad.
1770 4315 1801 4374 3.
1818 4314 1870 4374 Est
1881 4308 1969 4372 eaden

1201 4395 1374 4474 responsio.
1408 4395 1459 4457 Ad
1486 4401 1516 4458 t.
1542 4400 1587 4459 De
1614 4399 1738 4461 Sanctis
1768 4399 1905 4462 Patribus
1937 4426 1962 4443 .‚

1202 4483 1246 4546 uti
1261 4484 1303 4545 od
1315 4488 1344 4561 l,
1361 4485 1446 4564 quod
1461 4487 1493 4548 S.
1510 4487 1774 4565 chrysostomum
1788 4489 1905 4550 attinet:
1918 4500 1970 4543 11..-

1202 4576 1270 4634 erat
1287 4573 1471 4653 Episcopus,
1488 4579 1519 4636 et
1532 4574 1718 4638 advertebat
1738 4577 1887 4656 populum
1898 4591 1969 4633 suo

1202 4662 1313 4722 melius
1332 4680 1393 4723 non
1418 4681 1508 4741 posse
1524 4663 1637 4725 abduci
1661 4683 1680 4724 a
1704 4664 1887 4743 spectaculis
1910 4684 1945 4715 is

1203 4754 1334 4826 trorum,
1352 4751 1466 4830 quibus
1488 4751 1611 4814 deditos
1633 4755 1712 4814 erat.
1737 4755 1829 4815 Nunc
1848 4754 1910 4814 suot
1931 4774 1940 4799 r

1203 4837 1409 4916 cumstantiae,
1420 4839 1460 4900 ob
1475 4857 1553 4920 quas
1567 4839 1715 4920 Episcopi
1727 4847 1760 4904 ct
1774 4837 1930 4916 Ecclesiap
1948 4858 1951 4883 ⁶

1203 4926 1313 4988 hibent
1333 4926 1478 4988 omnibus
1499 4927 1676 5005 promiscue
1699 4921 1968 4992 tartaream.

1203 5014 1424 5077 Contineturin
1436 5015 1554 5092 Bibliis,
1567 5016 1622 5078 scd
1632 5019 1770 5098 proponi
1786 5017 1901 5079 debete

1202 5103 1333 5164 toribus.
1359 5101 1408 5164 Ad
1433 5107 1463 5165 6.
1489 5105 1644 5184 Tempore
1669 5107 1703 5168 S.
1730 5108 1861 5183 Hierony
1896 5102 1959 5151 'o

1204 5194 1271 5252 erat
1285 5191 1461 5269 impressio,
1479 5211 1560 5272 quae,
1582 5193 1625 5254 uti
1648 5213 1747 5271 nunc,
1764 5193 1900 5255 redderet
1915 5205 1946 5244 rvv

1202 5278 1321 5338 sionem
1347 5296 1564 5355 communem,
1590 5285 1621 5341 ct
1644 5283 1859 5361 manuscripta
1878 5297 1895 5338 a
1915 5294 1973 5330 crs

1202 5366 1302 5427 doctis
1318 5366 1526 5428 habebantur.
1540 5368 1588 5428 Ad
1601 5373 1630 5428 7.
1643 5371 1770 5430 Novum
1779 5365 1926 5430 testameut
1940 5384 1952 5411 r
1966 5371 1970 5401 ³

1203 5475 1264 5516 non
1280 5460 1328 5517 cst
1341 5456 1422 5516 liber
1436 5455 1624 5535 prohibitus,
1641 5475 1714 5518 cum
1730 5457 1916 5537 permittatur
1932 5476 1951 5499 ¹«

359 5545 549 5626 permittant.
575 5549 604 5605 7.
628 5545 662 5607 Iu
686 5542 780 5604 dubio
805 5543 900 5622 (quod
924 5543 964 5605 ad
983 5542 1147 5605 otinimom
1200 5544 1317 5621 braice,
1335 5562 1438 5626 graece
1455 5547 1485 5607 et
1500 5544 1609 5622 latine,
1625 5545 1682 5608 sed
1697 5545 1795 5608 rudes
1808 5545 1872 5605 sunl
1885 5553 1948 5620 prou
