3986 6350
268 560 329 623 ⁴38
1011 565 1128 628 arona
1150 564 1203 626 rx.

268 766 352 810 nem.
378 752 483 813 Potest
505 749 601 830 igitur
623 752 752 814 allectus
774 751 888 833 aliquis
913 748 1064 813 naturalis
1122 748 1265 827 salutem,
1278 767 1339 811 non
1350 749 1444 811 modo
1455 748 1619 828 probabile
1632 751 1691 826 est,
1702 767 1813 810 verum
1824 749 1903 811 eliam
1985 755 1988 836 i

268 839 386 900 assumi
409 839 440 900 in
462 839 587 920 signum
609 839 655 900 rei
679 840 831 920 alicujus,
849 857 1068 921 quamexna·
1123 841 1154 897 et
1168 836 1371 916 probabilius,
1388 840 1555 899 etcertum
1569 842 1629 914 est,
1646 837 1769 899 licitum
1784 837 1903 899 esseed·

267 929 339 987 tura
353 944 410 987 sua
424 945 485 987 non
501 926 772 1008 significatritqui
784 928 943 1007 generalis
958 927 1067 989 volun·
1122 925 1299 986 ministrare
1315 926 1555 986 Sacramentum
1575 943 1648 986 cum
1667 923 1905 986 materiasolum
1986 913 1988 1006 ξ

269 1017 316 1076 tas
331 1013 564 1075 catholicorum
579 1014 720 1076 omnium
736 1016 910 1077 nolentium
929 1015 1013 1090 exire
1029 1015 1068 1075 de
1123 1013 1278 1092 probabili
1292 1017 1323 1072 et
1337 1012 1445 1089 dubia,
1462 1013 1589 1093 quando
1604 1031 1667 1074 nou
1690 1019 1796 1092 potest
1810 1013 1905 1073 baberi
1985 1061 1988 1106 t

269 1101 473 1163 saeculosine
502 1101 614 1163 mediis
643 1103 846 1165 adsalutem
870 1103 1067 1179 necessariis
1123 1101 1256 1162 materia
1270 1106 1367 1177 certa,
1385 1105 1416 1164 et
1431 1102 1550 1162 nullum
1565 1105 1613 1164 est
1626 1100 1783 1180 sacrilegii
1799 1098 1905 1181 pericu·
1986 1107 1988 1126 ‘

269 1190 395 1251 omnino
411 1191 580 1270 aequivalet
596 1190 668 1252 buic
679 1191 876 1269 institutioni,
888 1193 927 1253 de
940 1211 1003 1272 qua
1017 1211 1070 1252 su·
1123 1189 1199 1250 lum.
1225 1188 1357 1250 licitum
1382 1189 1465 1249 enim
1492 1194 1540 1252 est
1563 1189 1708 1251 adbiberi
1733 1189 1904 1267 remedium,

268 1296 337 1357 pra,
354 1282 389 1340 ut
402 1297 459 1358 per
472 1298 505 1340 se
520 1283 616 1358 patet.
643 1281 727 1358 llrgo
749 1298 811 1341 non
832 1280 920 1340 deest
940 1280 1070 1360 signum
1124 1277 1208 1358 quod
1228 1277 1435 1356 probabiliter
1457 1280 1656 1358 profuturum
1681 1283 1740 1356 est,
1757 1282 1789 1339 et
1810 1279 1906 1340 obesse

269 1366 489 1430 Confessionis.
507 1369 584 1428 Cum
600 1366 697 1446 igitur
711 1367 839 1429 aliunde
865 1367 1070 1448 probabiliter
1125 1384 1187 1427 non
1201 1369 1314 1446 potest,
1332 1366 1459 1446 quando
1479 1367 1649 1428 necessitas
1664 1373 1768 1446 urget.
1786 1365 1906 1446 Atquisi

269 1457 478 1535 presumatur
495 1455 585 1516 dolor
608 1458 639 1515 et
662 1455 820 1518 habeatur
842 1456 1005 1537 probabile
1028 1461 1071 1517 si·
1124 1453 1285 1533 probabile
1300 1453 1340 1515 sit
1353 1454 1578 1515 moribundum
1592 1455 1682 1515 illum
1697 1455 1801 1515 valide
1816 1454 1908 1514 absol·

270 1561 368 1622 gnum
387 1543 598 1605 Confessionis
627 1547 658 1606 et
685 1544 831 1606 desiderii
852 1544 1067 1620 absolutionis,
1124 1541 1155 1603 vi
1169 1542 1201 1601 in
1217 1559 1291 1603 casu
1307 1541 1427 1620 posito;
1441 1540 1508 1621 jam
1524 1541 1614 1602 adest
1627 1541 1761 1602 materia
1774 1540 1908 1621 probabi-

271 1629 431 1711 probabile
446 1636 493 1690 est
507 1631 665 1692 infirmum
679 1632 710 1692 in
726 1633 893 1712 hypothesi
910 1633 994 1694 lacta
1008 1651 1064 1694 va·
1124 1630 1172 1707 lis,
1191 1633 1224 1690 ut
1238 1633 1344 1708 patet;
1362 1633 1393 1690 et
1407 1628 1534 1689 aliunde
1549 1629 1669 1690 nullum
1685 1631 1733 1689 est
1747 1628 1907 1707 periculum

270 1719 333 1782 lide
347 1718 477 1779 absolvi.
495 1719 588 1791 Quod
605 1724 674 1781 erat
687 1720 898 1799 probandum.
1125 1716 1291 1796 sacrilegii.
1312 1718 1352 1778 Et
1375 1735 1450 1778 vero
1475 1716 1636 1777 undenam
1660 1721 1744 1779 esset
1766 1715 1906 1796 sacrilegii

315 1805 449 1887 objicies.
466 1807 623 1867 Incertum
640 1812 687 1869 ssi
703 1809 809 1869 anille
833 1809 872 1870 de
888 1826 950 1888 quo
966 1807 1071 1888 agitur
1124 1802 1325 1880 periculum?
1338 1807 1386 1866 An
1407 1823 1445 1865 ex
1463 1807 1553 1884 parte
1572 1805 1778 1867 moribundi?
1792 1805 1851 1866 Sed
1865 1805 1907 1866 vel

274 1894 427 1969 infirmus,
453 1893 568 1966 vixerit
591 1899 625 1956 ut
648 1895 858 1957 Christianum
880 1895 1023 1974 decebat,
1040 1900 1071 1958 et
1125 1887 1260 1952 advertit
1275 1911 1308 1953 se
1323 1892 1455 1970 absolvi,
1471 1892 1521 1953 vel
1536 1911 1599 1954 non
1616 1913 1623 1954 τ
1641 1893 1667 1954 si
1682 1893 1828 1962 advertit.
1845 1911 1908 1972 pro·

273 1981 345 2043 vita
360 1981 527 2042 discrimen
542 1982 741 2060 praeviderit;
758 1990 853 2064 atque
873 1985 993 2046 etiamsi
1012 1986 1070 2047 rite
1125 1976 1205 2038 fecto
1221 1977 1253 2038 in
1268 1979 1318 2040 his
1333 1999 1438 2041 rerum
1452 1981 1604 2060 angustiis
1619 1982 1793 2061 prudenter
1805 2000 1906 2061 prasu-

274 2069 411 2146 vixissct,
428 2069 492 2130 vita
506 2069 561 2130 illa
575 2071 734 2149 praeterita
748 2091 809 2132 nen
825 2073 972 2134 continuo
991 2072 1072 2134 loret
1125 2064 1221 2127 mitur
1240 2069 1358 2146 conari,
1375 2073 1411 2130 ut
1434 2071 1474 2132 sit
1494 2074 1579 2132 recte
1600 2071 1795 2150 dispositus:
1817 2070 1843 2131 si
1854 2087 1908 2130 noo

274 2158 400 2237 signum
421 2157 545 2218 actuale
573 2158 690 2220 doloris
714 2164 786 2221 actu
810 2161 970 2222 moraliter
993 2179 1071 2239 prae-
1126 2153 1271 2232 advertit,
1285 2155 1354 2236 jam
1373 2157 1439 2218 sive
1455 2157 1505 2235 sit,
1521 2157 1587 2220 sive
1602 2178 1665 2220 non
1686 2159 1728 2222 sit
1741 2159 1905 2237 dispositus,

275 2245 371 2307 sentis
386 2248 417 2307 et
430 2244 579 2307 desiderii
593 2247 809 2310 absolutionis.
831 2249 913 2328 Ergo
940 2249 1010 2311 talis
1024 2249 1072 2310 in·
1126 2259 1189 2302 11011
1205 2243 1263 2305 erit
1276 2245 1431 2326 sacrilegii
1447 2265 1530 2308 reus.
1546 2250 1595 2309 An
1612 2253 1754 2325 exparte
1769 2246 1905 2309 Secerdo

275 2336 384 2396 firmus
399 2351 461 2395 non
476 2333 580 2395 valide
595 2335 822 2398 absolveretur.
1126 2328 1190 2390 tis?
1217 2332 1279 2393 Sed
1306 2339 1435 2397 eatenus
1463 2335 1665 2414 sacrilegium
1693 2333 1905 2412 committeret,

316 2421 490 2504 Respondeo,
508 2425 553 2485 Ex
567 2423 657 2485 dictis
672 2425 825 2487 hactenus
839 2425 931 2487 valde
957 2427 1073 2505 pfflbg.
1127 2421 1281 2496 quatenus
1309 2421 1519 2484 irreverenter
1546 2421 1781 2483 administraret
1808 2424 1907 2484 Sacra·

276 2513 338 2574 bile
353 2513 410 2588 est,
436 2511 519 2590 quod
543 2512 646 2572 valide
669 2513 765 2574 etiam
788 2514 962 2576 absolvitur
978 2515 1014 2591 is,
1032 2515 1072 2575 de
1127 2510 1278 2570 mentum·
1291 2511 1388 2571 Porro
1401 2510 1493 2591 juxta
1507 2529 1708 2572 communem
1722 2515 1905 2584 sententiam,

277 2617 339 2681 quo
354 2617 416 2659 non
431 2601 563 2672 constat,
580 2617 619 2659 an
635 2600 707 2662 viiae
727 2601 897 2663 discrimen
917 2603 1073 2680 praevjde.
1126 2594 1159 2655 in
1174 2613 1248 2656 casu
1263 2603 1409 2660 extrema·
1426 2598 1619 2660 necessitatis
1634 2598 1785 2677 abstergit
1795 2615 1907 2660 omnem

278 2687 328 2763 rit,
345 2685 410 2746 sive
424 2684 515 2760 bene,
533 2685 598 2745 sive
618 2687 700 2748 male
724 2687 837 2750 vixerit
861 2693 891 2751 et
914 2689 1074 2752 invenitur
1127 2681 1339 2748 irreverentia
1356 2691 1464 2750 uotam
1484 2685 1688 2766 probabilitas
1707 2687 1853 2764 materiai,
1867 2686 1908 2746 iu·

277 2767 419 2836 sensibus
434 2772 599 2834 destitutus
625 2778 656 2836 et
679 2776 772 2836 morti
790 2776 952 2855 proximus
969 2798 976 2840 :
995 2779 1074 2851 Quia
1128 2771 1267 2850 digentis
1289 2773 1438 2854 subjecti,
1465 2773 1634 2835 necessitas
1658 2776 1859 2850 Sacramentt,
1882 2775 1907 2833 et

277 2864 343 2925 vita
361 2865 392 2924 et
409 2862 487 2922 sides
508 2861 684 2942 Catholica,
711 2884 806 2944 quam
831 2866 989 2945 protessus
1013 2872 1071 2944 est,
1128 2859 1264 2921 conditio
1290 2863 1495 2925 sacramento
1518 2863 1681 2942 81111051Ἇὶ
1708 2881 1771 2942 qua
1793 2862 1907 2943 quidem

278 2951 516 3012 fundamentum
535 2951 654 3029 prabet
678 2958 712 3014 ut
733 2954 912 3034 judicemus
936 2974 1019 3033 eum,
1047 2955 1073 3017 si
1128 2964 1191 3007 non
1205 2948 1371 3026 purificata
1386 2952 1626 3012 Sacramentum
1647 2954 1794 3011 nonest:
1812 2956 1843 3012 ut
1862 2967 1907 3028 pa·

278 3041 350 3102 vita
377 3038 550 3118 perieulum
578 3039 730 3118 advertit,
758 3042 790 3103 in
813 3043 868 3105 tali
892 3042 1073 3106 discrimine
1127 3039 1173 3097 tet
1187 3037 1218 3096 in
1233 3036 1402 3117 baptismo,
1415 3040 1468 3118 qui
1484 3040 1578 3101 debet
1591 3039 1622 3098 in
1638 3057 1714 3100 casu
1729 3039 1907 3100 necessitatis

278 3128 358 3190 velle
373 3126 602 3188 absolutionem
617 3135 648 3188 et
663 3131 912 3209 Sacramentum,
929 3133 996 3194 sine
1011 3151 1073 3212 quo
1128 3125 1262 3186 conferri
1284 3129 1343 3188 sub
1357 3129 1537 3190 conditione
1562 3146 1635 3189 cum
1657 3127 1790 3189 materiis
1806 3127 1907 3206 proba·
1985 3125 1988 3180 ¹³

280 3213 413 3278 credidit
427 3214 476 3274 vel
490 3213 580 3276 timet
594 3234 657 3275 non
672 3234 763 3295 posse
778 3219 904 3280 salvari.
921 3221 1004 3283 Satis
1017 3239 1074 3283 au·
1128 3212 1473 3292 bilisolumacdubia‚
1491 3217 1594 3278 sinon
1614 3215 1713 3295 possit
1731 3216 1834 3277 haberi
1849 3233 1907 3276 cer
1986 3219 1988 3230 ⁴

279 3310 344 3367 tem
358 3308 405 3365 est
418 3302 443 3363 si
458 3303 630 3382 prudenter
646 3303 820 3385 judicetur,
845 3327 918 3369 sum
942 3309 1002 3370 huc
1023 3329 1076 3370 us·
1128 3305 1171 3363 ta.
1189 3301 1221 3364 Si
1237 3321 1312 3382 ergo
1327 3305 1489 3382 probabile
1505 3305 1555 3381 sit,
1572 3307 1607 3366 ut
1625 3307 1683 3381 est,
1700 3303 1907 3366 moribundum
1985 3327 1988 3354 ι

281 3410 342 3474 que
363 3390 477 3451 vixisse
499 3391 530 3450 in
553 3391 745 3468 professione
768 3395 937 3476 Religionis
961 3397 1075 3460 ustus·
1128 3391 1216 3450 illum
1236 3389 1274 3451 de
1295 3408 1355 3472 quo
1380 3409 1486 3471 8111118,
1510 3391 1613 3452 valide
1638 3391 1779 3465 absolvi;
1801 3393 1906 3453 08111111]
1985 3441 1988 3472 i

280 3481 348 3542 licea
366 3500 371 3540 :
389 3478 473 3559 quod
493 3477 620 3558 quidem
643 3479 733 3542 facile
760 3482 937 3561 innotescit,
962 3485 1012 3546 vel
1036 3503 1075 3546 er
1129 3483 1177 3540 est
1190 3478 1285 3540 ctiam
1299 3481 1446 3540 eumdem
1459 3479 1542 3542 licite
1558 3479 1690 3541 absolvi.

281 3568 459 3631 conditione
470 3584 622 3644 persona,
633 3569 683 3630 vel
694 3588 731 3630 er
742 3571 811 3632 aliis
821 3571 1071 3650 circumstantiis,
1171 3567 1265 3649 Objie.
1284 3569 1312 3628 l.
1335 3567 1457 3630 Rituale
1479 3571 1656 3630 homanum
1680 3567 1777 3646 exigit
1798 3566 1906 3646 inipso

282 3675 352 3738 quae
368 3654 483 3716 faciant
503 3658 538 3714 ut
560 3655 733 3732 prudenter
753 3657 785 3718 id
807 3659 905 3738 possit
927 3661 1074 3740 praesumi
1128 3654 1252 3717 infirmo
1276 3655 1400 3736 signum
1424 3657 1551 3737 aliquod
1576 3655 1693 3718 doloris
1717 3659 1749 3717 et
1775 3653 1906 3716 desiderii
1986 3645 1988 3726 1

283 3749 315 3808 et
336 3742 540 3824 probabiliter
563 3742 698 3822 judicari
728 3765 800 3807 eum
823 3748 855 3808 in
883 3751 969 3811 tanto
992 3749 1075 3828 peri·
1129 3741 1344 3820 absolutionis
1360 3742 1410 3806 vel
1431 3763 1488 3822 per
1507 3763 1552 3821 se,
1570 3743 1595 3804 si
1618 3762 1677 3822 per
1699 3744 1802 3823 ipsum
1823 3741 1906 3822 possit

283 3834 353 3895 culo
368 3830 592 3908 constitutum,
619 3831 658 3892 dc
682 3852 740 3894 sua
760 3836 859 3898 salute
881 3836 912 3898 in
932 3837 998 3917 ipso
1014 3839 1076 3899 sal-
1129 3830 1250 3905 haberh
1264 3833 1312 3893 vel
1323 3851 1380 3911 per
1393 3836 1499 3908 testes,
1512 3833 1538 3892 si
1549 3849 1611 3893 non
1622 3831 1722 3910 possit
1736 3849 1792 3910 per
1804 3831 1903 3910 ipsum.

283 3926 347 3984 tem
367 3917 498 3999 periculi
519 3918 607 3979 initio
636 3921 789 3998 cogitasse
818 3929 849 3984 et
871 3924 1076 4002 probabiliter
1130 3921 1159 3980 2.
1176 3921 1210 3980 ln
1225 3936 1298 3981 casu
1314 3918 1414 3998 posito
1430 3919 1497 3980 dari
1517 3921 1621 3998 potest
1644 3922 1784 3980 extrema
1802 3914 1903 3979 unche.
1986 3913 1988 3994 ἦ

283 4009 322 4070 de
337 4006 472 4086 peccatis
488 4003 634 4066 doluisse.
657 4007 838 4070 Absurdum
858 4010 972 4090 quippe
994 4011 1076 4074 foret
1129 4009 1242 4068 3.an
1261 4006 1474 4086 praescribitur
1488 4012 1520 4068 et
1534 4024 1596 4068 non
1620 4005 1716 4067 aliud.
1733 4010 1763 4066 l.
1781 4007 1840 4067 Hoc
1852 4001 1906 4063 sul·
1986 3995 1988 4066 i

283 4094 407 4173 exigere
429 4092 671 4173 praesumptione
697 4095 770 4158 vitae
793 4099 960 4176 praeteritae
985 4098 1076 4161 inno·
1129 4095 1204 4172 sicit,
1231 4095 1304 4175 quia
1324 4096 1473 4158 Extrema
1496 4094 1619 4171 Unctio,
1636 4113 1710 4156 eum
1733 4113 1795 4155 non
1817 4096 1905 4172 potest
1986 4087 1988 4126 ³

283 4183 397 4259 centis,
431 4179 485 4242 ubi
509 4180 613 4259 agitur
639 4180 678 4243 de
701 4185 841 4246 remedio
873 4191 1075 4265 peccatorum
1131 4183 1240 4245 haberi
1264 4183 1431 4260 absolutio,
1448 4186 1550 4262 potest
1570 4201 1627 4262 per
1649 4183 1795 4244 accidens
1813 4178 1906 4242 remit·

284 4269 492 4349 applicando;
515 4271 550 4329 ut
572 4268 598 4328 si
626 4269 766 4333 medicus
791 4274 997 4354 praeexigeret
1026 4293 1076 4335 sa·
1129 4279 1195 4332 tere
1218 4277 1348 4350 peccata
1371 4271 1516 4332 mortalia
1537 4270 1655 4331 homini
1679 4271 1779 4331 solum
1802 4267 1902 4343 attrito,
1986 4333 1988 4356 Ι

284 4359 415 4420 nitatem
442 4357 482 4417 ad
511 4356 651 4417 remedia
673 4357 882 4423 decernenda.
914 4363 1002 4433 Quod
1026 4381 1075 4423 su·
1129 4359 1361 4440 inculpabiliter
1376 4360 1477 4420 solum
1491 4360 1607 4422 attritu.
1622 4362 1652 4420 5.
1670 4362 1743 4420 tlaec
1758 4355 1904 4437 estpraris

283 4450 397 4528 peresi,
414 4462 476 4505 non
491 4444 624 4506 dicimus
641 4445 735 4507 vitam
745 4449 902 4511 Catholice
913 4455 1076 4528 peractam
1129 4447 1259 4527 antiqua
1273 4447 1431 4526 Ecclesia,
1445 4447 1601 4528 hodieque
1617 4450 1666 4509 sat
1680 4445 1854 4509 communis.
1865 4445 1904 4504 Er
1985 4455 1988 4464 ·

283 4534 422 4614 precise,
440 4549 506 4592 esse
522 4531 646 4610 signum
669 4535 831 4611 presentis
853 4535 1001 4597 desiderii
1019 4538 1075 4598 ab·
1129 4534 1178 4595 his
1193 4535 1337 4596 omnibus
1352 4541 1437 4616 patet
1451 4537 1535 4617 quod
1549 4535 1581 4597 in
1601 4554 1678 4597 casu
1692 4535 1792 4615 posito
1806 4550 1858 4595 non
1872 4531 1905 4592 li-
1985 4537 1988 4582 t

284 4620 461 4693 solutionis;
478 4619 544 4696 sed,
561 4619 586 4678 si
602 4619 688 4679 nulla
697 4620 759 4681 alla
774 4623 1008 4686 circumstantia
1023 4626 1075 4687 dc·
1129 4623 1189 4684 cite
1205 4623 1376 4684 absolvitur
1389 4624 1609 4686 moribundus
1986 4683 1988 4702 ,

284 4713 437 4771 monstret
451 4707 611 4768 evidenter
625 4711 834 4788 contrarium,
851 4711 949 4773 vitam
964 4713 1076 4774 Gatho·
1170 4710 1355 4788 Respondeo
1379 4711 1419 4772 ad
1445 4717 1473 4774 l.
1500 4711 1622 4773 Rituale
1646 4714 1818 4773 Romanum
1836 4726 1904 4788 pra
1986 4713 1988 4790 t

285 4800 343 4860 lice
358 4799 518 4877 peractam
532 4813 605 4855 eum
619 4799 759 4858 extremo
775 4797 826 4860 illo
842 4799 913 4860 vitre
936 4799 1075 4879 periculo
1129 4798 1237 4860 scribit
1263 4798 1392 4878 quidem
1419 4803 1454 4862 ut
1481 4801 1664 4863 absolvatur
1690 4800 1836 4875 infirmus,
1856 4794 1904 4876 qui

285 4885 496 4965 conjunctam.
512 4884 558 4943 Ex
573 4880 620 4942 his
636 4881 719 4943 enim
738 4883 860 4946 duobus
874 4886 936 4947 tale
951 4887 1076 4966 signum
1129 4887 1179 4947 vel
1206 4905 1262 4965 per
1289 4904 1322 4946 se
1350 4886 1375 4947 si
1406 4887 1524 4965 possit,
1554 4889 1604 4950 vel
1628 4907 1686 4967 per
1712 4889 1788 4950 alios
1809 4887 1903 4946 sinon
1986 4889 1988 4912 ²

285 4976 317 5036 in
332 4990 405 5034 casu
421 4970 521 5050 posito
537 4969 745 5032 constituitur.
1130 4973 1227 5054 possit
1241 4992 1297 5051 per
1315 4992 1359 5052 se,
1376 4975 1431 5036 dat
1448 4975 1574 5054 signum
1596 4976 1703 5055 petits
1723 4993 1824 5038 eoram
1843 4969 1903 5032 aliis
1987 4983 1988 5024 ὲ

325 5061 433 5137 (laceri.
449 5060 498 5118 34.
515 5091 555 5102 -
571 5057 677 5120 Utrum
697 5057 776 5122 licite
798 5058 995 5122 absolveretur
1017 5081 1077 5124 mo·
1130 5061 1348 5124 Confessionis.
1373 5063 1436 5124 Sed
1455 5062 1532 5143 quid
1555 5063 1653 5124 inde?
1676 5065 1711 5125 ln
1735 5081 1806 5124 casu
1822 5073 1903 5140 quem

286 5148 430 5213 rilindis
444 5145 509 5221 ille,
525 5144 561 5206 de
573 5165 630 5228 quo
643 5165 732 5220 supra
745 5147 854 5207 dictum
868 5147 958 5228 fuit?
1131 5149 1218 5229 ponit
1242 5150 1364 5211 Rituale
1388 5153 1564 5212 Romanum
1579 5150 1674 5212 debet
1688 5149 1803 5213 absolvi
1821 5143 1903 5207 mori-

327 5239 420 5313 Resp.
437 5233 532 5295 Licite
547 5233 718 5294 absolvitur
732 5233 802 5294 talis
817 5235 1033 5312 moribundus,
1046 5241 1077 5297 et
1130 5238 1255 5298 bandus
1272 5259 1278 5298 :
1301 5237 1410 5299 fateor.
1427 5239 1509 5317 Ergo
1526 5238 1557 5298 in
1578 5257 1654 5299 casu
1670 5243 1774 5300 nostro
1788 5254 1841 5297 non
1853 5231 1902 5291 de-

287 5323 362 5385 illud
378 5322 509 5382 infertur
524 5320 685 5382 evidenter
699 5340 737 5381 ex
751 5321 842 5382 dietis
857 5323 888 5382 in
904 5323 1075 5402 quaestione
1130 5325 1183 5387 bet
1197 5325 1327 5386 absolvi.
1345 5329 1422 5406 Neg.
1445 5329 1536 5388 Cous.
1562 5327 1643 5388 Illud
1667 5326 1750 5388 euim
1770 5343 1804 5386 ex
1816 5321 1900 5384 utero

287 5408 486 5491 precedenti.
504 5408 621 5470 Namin
631 5426 705 5470 casu
721 5409 914 5472 necessitatis
930 5415 1076 5474 extrema
1131 5431 1193 5474 non
1208 5412 1384 5476 deducitur.

288 5496 340 5558 ubi
356 5497 459 5576 agitur
472 5497 511 5560 de
532 5497 734 5561 Sacramenta
754 5501 818 5561 tam
838 5499 1014 5563 necessario
1034 5499 1075 5564 ad
1170 5501 1219 5564 Ad
1246 5503 1276 5566 2.
1307 5503 1374 5563 Non
1402 5503 1506 5587 potest
1533 5520 1659 5586 semper
1687 5502 1753 5566 dari
1773 5501 1900 5566 brtrcmt
