3946 6346
348 587 377 650 ti
678 587 798 652 INDEX
821 583 993 650 CASUUM.
1301 583 1328 649 Η

41 771 231 822 estmembrum
245 772 298 824 sibl
314 776 455 838 amputare
475 785 524 840 pro
544 773 731 825 conservando
754 775 821 836 toto,

41 856 106 893 num.
115 845 168 894 886.
183 845 244 895 Non
258 845 323 896 licet
336 847 497 896 auctoritate
512 845 620 910 propria
634 846 757 895 occidere
767 859 823 894 ma·

41 913 186 965 lefactorem
210 919 287 966 extra
316 929 424 968 causam
461 918 617 968 necessariae
647 917 822 978 defensionis,

40 999 63 1036 8.
75 987 127 1037 888.
137 987 190 1036 Nec
201 988 301 1038 marito
311 1001 424 1038 uxorem
436 987 462 1037 in
473 987 607 1038 adulterio
627 987 823 1052 deprehensam

40 1069 91 1106 ιι.
105 1057 156 1106 888.
172 1057 227 1108 Neo
241 1059 312 1122 patri
330 1057 413 1108 filiam
428 1059 467 1108 sic
481 1059 686 1121 deprehensam,
703 1057 738 1107 ib.
750 1059 823 1121 Ejus·

42 1126 107 1176 nodi
119 1126 253 1178 clericum
268 1128 422 1178 adulterum
437 1128 562 1178 occidens
572 1141 627 1178 nou
647 1127 760 1178 incurrit
774 1141 821 1176 ex-

42 1198 307 1248 communicationem
317 1211 344 1248 n.
355 1199 408 1248 688.
420 1199 548 1249 Occidere
560 1199 701 1258 bannitus,
712 1197 821 1262 quando

39 1268 163 1330 atquibus
176 1268 268 1318 lineat.
282 1269 310 1319 V.
326 1269 456 1319 88888888
472 1270 529 1319 Non
545 1273 648 1333 potest,
666 1282 713 1332 per
735 1281 763 1318 se
779 1269 820 1316 lo·

39 1338 146 1402 quando,
161 1339 290 1404 publicus
302 1345 437 1404 grassator
451 1343 477 1390 88
491 1345 583 1403 raptor
596 1354 611 1390 a
627 1341 723 1404 quovis
733 1339 821 1389 occidi

40 1421 63 1458 ι.
75 1411 126 1459 886.
146 1411 276 1474 iniquum
296 1424 477 1476 aggressuram
491 1411 563 1462 licite
582 1411 759 1472 occido,non
779 1413 821 1460 ta-

39 1491 93 1528 men
106 1482 210 1542 888888,
228 1494 256 1530 8.
266 1482 321 1542 838,
336 1483 390 1543 888,
405 1483 460 1532 828.
476 1481 503 1532 68
519 1481 658 1532 moraliter
670 1485 760 1531 certus
770 1480 821 1529 sim

39 1560 75 1598 ιιι
84 1559 140 1598 esse
151 1550 179 1598 in
189 1551 277 1614 gratia
288 1555 316 1600 et
330 1552 454 1614 iniquum
469 1564 651 1614 aggressorem
662 1551 690 1600 in
702 1550 821 1612 mortali,

40 1619 210 1681 probabiliter
232 1625 329 1670 teneor
351 1621 494 1672 admittere
520 1625 644 1682 mortem,
667 1623 734 1672 alias
756 1634 821 1682 nou,

39 1691 116 1740 8888.
128 1691 216 1740 Etiam
227 1691 354 1755 iniquum
364 1705 546 1754 aggressorcm
555 1691 738 1752 alterius,sivc
749 1689 820 1749 vltra,

39 1759 89 1809 sire
102 1760 238 1812 honorum
254 1761 327 1812 licite
338 1761 441 1823 occido,
456 1775 483 1811 u.
498 1765 550 1812 888.
567 1763 662 1812 Furem
673 1760 781 1824 quando
792 1759 822 1809 li-

41 1834 92 1881 ceat
107 1830 239 1882 occidere.
256 1831 287 1884 V.
303 1832 360 1880 Fur.
377 1832 521 1896 Raptorem
536 1833 627 1882 stricte
646 1832 758 1892 dictum,
773 1827 821 1892 qui

41 1913 85 1966 per
96 1901 256 1951 violentiam
271 1903 352 1952 etiam
367 1901 474 1964 corpori
488 1901 638 1952 adhibitam
654 1900 736 1951 vellet
758 1900 821 1952 uni-

41 1985 95 2021 cnm
106 1985 220 2023 aureum
229 1972 344 2036 eripere,
359 1973 535 2035 probabiliter
555 1973 620 2023 licet
642 1972 774 2032 occidere,
799 1969 821 2019 si

39 2043 75 2092 ris
88 2043 165 2093 aliter
177 2045 266 2094 eremi
278 2055 334 2093 non
348 2045 442 2108 possit,
458 2059 482 2094 8.
506 2047 560 2096 888.
583 2045 734 2095 invasorem
752 2041 822 2092 ordi·

42 2114 108 2164 nane
124 2113 222 2164 888888
234 2117 261 2164 88
275 2115 424 2166 resistendo
451 2115 515 2166 18888
531 2115 663 2176 occidere,
683 2115 706 2163 si
720 2126 768 2178 per
782 2113 823 2162 fu·

39 2195 91 2246 gam
104 2185 193 2246 gravis
210 2184 363 2247 ignominia
378 2184 541 2247 incurratur,
556 2199 583 2234 8.
601 2187 653 2234 888.
665 2185 822 2248 Fugientem

39 2252 163 2303 ordinarie
178 2267 236 2303 non
252 2253 316 2304 licet
330 2253 436 2318 insequi
452 2257 479 2304 et
492 2255 623 2316 occidere,
643 2267 705 2305 eum
728 2267 757 2304 re
781 2255 821 2303 la-

39 2335 92 2372 men
105 2325 195 2386 magni
212 2323 355 2384 momenti,
373 2339 398 2373 v.
413 2337 438 2388 g.
454 2338 524 2389 equo
534 2325 691 2388 fugientem,
706 2323 823 2373 sialiter

39 2395 181 2456 recuperari
191 2407 249 2444 non
263 2395 360 2458 possit,
375 2394 583 2454 licetocaidere3
599 2411 624 2446 n.
641 2397 697 2458 888,
707 2397 761 2444 888.
778 2394 822 2443 ln·

40 2475 130 2514 nocens
142 2466 177 2515 ad
193 2471 312 2516 mortem
329 2466 477 2530 capiendus
491 2480 506 2516 8
525 2467 688 2517 satellitibus
711 2466 822 2516 scienti-

39 2532 81 2582 bus
95 2536 179 2599 ipsius
195 2536 393 2598 innocentiam,
409 2541 498 2600 potest
512 2549 559 2587 eos
582 2537 705 2587 occidere
730 2537 820 2596 licite,

38 2616 85 2653 nou
99 2618 173 2667 uero,
188 2606 212 2654 si
228 2607 367 2656 nescirent
381 2607 440 2671 ejus
454 2608 650 2668 innocentiam,
664 2607 743 2658 sicuti
773 2619 822 2656 nec

38 2679 175 2725 carceratus
187 2677 320 2726 innocens
333 2676 407 2726 licite
425 2677 525 2726 occidit
540 2676 667 2726 custodes
696 2679 822 2739 carceris,

38 2759 60 2794 n.
73 2748 125 2797 886.
141 2745 339 2810 impedientem
354 2747 382 2796 in
399 2748 568 2798 assecutione
592 2748 656 2798 boni
681 2748 821 2798 ordinarie

38 2829 85 2866 uon
97 2816 159 2867 licet
174 2817 310 2880 occidere,
325 2832 341 2868 a
355 2831 382 2867 n.
398 2819 452 2868 886.
468 2820 521 2868 Nec
540 2819 678 2869 ordinarie
702 2819 765 2870 iicet
778 2833 822 2869 oo·

37 2886 116 2937 cidara
129 2887 347 2937 calumniantem
361 2888 469 2950 famam,
480 2892 528 2939 aut
541 2888 672 2939 honorem
690 2889 821 2939 inuaden-

38 2959 93 3017 tem,
105 2971 120 3007 a
137 2973 164 3008 8.
180 2959 237 3008 888.
253 2959 281 3008 Sl
293 2957 381 3008 honor
396 2959 541 3008 invadatur
554 2971 609 3008 non
620 2962 727 3010 tantum
738 2961 821 3009 uerbo

37 3025 76 3074 sed
92 3026 173 3077 etiam
188 3026 271 3090 facto,
286 3028 351 3078 licet
364 3041 427 3077 enm
443 3029 513 3078 tueri
528 3029 620 3091 armis,
637 3031 764 3093 quamvis
778 3043 821 3080 so-

37 3101 126 3158 quatur
138 3099 252 3160 occisio,
266 3112 342 3148 num.
357 3100 412 3149 882.
428 3100 543 3150 insidias
559 3101 592 3150 88
605 3106 718 3151 mortem
730 3102 821 3164 proxi-

38 3177 73 3215 ma
82 3173 221 3228 parantem
236 3167 301 3218 licet
315 3169 448 3230 cecidere,
463 3181 519 3219 non
533 3181 595 3220 vcro
610 3170 637 3221 88
647 3171 755 3222 ridetur
765 3184 822 3221 esse

37 3233 140 3298 licitum,
156 3239 180 3289 ai
195 3243 293 3301 888888,
309 3253 334 3291 ι.
350 3253 376 3304 g.
392 3240 510 3290 iusidias
525 3241 573 3302 itu,
588 3245 618 3291 ut
641 3255 738 3292 manus
762 3243 821 3306 ejus

37 3307 137 3358 laudem
159 3321 218 3360 non
242 3309 294 3360 sim
316 3323 455 3372 evasurus,
478 3311 530 3359 nisi
559 3325 574 3361 e
598 3313 684 3375 patria
708 3310 821 3375 fugiam,

36 3387 60 3424 n.
72 3379 122 3439 rsa,
136 3380 192 3430 888.
211 3379 316 3430 Dirsets
334 3383 361 3429 et
371 3381 490 3431 scienter
502 3393 558 3430 non
573 3381 637 3432 ficet
650 3381 772 3432 occidere
782 3383 822 3432 in·

36 3451 180 3512 nocentem,
194 3463 225 3500 n.
243 3452 297 3501 888.
312 3452 366 3501 Nec
383 3450 499 3514 obsides,
515 3453 566 3502 etsi
577 3453 625 3515 qui
635 3467 680 3504 eos
690 3453 822 3504 miserunt

37 3528 85 3566 non
98 3523 210 3570 servent
224 3519 315 3582 fldem,
332 3521 368 3571 ib.
385 3521 460 3572 Licet
473 3522 595 3573 occidere
612 3523 735 3585 bestiam,
760 3537 822 3573 curu

37 3599 82 3652 qua
95 3603 123 3640 se
143 3591 260 3643 miscuit
282 3591 374 3655 homo,
397 3605 424 3643 n.
446 3593 500 3642 888.
516 3593 603 3643 Etiam
622 3593 685 3645 licet
699 3593 821 3644 occidere

36 3657 168 3722 infantem,
195 3674 278 3725 quern
301 3675 439 3726 aggressor
457 3663 553 3727 objicit
580 3668 610 3716 ut
637 3677 679 3715 me
707 3664 821 3725 occidat,

35 3740 59 3777 n.
72 3731 123 3782 838.
139 3733 202 3782 Non
219 3731 283 3782 licet
297 3733 457 3784 innocentes
471 3735 500 3783 in
516 3735 611 3785 urbem
626 3737 763 3786 obsessam
778 3748 820 3784 re-

36 3798 137 3864 pellere,
151 3815 205 3853 nec
219 3803 289 3852 fame
304 3817 350 3854 eos
365 3817 486 3866 enecare,
502 3819 529 3855 n.
555 3805 609 3858 833.
625 3807 677 3857 Nec
698 3806 763 3856 licet
776 3819 822 3856 eos

36 3871 148 3922 occidere
162 3873 193 3923 in
210 3873 283 3925 bello
294 3875 379 3938 lusto,
396 3889 423 3925 n.
434 3877 489 3938 888,
504 3877 558 3926 885.

63 3939 201 3994 Homicida
217 3943 336 4007 iniustus
349 3957 398 4007 pro
412 3945 467 3994 vita
478 3945 560 3996 occisi
573 3945 642 3996 nihil
653 3948 761 3997 tenetur
770 3959 823 3995 res·

36 4011 140 4073 lituere;
157 4025 208 4077 pro
222 4013 330 4063 damnis
349 4018 439 4065 888888
459 4014 522 4067 8888
541 4017 650 4079 secutis,
662 4018 739 4080 juxta
755 4028 823 4081 pru·

36 4079 117 4131 dantis
130 4083 254 4134 hominis
267 4083 421 4147 arbitrium,
437 4085 579 4136 restituere
594 4087 684 4150 dehet,
696 4087 712 4138 8
724 4089 748 4148 3,
760 4100 786 4150 p,
796 4088 823 4148 2,

34 4161 86 4202 an.
100 4153 154 4203 286.

323 4233 532 4287 floutctnfulr.

63 4324 244 4380 homicidium
262 4330 385 4395 coniugis
407 4329 442 4380 ab
468 4331 554 4381 altero
573 4331 688 4396 conjuge
708 4331 751 4382 vel
768 4331 823 4382 clio

35 4397 118 4460 tertio,
142 4399 201 4450 sive
226 4400 351 4464 physice,
373 4401 430 4450 sire
453 4402 593 4452 moraliter
618 4402 766 4466 perfectum
791 4415 823 4452 eo

36 4467 153 4531 consilio,
169 4473 202 4520 ut
218 4473 311 4535 postea
321 4471 392 4520 inter
401 4483 428 4520 se
439 4471 642 4522 Matrimonium
653 4473 823 4534 contrahant,

34 4533 135 4588 dirimit
149 4541 364 4602 Matrimonium,
380 4541 402 4592 sl
418 4555 490 4592 mors
504 4555 538 4592 ιι
553 4543 660 4592 8888888
676 4543 824 4593 8888888888

35 4605 69 4656 sit
80 4612 186 4670 secuta3
203 4622 259 4660 non
278 4621 342 4661 sero
362 4610 476 4674 dirimit,
493 4611 516 4660 si
536 4624 609 4662 mors
627 4617 720 4663 secuta
737 4615 773 4664 sit
790 4627 824 4664 ex

36 4675 109 4742 culpa
121 4680 220 4732 Medici
234 4680 279 4732 sel
298 4681 463 4744 negligentia
482 4683 639 4742 morientisp
657 4683 701 4732 rel
719 4684 743 4733 ai
761 4698 823 4748 per·

35 4743 98 4797 lecta
112 4749 149 4800 sit
165 4751 267 4814 absque
282 4750 436 4802 intentione
455 4753 622 4804 Matrimonii
638 4753 765 4814 ineundi3
781 4755 824 4804 vel

35 4827 93 4868 cum
106 4819 260 4872 intentione
279 4821 401 4886 quidem,
417 4823 462 4874 sed
483 4837 538 4873 non
556 4825 676 4875 exterius
695 4825 822 4875 manifes-

35 4887 223 4948 8888881888
241 4893 380 4942 communi
401 4892 525 4955 consilio,
540 4893 586 4944 sed
605 4894 639 4944 ab
657 4893 743 4943 altero
762 4897 824 4944 tau·

36 4957 99 5022 tum,
113 4962 169 5012 nisi
182 4963 265 5013 etiam
280 4963 447 5014 adulterium
466 4965 641 5028 praecesserit,
662 4968 725 5014 tunc
739 4963 822 5026 enim,

38 5029 85 5078 etsi
99 5043 170 5080 uuus
188 5035 294 5083 tautum
313 5046 347 5082 ιι
364 5033 517 5085 8888888888
537 5034 702 5086 Matrimonii
722 5034 824 5084 cadem

36 5098 175 5162 perfecerit
194 5103 281 5155 altero
306 5103 409 5167 ignaro,
432 5119 496 5156 rere
520 5106 634 5168 dirimit,
660 5106 677 5154 8.
700 5107 724 5166 8,
749 5119 774 5169 p.
798 5108 823 5169 3,

36 5179 62 5218 u.
74 5173 128 5234 682,
145 5187 162 5222 a
178 5187 204 5224 n.
220 5175 276 5226 888.
291 5175 350 5224 Non
365 5173 471 5225 dirimit
484 5177 543 5227 sole
559 5176 718 5227 ratihabitio
733 5175 822 5226 homi·

37 5235 108 5303 cidii,
123 5253 150 5291 8.
165 5239 220 5294 888.

379 5321 481 5376 HOMO.

38 5411 150 5538 ιι8868888
172 5429 187 5468 ι
211 5417 268 5470 Oeo
290 5419 374 5470 creari
398 5421 488 5485 potuit
506 5421 535 5471 88
554 5433 620 5486 pura
638 5423 745 5484 natura,
761 5419 779 5472 8.
798 5421 822 5483 6,

1615 589 1672 696 808

908 773 994 822 Homo
1008 771 1119 823 adultus
1128 771 1209 823 hodie
1220 772 1373 837 baptizatus
1383 774 1410 822 st
1424 771 1516 824 statim
1527 772 1672 824 ducendus

875 841 909 892 ad
926 842 1089 906 supplicium
1107 847 1215 894 tenetur
1228 843 1429 894 communicare
1445 844 1527 894 etiam
1542 857 1591 908 pro
1606 844 1671 894 Pas·

876 911 965 973 chata,
980 914 998 962 l.
1015 915 1040 974 6,
1055 927 1080 976 ιι.
1097 916 1121 974 8,
1137 927 1162 962 8.
1178 915 1232 964 588.

907 984 994 1033 Momo
1009 983 1128 1044 adultus,
1147 985 1170 1032 si
1190 986 1225 1034 sit
1240 984 1409 1046 semilatuus,
1428 983 1471 1034 vel
1493 983 1610 1036 debilem
1627 999 1671 1036 ra·

876 1053 959 1102 tionis
976 1067 1053 1102 usum
1068 1053 1176 1114 haheat,
1191 1053 1327 1117 obligatur
1341 1057 1476 1118 praecepto
1490 1055 1671 1106 Communia·

877 1123 919 1170 nis
948 1122 1103 1184 Paschalis,
1128 1123 1150 1172 si
1176 1124 1313 1186 judicetur
1336 1136 1419 1188 capax
1440 1124 1620 1176 absolutionis
1645 1128 1671 1176 88

875 1192 947 1242 absit
961 1193 1112 1256 periculum
1127 1194 1317 1254 irreverentius,
1336 1209 1362 1244 8.
1380 1197 1434 1244 658.
1461 1194 1534 1244 idem
1549 1195 1622 1245 valet
1636 1196 1670 1246 de

876 1262 955 1326 plene
969 1263 1051 1313 fatuis
1066 1268 1186 1328 tempore
1201 1265 1284 1314 lucidi
1305 1264 1448 1326 intervalli,
1469 1265 1505 1314 88.
1522 1265 1636 1316 Adultus
1649 1280 1666 1316 a

878 1333 1019 1383 nativitate
1034 1335 1133 1385 surdus
1147 1338 1174 1384 et
1191 1340 1283 1385 mutus
1307 1340 1347 1384 est
1369 1349 1453 1399 capax
1485 1337 1670 1398 Eucharistiae,

876 1417 933 1455 non
953 1419 1027 1467 vero,
1045 1406 1067 1456 si
1082 1406 1163 1455 sinrul
1179 1406 1214 1456 sit
1227 1419 1359 1468 caecus‚u.
1370 1408 1424 1455 663.
1437 1407 1464 1458 Sl
1481 1411 1541 1470 post
1556 1408 1673 1456 instruc·

876 1475 979 1524 tionem
994 1476 1115 1540 aliquam
1126 1481 1152 1526 88
1162 1489 1241 1526 usum
1256 1477 1370 1526 rationis
1380 1476 1466 1527 888888
1477 1482 1547 1528 88888
1560 1478 1670 1538 surdus,

876 1550 968 1596 mirtua
991 1551 1018 1597 et
1042 1559 1138 1608 cacus,
1157 1547 1322 1597 Eucharistia
1347 1561 1396 1610 pro
1416 1548 1522 1600 Viatico
1545 1547 1586 1597 illi
1612 1546 1671 1598 darl

877 1618 976 1678 posset,
993 1629 1018 1665 8.
1034 1617 1087 1665 663.

907 1685 1046 1748 Menestas,
1062 1699 1122 1750 quas
1142 1689 1182 1736 cst
1196 1687 1423 1751 impedimentum
1437 1688 1617 1740 Matrimonii.
1637 1689 1670 1742 V.

877 1755 1055 1820 impedimenta
1073 1757 1238 1816 Matrimonii.

1212 1871 1331 1923 MONOR.

908 1964 999 2014 Houor
1012 1967 1053 2015 est
1067 1964 1221 2017 testificatio
1232 1969 1354 2030 quedam
1365 1969 1534 2021 excelientia
1548 1969 1671 2033 ulterius,

877 2033 894 2084 l.
909 2037 933 2096 3,
948 2049 973 2099 p.
989 2037 1020 2098 8,·
1029 2050 1056 2086 8.
1073 2039 1141 2088 8882.
1156 2038 1188 2090 V.
1203 2039 1338 2090 Detractio.
1354 2041 1442 2091 Fama.

1124 2157 1222 2208 botta*
1240 2157 1421 2210 CANONICAE.

907 2252 946 2302 ad
970 2253 1054 2302 liores
1077 2254 1222 2304 canonicas
1245 2254 1373 2319 legendas
1394 2256 1551 2320 obligantur
1574 2259 1670 2310 Clerici

877 2325 1009 2388 majorum
1026 2324 1158 2375 Ordinum
1178 2326 1261 2376 etiam
1283 2327 1415 2389 suspensi,
1430 2331 1672 2394 excommunicati,

876 2393 1026 2457 degradati,
1042 2394 1123 2444 ctiam
1138 2395 1186 2458 qui
1200 2408 1263 2444 cum
1277 2396 1481 2459 dispensatione
1501 2399 1579 2461 Paper
1593 2399 1673 2450 duxlt

877 2477 1000 2526 uxorem,
1016 2465 1070 2515 nisi
1090 2465 1117 2514 in
1136 2465 1187 2514 hac
1208 2466 1265 2528 ipso
1285 2467 1322 2517 sit
1337 2467 1518 2531 dispensatus,
1533 2483 1589 2519 nou
1608 2481 1671 2520 vero

877 2535 1029 2585 minoribus
1044 2535 1155 2596 initiati,
1171 2534 1188 2585 l.
1203 2537 1227 2596 8,
1242 2549 1269 2586 8.
1286 2539 1355 2586 8886.
1370 2537 1422 2597 Qui
1442 2539 1585 2590 ordinatur
1600 2539 1672 2590 inci·

878 2606 920 2670 pit
935 2605 1048 2668 obligari
1062 2620 1078 2655 s
1093 2609 1193 2669 puncto
1204 2607 1320 2670 suscepti
1336 2605 1553 2658 Subdiacoaatus
1567 2613 1595 2658 ct
1608 2610 1671 2672 qui·

876 2674 938 2724 dem
961 2676 994 2724 ad
1020 2676 1104 2726 lioras
1126 2676 1319 2738 respondentes
1338 2675 1419 2738 horre,
1437 2689 1497 2740 qua
1520 2678 1670 2742 ordinatur,

877 2744 920 2794 vel
934 2745 969 2794 ad
981 2746 1089 2806 Moram,
1101 2757 1161 2808 qum¹
1171 2745 1199 2794 iu
1214 2746 1296 2796 choro
1307 2750 1371 2796 tunc
1380 2747 1495 2798 dicenda
1506 2754 1592 2808 esset;
1608 2750 1672 2801 hinc

877 2814 924 2876 qui
943 2814 1085 2864 ordinatur
1105 2814 1170 2864 hora
1190 2815 1343 2876 undecima,
1366 2829 1421 2866 nou
1441 2821 1551 2868 tenetur
1573 2832 1606 2869 eo
1624 2819 1669 2869 die

876 2897 953 2933 orare
977 2885 1152 2946 Matutinum,
1180 2885 1293 2946 Laudes,
1318 2887 1445 2948 Primam,
1470 2889 1598 2950 Tertiam,
1623 2891 1671 2940 seii

876 2958 965 3017 potest
992 2955 1111 3018 incipere
1134 2969 1151 3005 a
1176 2957 1266 3016 Sexta,
1290 2958 1344 3006 imo
1364 2958 1542 3021 probabiliter
1561 2963 1671 3011 8888888

875 3038 891 3074 8
916 3025 1051 3088 vesperis.
1080 3026 1157 3085 Quod
1186 3027 1209 3076 si
1233 3028 1318 3077 Morus
1340 3029 1493 3078 recitaverit
1516 3033 1580 3080 aute
1609 3045 1670 3081 sus·

876 3095 1028 3157 ceptionem
1050 3097 1177 3158 Ordinis,
1207 3097 1388 3160 probabiliter
1408 3098 1546 3160 satisfacit,
1573 3101 1671 3164 proba·

876 3163 959 3214 bilius
986 3169 1078 3216 umen
1104 3169 1213 3217 tenetur
1241 3171 1373 3231 repetere,
1401 3181 1476 3219 num.
1505 3171 1574 3230 8886,
1600 3174 1670 3222 8888.

876 3235 980 3286 Dubius
999 3249 1035 3286 an
1054 3239 1128 3285 recte
1147 3237 1183 3286 sit
1201 3237 1352 3299 ordinatus,
1371 3238 1394 3286 si
1409 3239 1438 3287 in
1457 3239 1520 3288 aliis
1540 3240 1620 3290 rebus
1642 3253 1671 3290 sa

876 3305 975 3354 haheat
998 3318 1047 3368 pro
1072 3305 1208 3368 ordinato,
1231 3307 1312 3356 etiarn
1337 3312 1447 3359 tenetur
1471 3322 1548 3360 orare
1576 3311 1670 3372 Mores,

876 3374 943 3424 alias
957 3388 1022 3437 nou,
1038 3389 1065 3424 n.
1084 3378 1156 3426 8888.
1172 3377 1271 3427 Omnes
1286 3377 1413 3440 Religiosi
1430 3378 1541 3441 professi
1555 3379 1589 3430 88
1605 3381 1672 3430 cho·

875 3458 936 3494 rum
950 3445 1088 3506 destinati,
1100 3447 1241 3509 utriusque
1256 3459 1347 3508 sexus,
1361 3447 1518 3510 obligantur
1530 3449 1565 3498 ad
1577 3450 1670 3511 Maras,

876 3515 1044 3579 probabilius
1059 3517 1141 3566 etiam
1160 3522 1235 3567 extra
1254 3517 1368 3566 chorum
1387 3531 1421 3567 ex
1439 3519 1587 3570 universali
1603 3533 1669 3570 con-

877 3583 1030 3646 suetudine,
1040 3587 1075 3635 ab
1090 3585 1158 3636 hora
1173 3587 1277 3636 emisam
1293 3585 1468 3651 professionis
1484 3607 1491 3638 ι
1506 3587 1671 3640 attendenda

877 3658 967 3705 mmen
991 3655 1035 3706 hic
1058 3660 1122 3707 aunt
1145 3661 1245 3708 statute
1267 3660 1294 3707 88
1316 3661 1423 3721 recepta
1447 3661 1617 3711 cousuetudo
1640 3659 1670 3712 in

877 3727 973 3788 quovis
988 3727 1098 3788 Ordine,
1109 3740 1184 3780 num.
1197 3731 1266 3791 8886,
1278 3731 1346 3780 8889.
1358 3730 1495 3781 Professus
1508 3731 1542 3781 ad
1557 3731 1672 3782 chorum

877 3795 1045 3859 probabilius
1060 3801 1148 3860 potest
1163 3799 1275 3849 transire
1286 3797 1320 3848 ad
1332 3802 1432 3850 statum
1443 3800 1505 3851 laici
1520 3806 1547 3851 88
1561 3803 1600 3852 888
1615 3815 1670 3851 non

878 3865 993 3929 obligari
1007 3865 1042 3916 ad
1059 3868 1156 3930 Horas,
1166 3883 1193 3918 8.
1209 3872 1278 3920 8888.
1294 3871 1419 3920 Monialis
1433 3885 1482 3935 per
1495 3871 1597 3922 bellum
1612 3874 1672 3923 Mo·

878 3937 1000 3986 nasterio
1015 3937 1127 4002 expulsa
1146 3939 1235 3989 adhuc
1254 3939 1389 4003 obligatur
1406 3940 1440 3990 ad
1455 3941 1549 4004 floras,
1565 3945 1670 3993 88888.

876 4007 1028 4070 Religiosus
1043 4010 1154 4071 eiectus,
1172 4010 1194 4059 si
1212 4023 1260 4074 per
1277 4012 1365 4076 ipsum
1379 4015 1442 4074 stet,
1457 4013 1603 4076 quominus
1618 4013 1672 4063 ite-

878 4091 939 4128 rum
962 4077 1131 4140 admittatur,
1156 4083 1264 4130 tenetur
1286 4095 1362 4132 orare
1386 4084 1486 4144 Horas,
1512 4083 1581 4132 alias
1605 4096 1670 4145 non,

877 4161 952 4198 num.
969 4151 1036 4198 8888.
1057 4148 1209 4213 Religiosus
1227 4151 1357 4214 fugitivus
1375 4152 1464 4203 adhuc
1483 4152 1619 4217 obligatur
1636 4154 1670 4205 ad

877 4219 974 4278 Moram
991 4218 1067 4280 item,
1081 4233 1143 4270 cum
1161 4220 1363 4284 dispensatione
1383 4227 1458 4274 extra
1478 4224 1671 4275 Monesteriurn

877 4288 1014 4350 habitans,
1038 4289 1091 4339 nisi
1115 4290 1196 4340 simul
1219 4295 1288 4341 essct
1315 4292 1487 4356 dispensatus
1515 4293 1545 4343 ia
1575 4295 1670 4358 aliquo

877 4360 941 4408 voto
964 4358 1129 4422 Religionis,
1158 4373 1181 4411 v.
1202 4376 1228 4425 g.
1253 4365 1282 4412 ut
1306 4367 1395 4428 posset
1419 4376 1531 4414 uxorem
1561 4364 1671 4430 ducere,

877 4429 944 4479 ibid.
960 4429 998 4478 Ει
1017 4443 1071 4480 888
1088 4432 1227 4496 Religione
1249 4434 1277 4482 in
1299 4435 1380 4483 aliam
1400 4435 1545 4496 transiens,
1567 4436 1594 4485 in
1618 4449 1671 4500 qua

878 4514 912 4550 er
929 4501 1126 4552 consuetudine
1141 4517 1197 4554 uon
1217 4505 1374 4569 obligantur
1392 4505 1426 4556 ad
1448 4505 1541 4568 Horas,
1558 4506 1596 4556 ihi
1617 4521 1673 4558 non

879 4573 986 4621 tenetur
999 4570 1032 4621 ad
1047 4586 1102 4635 eas,
1120 4587 1195 4623 num.
1215 4577 1284 4626 8886.
1304 4577 1363 4626 Non
1383 4578 1512 4626 tenentur
1529 4575 1564 4626 ad
1586 4578 1672 4628 Horas

877 4641 988 4702 Novitii,
1012 4642 1151 4704 Conversi,
1167 4643 1310 4694 societatis
1332 4645 1411 4696 lusu
1435 4644 1578 4708 Religiosi,
1596 4647 1672 4696 miii·

878 4715 959 4773 tares,
974 4711 1142 4775 hospitalarii
1158 4717 1185 4763 et
1199 4715 1290 4764 ceteri
1306 4713 1388 4764 choro
1403 4728 1459 4764 non
1476 4714 1618 4778 destinati,
1634 4718 1670 4768 ib.

878 4781 1030 4832 Cauonessa
1044 4795 1080 4831 an
1094 4782 1237 4847 obligatur.
1254 4785 1284 4834 V.
1301 4783 1452 4836 Caaoaessa.
1469 4784 1630 4850 Cauonessa,
1647 4789 1671 4838 si

879 4853 987 4902 omittat
1010 4852 1102 4914 Maras,
1121 4866 1175 4904 non
1199 4855 1302 4906 emittit
1320 4855 1422 4906 fructus
1441 4857 1672 4920 bremonense

879 4925 987 4972 tenetur
1000 4921 1033 4971 ad
1048 4922 1259 4987 restitutionem,
1275 4925 1356 4975 sicuti
1376 4925 1505 4976 canonici
1525 4930 1552 4978 et
1566 4927 1671 4978 Benefi-

879 4993 965 5053 ciarii,
980 5005 1007 5041 n.
1018 4994 1072 5042 238.
1085 4993 1262 5045 beneficiatus
1275 5009 1311 5046 an
1326 5001 1354 5046 et
1369 4995 1506 5060 quomodo
1522 4997 1669 5062 obligetur,

880 5063 908 5112 V.
924 5061 1096 5126 beneficiatum.
1116 5063 1269 5114 canonicus
1294 5065 1439 5129 quomodo.
1464 5065 1495 5117 V.
1521 5065 1670 5121 eanonicus.

879 5135 1015 5184 Tenentur
1040 5133 1075 5183 88
1099 5134 1192 5197 Mores,
1216 5148 1264 5199 per
1280 5151 1308 5186 se
1332 5136 1478 5201 loquendo,
1501 5137 1548 5200 qui
1569 5138 1671 5190 hahent

879 5205 967 5255 solum
978 5205 1154 5255 Personarum
1179 5219 1226 5256 seu
1247 5207 1432 5270 praestimonia
1457 5208 1485 5258 in
1508 5212 1671 5272 perpetuum

879 5275 950 5336 data,
967 5288 1027 5338 quae
1043 5275 1144 5325 hahent
1159 5289 1297 5328 annexum
1315 5277 1424 5341 aliquod
1440 5277 1601 5341 obsequium
1615 5282 1671 5344 spi·

878 5344 983 5407 rituale,
1001 5359 1075 5395 num.
1092 5349 1161 5407 8888,
1173 5350 1240 5398 8288.
1260 5349 1367 5399 Habeas
1377 5348 1558 5412 Capelianiam
1573 5350 1670 5402 laicam

879 5420 995 5478 mutum,
1006 5428 1062 5465 non
1077 5420 1185 5468 tenetur
1198 5418 1225 5466 vi
1236 5417 1309 5470 illius
1323 5419 1357 5470 sd
1373 5418 1474 5480 lloras;
1492 5431 1542 5468 nec
1553 5418 1607 5482 iile,
1623 5424 1671 5486 qui

881 5486 999 5538 invalide
1012 5487 1118 5552 accepit
1131 5486 1305 5552 Beneficium,
1323 5502 1398 5540 num.
1420 5491 1488 5541 8888.
1503 5488 1531 5540 88
1546 5488 1670 5546 fundatio
