<?xml version="1.0" encoding="UTF-8"?>
<!DOCTYPE html PUBLIC "-//W3C//DTD XHTML 1.0 Transitional//EN"
    "http://www.w3.org/TR/xhtml1/DTD/xhtml1-transitional.dtd">
<html xmlns="http://www.w3.org/1999/xhtml" xml:lang="en" lang="en">
 <head>
  <title>
</title>
<meta http-equiv="Content-Type" content="text/html;charset=utf-8" />
  <meta name='ocr-system' content='tesseract 3.04.00' />
  <meta name='ocr-capabilities' content='ocr_page ocr_carea ocr_par ocr_line ocrx_word'/>
</head>
<body>
  <div class='ocr_page' id='page_1' title='image "./theologiamorali00diongoog_0111.png"; bbox 0 0 3974 6348; ppageno 0'>
   <div class='ocr_carea' id='block_1_1' title="bbox 654 555 1633 624">
    <p class='ocr_par' dir='ltr' id='par_1_1' title="bbox 654 555 1633 624">
     <span class='ocr_line' id='line_1_1' title="bbox 654 555 1633 624; baseline 0.006 -6"><span class='ocrx_word' id='word_1_1' title='bbox 654 557 707 618; x_wconf 77' lang='lat' dir='ltr'>DE</span> <span class='ocrx_word' id='word_1_2' title='bbox 733 555 985 622; x_wconf 82' lang='lat' dir='ltr'><strong>MATRIMONIO</strong></span> <span class='ocrx_word' id='word_1_3' title='bbox 1579 561 1633 624; x_wconf 89' lang='lat' dir='ltr'>i0i</span> 
     </span>
    </p>
   </div>
   <div class='ocr_carea' id='block_1_2' title="bbox 15 741 1641 5396">
    <p class='ocr_par' dir='ltr' id='par_1_2' title="bbox 22 741 1641 1088">
     <span class='ocr_line' id='line_1_2' title="bbox 25 741 1641 828; baseline 0.003 -24"><span class='ocrx_word' id='word_1_4' title='bbox 25 742 164 804; x_wconf 83' lang='lat' dir='ltr'>ridentum</span> <span class='ocrx_word' id='word_1_5' title='bbox 178 741 208 804; x_wconf 92' lang='lat' dir='ltr'>in</span> <span class='ocrx_word' id='word_1_6' title='bbox 222 741 473 822; x_wconf 75' lang='lat' dir='ltr'>congregatione</span> <span class='ocrx_word' id='word_1_7' title='bbox 487 742 668 822; x_wconf 78' lang='lat' dir='ltr'><strong>particulari</strong></span> <span class='ocrx_word' id='word_1_8' title='bbox 683 762 703 805; x_wconf 91' lang='lat' dir='ltr'>a</span> <span class='ocrx_word' id='word_1_9' title='bbox 718 760 787 824; x_wconf 90' lang='lat' dir='ltr'>per·</span> <span class='ocrx_word' id='word_1_10' title='bbox 838 743 995 824; x_wconf 87' lang='lat' dir='ltr'>judicabit</span> <span class='ocrx_word' id='word_1_11' title='bbox 1016 761 1056 806; x_wconf 90' lang='lat' dir='ltr'>an</span> <span class='ocrx_word' id='word_1_12' title='bbox 1080 745 1336 826; x_wconf 86' lang='lat' dir='ltr'>Congregationis</span> <span class='ocrx_word' id='word_1_13' title='bbox 1361 745 1509 810; x_wconf 80' lang='lat' dir='ltr'>resolutio</span> <span class='ocrx_word' id='word_1_14' title='bbox 1530 747 1570 810; x_wconf 88' lang='lat' dir='ltr'>sit</span> <span class='ocrx_word' id='word_1_15' title='bbox 1583 767 1641 828; x_wconf 89' lang='lat' dir='ltr'>ap-</span> 
     </span>
     <span class='ocr_line' id='line_1_3' title="bbox 23 829 1638 914; baseline 0.002 -20"><span class='ocrx_word' id='word_1_16' title='bbox 23 848 83 894; x_wconf 76' lang='lat' dir='ltr'>nna</span> <span class='ocrx_word' id='word_1_17' title='bbox 101 829 231 912; x_wconf 88' lang='lat' dir='ltr'>ejusdem</span> <span class='ocrx_word' id='word_1_18' title='bbox 255 830 516 912; x_wconf 89' lang='lat' dir='ltr'>congregationis</span> <span class='ocrx_word' id='word_1_19' title='bbox 529 830 672 912; x_wconf 76' lang='lat' dir='ltr'>digniore</span> <span class='ocrx_word' id='word_1_20' title='bbox 687 831 787 910; x_wconf 88' lang='lat' dir='ltr'>depu-</span> <span class='ocrx_word' id='word_1_21' title='bbox 841 832 1015 912; x_wconf 88' lang='lat' dir='ltr'>probanda,</span> <span class='ocrx_word' id='word_1_22' title='bbox 1040 834 1090 895; x_wconf 90' lang='lat' dir='ltr'>vel</span> <span class='ocrx_word' id='word_1_23' title='bbox 1104 835 1208 914; x_wconf 91' lang='lat' dir='ltr'>potius</span> <span class='ocrx_word' id='word_1_24' title='bbox 1221 834 1316 897; x_wconf 86' lang='lat' dir='ltr'>totius</span> <span class='ocrx_word' id='word_1_25' title='bbox 1330 851 1432 898; x_wconf 79' lang='lat' dir='ltr'>causae</span> <span class='ocrx_word' id='word_1_26' title='bbox 1447 853 1578 898; x_wconf 88' lang='lat' dir='ltr'>examen</span> <span class='ocrx_word' id='word_1_27' title='bbox 1594 837 1638 898; x_wconf 90' lang='lat' dir='ltr'>al·</span> 
     </span>
     <span class='ocr_line' id='line_1_4' title="bbox 23 918 1639 1003; baseline 0.002 -21"><span class='ocrx_word' id='word_1_28' title='bbox 23 921 95 982; x_wconf 80' lang='lat' dir='ltr'>ictu.</span> <span class='ocrx_word' id='word_1_29' title='bbox 117 918 208 982; x_wconf 89' lang='lat' dir='ltr'>Unica</span> <span class='ocrx_word' id='word_1_30' title='bbox 230 919 361 1001; x_wconf 89' lang='lat' dir='ltr'>quidem</span> <span class='ocrx_word' id='word_1_31' title='bbox 384 919 533 981; x_wconf 85' lang='lat' dir='ltr'>resolutio</span> <span class='ocrx_word' id='word_1_32' title='bbox 561 939 618 1000; x_wconf 89' lang='lat' dir='ltr'>pro</span> <span class='ocrx_word' id='word_1_33' title='bbox 646 919 787 982; x_wconf 77' lang='lat' dir='ltr'>nullitate</span> <span class='ocrx_word' id='word_1_34' title='bbox 841 919 899 982; x_wconf 90' lang='lat' dir='ltr'>teri</span> <span class='ocrx_word' id='word_1_35' title='bbox 915 921 1166 1000; x_wconf 78' lang='lat' dir='ltr'>congregationi,</span> <span class='ocrx_word' id='word_1_36' title='bbox 1189 921 1239 984; x_wconf 91' lang='lat' dir='ltr'>vol</span> <span class='ocrx_word' id='word_1_37' title='bbox 1255 921 1427 1000; x_wconf 77' lang='lat' dir='ltr'>Tribunali,</span> <span class='ocrx_word' id='word_1_38' title='bbox 1444 927 1539 1003; x_wconf 92' lang='lat' dir='ltr'>prout</span> <span class='ocrx_word' id='word_1_39' title='bbox 1551 923 1639 986; x_wconf 88' lang='lat' dir='ltr'>idem</span> 
     </span>
     <span class='ocr_line' id='line_1_5' title="bbox 22 1006 1573 1088; baseline 0.001 -18"><span class='ocrx_word' id='word_1_40' title='bbox 22 1007 180 1070; x_wconf 70' lang='lat' dir='ltr'>matimonii</span> <span class='ocrx_word' id='word_1_41' title='bbox 204 1012 363 1086; x_wconf 86' lang='lat' dir='ltr'>emanata,</span> <span class='ocrx_word' id='word_1_42' title='bbox 388 1007 413 1069; x_wconf 89' lang='lat' dir='ltr'>si</span> <span class='ocrx_word' id='word_1_43' title='bbox 437 1026 531 1069; x_wconf 89' lang='lat' dir='ltr'>causa</span> <span class='ocrx_word' id='word_1_44' title='bbox 554 1008 586 1070; x_wconf 93' lang='lat' dir='ltr'>in</span> <span class='ocrx_word' id='word_1_45' title='bbox 609 1010 788 1088; x_wconf 87' lang='lat' dir='ltr'>congrega-</span> <span class='ocrx_word' id='word_1_46' title='bbox 841 1006 982 1068; x_wconf 85' lang='lat' dir='ltr'>Pontifici</span> <span class='ocrx_word' id='word_1_47' title='bbox 998 1007 1164 1086; x_wconf 88' lang='lat' dir='ltr'>videbitur,</span> <span class='ocrx_word' id='word_1_48' title='bbox 1181 1027 1289 1070; x_wconf 86' lang='lat' dir='ltr'>rursus</span> <span class='ocrx_word' id='word_1_49' title='bbox 1303 1009 1573 1072; x_wconf 90' lang='lat' dir='ltr'>committendum.</span> 
     </span>
    </p>

    <p class='ocr_par' dir='ltr' id='par_1_3' title="bbox 15 1095 1638 5396">
     <span class='ocr_line' id='line_1_6' title="bbox 21 1095 1638 1175; baseline 0.001 -15"><span class='ocrx_word' id='word_1_50' title='bbox 21 1095 86 1160; x_wconf 82' lang='lat' dir='ltr'>tione</span> <span class='ocrx_word' id='word_1_51' title='bbox 104 1096 313 1160; x_wconf 71' lang='lat' dir='ltr'>cardinalium</span> <span class='ocrx_word' id='word_1_52' title='bbox 340 1096 468 1160; x_wconf 90' lang='lat' dir='ltr'>concilii</span> <span class='ocrx_word' id='word_1_53' title='bbox 495 1096 667 1160; x_wconf 81' lang='lat' dir='ltr'>Tridentini</span> <span class='ocrx_word' id='word_1_54' title='bbox 690 1098 787 1159; x_wconf 88' lang='lat' dir='ltr'>Inter·</span> <span class='ocrx_word' id='word_1_55' title='bbox 881 1117 895 1154; x_wconf 81' lang='lat' dir='ltr'>o</span> <span class='ocrx_word' id='word_1_56' title='bbox 921 1098 1054 1157; x_wconf 86' lang='lat' dir='ltr'>Demum</span> <span class='ocrx_word' id='word_1_57' title='bbox 1068 1098 1222 1175; x_wconf 89' lang='lat' dir='ltr'>volumus,</span> <span class='ocrx_word' id='word_1_58' title='bbox 1243 1115 1280 1159; x_wconf 90' lang='lat' dir='ltr'>ac</span> <span class='ocrx_word' id='word_1_59' title='bbox 1295 1097 1494 1161; x_wconf 88' lang='lat' dir='ltr'>decernimus</span> <span class='ocrx_word' id='word_1_60' title='bbox 1508 1099 1638 1162; x_wconf 87' lang='lat' dir='ltr'>easdem</span> 
     </span>
     <span class='ocr_line' id='line_1_7' title="bbox 20 1183 1633 1265; baseline 0.003 -19"><span class='ocrx_word' id='word_1_61' title='bbox 20 1189 131 1264; x_wconf 72' lang='lat' dir='ltr'>pratum</span> <span class='ocrx_word' id='word_1_62' title='bbox 156 1185 203 1248; x_wconf 86' lang='lat' dir='ltr'>rel</span> <span class='ocrx_word' id='word_1_63' title='bbox 225 1185 259 1246; x_wconf 90' lang='lat' dir='ltr'>in</span> <span class='ocrx_word' id='word_1_64' title='bbox 276 1185 523 1264; x_wconf 83' lang='lat' dir='ltr'>congregatione</span> <span class='ocrx_word' id='word_1_65' title='bbox 537 1183 718 1265; x_wconf 80' lang='lat' dir='ltr'>particulari</span> <span class='ocrx_word' id='word_1_66' title='bbox 732 1183 787 1245; x_wconf 88' lang='lat' dir='ltr'>de·</span> <span class='ocrx_word' id='word_1_67' title='bbox 841 1187 1010 1263; x_wconf 75' lang='lat' dir='ltr'>presentes</span> <span class='ocrx_word' id='word_1_68' title='bbox 1032 1184 1151 1246; x_wconf 89' lang='lat' dir='ltr'>litteras</span> <span class='ocrx_word' id='word_1_69' title='bbox 1174 1203 1298 1265; x_wconf 88' lang='lat' dir='ltr'>semper</span> <span class='ocrx_word' id='word_1_70' title='bbox 1319 1187 1436 1256; x_wconf 85' lang='lat' dir='ltr'>firmas,</span> <span class='ocrx_word' id='word_1_71' title='bbox 1461 1187 1582 1251; x_wconf 80' lang='lat' dir='ltr'>validas</span> <span class='ocrx_word' id='word_1_72' title='bbox 1602 1193 1633 1252; x_wconf 89' lang='lat' dir='ltr'>et</span> 
     </span>
     <span class='ocr_line' id='line_1_8' title="bbox 20 1270 1637 1355; baseline 0.003 -22"><span class='ocrx_word' id='word_1_73' title='bbox 20 1273 528 1353; x_wconf 85' lang='lat' dir='ltr'>putatocognoscatur,ctsimiliter</span> <span class='ocrx_word' id='word_1_74' title='bbox 542 1274 574 1334; x_wconf 92' lang='lat' dir='ltr'>in</span> <span class='ocrx_word' id='word_1_75' title='bbox 588 1271 697 1334; x_wconf 88' lang='lat' dir='ltr'>Palatii</span> <span class='ocrx_word' id='word_1_76' title='bbox 711 1274 786 1334; x_wconf 86' lang='lat' dir='ltr'>Nos·</span> <span class='ocrx_word' id='word_1_77' title='bbox 840 1270 983 1332; x_wconf 85' lang='lat' dir='ltr'>efficaces</span> <span class='ocrx_word' id='word_1_78' title='bbox 1006 1272 1138 1334; x_wconf 82' lang='lat' dir='ltr'>existere</span> <span class='ocrx_word' id='word_1_79' title='bbox 1161 1277 1193 1336; x_wconf 91' lang='lat' dir='ltr'>et</span> <span class='ocrx_word' id='word_1_80' title='bbox 1213 1273 1294 1350; x_wconf 90' lang='lat' dir='ltr'>lore,</span> <span class='ocrx_word' id='word_1_81' title='bbox 1317 1292 1454 1355; x_wconf 89' lang='lat' dir='ltr'>suosque</span> <span class='ocrx_word' id='word_1_82' title='bbox 1477 1275 1637 1355; x_wconf 88' lang='lat' dir='ltr'>plenarios</span> 
     </span>
     <span class='ocr_line' id='line_1_9' title="bbox 21 1357 1636 1442; baseline 0.005 -22"><span class='ocrx_word' id='word_1_83' title='bbox 21 1357 704 1440; x_wconf 79' lang='lat' dir='ltr'>tiinditoriounicasentcntiasupereadem</span> <span class='ocrx_word' id='word_1_84' title='bbox 717 1359 787 1421; x_wconf 92' lang='lat' dir='ltr'>nul·</span> <span class='ocrx_word' id='word_1_85' title='bbox 840 1361 873 1420; x_wconf 91' lang='lat' dir='ltr'>et</span> <span class='ocrx_word' id='word_1_86' title='bbox 885 1359 1024 1439; x_wconf 88' lang='lat' dir='ltr'>integros</span> <span class='ocrx_word' id='word_1_87' title='bbox 1045 1361 1172 1422; x_wconf 82' lang='lat' dir='ltr'>effectus</span> <span class='ocrx_word' id='word_1_88' title='bbox 1193 1361 1295 1424; x_wconf 83' lang='lat' dir='ltr'>sortiri</span> <span class='ocrx_word' id='word_1_89' title='bbox 1320 1366 1351 1425; x_wconf 90' lang='lat' dir='ltr'>et</span> <span class='ocrx_word' id='word_1_90' title='bbox 1371 1362 1523 1442; x_wconf 88' lang='lat' dir='ltr'>obtinere,</span> <span class='ocrx_word' id='word_1_91' title='bbox 1543 1382 1581 1426; x_wconf 86' lang='lat' dir='ltr'>ac</span> <span class='ocrx_word' id='word_1_92' title='bbox 1596 1365 1636 1428; x_wconf 86' lang='lat' dir='ltr'>ab</span> 
     </span>
     <span class='ocr_line' id='line_1_10' title="bbox 21 1445 1634 1534; baseline 0.003 -26"><span class='ocrx_word' id='word_1_93' title='bbox 21 1445 88 1508; x_wconf 83' lang='lat' dir='ltr'>litata</span> <span class='ocrx_word' id='word_1_94' title='bbox 99 1447 297 1526; x_wconf 87' lang='lat' dir='ltr'>pronontiata</span> <span class='ocrx_word' id='word_1_95' title='bbox 309 1447 438 1509; x_wconf 89' lang='lat' dir='ltr'>minime</span> <span class='ocrx_word' id='word_1_96' title='bbox 450 1446 632 1510; x_wconf 87' lang='lat' dir='ltr'>sulliciatad</span> <span class='ocrx_word' id='word_1_97' title='bbox 646 1447 787 1510; x_wconf 84' lang='lat' dir='ltr'>tribuen·</span> <span class='ocrx_word' id='word_1_98' title='bbox 839 1447 910 1524; x_wconf 86' lang='lat' dir='ltr'>illis,</span> <span class='ocrx_word' id='word_1_99' title='bbox 927 1447 967 1508; x_wconf 87' lang='lat' dir='ltr'>ad</span> <span class='ocrx_word' id='word_1_100' title='bbox 983 1466 1060 1528; x_wconf 92' lang='lat' dir='ltr'>quos</span> <span class='ocrx_word' id='word_1_101' title='bbox 1075 1451 1205 1529; x_wconf 86' lang='lat' dir='ltr'>spectat,</span> <span class='ocrx_word' id='word_1_102' title='bbox 1222 1453 1253 1511; x_wconf 92' lang='lat' dir='ltr'>et</span> <span class='ocrx_word' id='word_1_103' title='bbox 1264 1468 1321 1528; x_wconf 89' lang='lat' dir='ltr'>pro</span> <span class='ocrx_word' id='word_1_104' title='bbox 1336 1455 1477 1531; x_wconf 90' lang='lat' dir='ltr'>temporo</span> <span class='ocrx_word' id='word_1_105' title='bbox 1493 1452 1634 1534; x_wconf 92' lang='lat' dir='ltr'>quando·</span> 
     </span>
     <span class='ocr_line' id='line_1_11' title="bbox 20 1531 1637 1619; baseline 0.004 -23"><span class='ocrx_word' id='word_1_106' title='bbox 20 1531 74 1596; x_wconf 86' lang='lat' dir='ltr'>dan</span> <span class='ocrx_word' id='word_1_107' title='bbox 100 1533 222 1596; x_wconf 90' lang='lat' dir='ltr'>liberam</span> <span class='ocrx_word' id='word_1_108' title='bbox 258 1534 446 1617; x_wconf 90' lang='lat' dir='ltr'>conjugibus</span> <span class='ocrx_word' id='word_1_109' title='bbox 480 1535 661 1596; x_wconf 83' lang='lat' dir='ltr'>facultatem</span> <span class='ocrx_word' id='word_1_110' title='bbox 687 1551 785 1596; x_wconf 90' lang='lat' dir='ltr'>novas</span> <span class='ocrx_word' id='word_1_111' title='bbox 839 1552 974 1615; x_wconf 88' lang='lat' dir='ltr'>cumque</span> <span class='ocrx_word' id='word_1_112' title='bbox 998 1537 1152 1615; x_wconf 85' lang='lat' dir='ltr'>spectabit</span> <span class='ocrx_word' id='word_1_113' title='bbox 1172 1537 1205 1598; x_wconf 88' lang='lat' dir='ltr'>in</span> <span class='ocrx_word' id='word_1_114' title='bbox 1230 1538 1385 1616; x_wconf 91' lang='lat' dir='ltr'>omnibus,</span> <span class='ocrx_word' id='word_1_115' title='bbox 1409 1542 1441 1602; x_wconf 86' lang='lat' dir='ltr'>et</span> <span class='ocrx_word' id='word_1_116' title='bbox 1458 1557 1516 1619; x_wconf 90' lang='lat' dir='ltr'>por</span> <span class='ocrx_word' id='word_1_117' title='bbox 1530 1540 1637 1602; x_wconf 91' lang='lat' dir='ltr'>omnia</span> 
     </span>
     <span class='ocr_line' id='line_1_12' title="bbox 20 1621 1633 1708; baseline 0.002 -26"><span class='ocrx_word' id='word_1_118' title='bbox 20 1622 116 1700; x_wconf 86' lang='lat' dir='ltr'>nuptias</span> <span class='ocrx_word' id='word_1_119' title='bbox 134 1624 360 1696; x_wconf 86' lang='lat' dir='ltr'>contrahendi;</span> <span class='ocrx_word' id='word_1_120' title='bbox 385 1623 441 1684; x_wconf 89' lang='lat' dir='ltr'>sed</span> <span class='ocrx_word' id='word_1_121' title='bbox 458 1623 484 1684; x_wconf 93' lang='lat' dir='ltr'>si</span> <span class='ocrx_word' id='word_1_122' title='bbox 499 1641 594 1685; x_wconf 88' lang='lat' dir='ltr'>cause</span> <span class='ocrx_word' id='word_1_123' title='bbox 606 1623 640 1683; x_wconf 90' lang='lat' dir='ltr'>in</span> <span class='ocrx_word' id='word_1_124' title='bbox 654 1621 785 1702; x_wconf 81' lang='lat' dir='ltr'>praelota</span> <span class='ocrx_word' id='word_1_125' title='bbox 838 1623 1028 1702; x_wconf 90' lang='lat' dir='ltr'>plenissime,</span> <span class='ocrx_word' id='word_1_126' title='bbox 1042 1624 1303 1686; x_wconf 89' lang='lat' dir='ltr'>etinviolabiliter</span> <span class='ocrx_word' id='word_1_127' title='bbox 1317 1624 1489 1689; x_wconf 81' lang='lat' dir='ltr'>observari.</span> <span class='ocrx_word' id='word_1_128' title='bbox 1507 1626 1633 1708; x_wconf 77' lang='lat' dir='ltr'>Sisque,</span> 
     </span>
     <span class='ocr_line' id='line_1_13' title="bbox 20 1707 1636 1794; baseline 0.002 -22"><span class='ocrx_word' id='word_1_129' title='bbox 20 1707 232 1790; x_wconf 71' lang='lat' dir='ltr'>congregatione</span> <span class='ocrx_word' id='word_1_130' title='bbox 257 1711 477 1774; x_wconf 86' lang='lat' dir='ltr'>cardinalium</span> <span class='ocrx_word' id='word_1_131' title='bbox 490 1711 662 1774; x_wconf 84' lang='lat' dir='ltr'>Tridentini</span> <span class='ocrx_word' id='word_1_132' title='bbox 676 1709 784 1773; x_wconf 87' lang='lat' dir='ltr'>conci·</span> <span class='ocrx_word' id='word_1_133' title='bbox 839 1715 870 1773; x_wconf 89' lang='lat' dir='ltr'>et</span> <span class='ocrx_word' id='word_1_134' title='bbox 885 1729 946 1772; x_wconf 91' lang='lat' dir='ltr'>non</span> <span class='ocrx_word' id='word_1_135' title='bbox 961 1711 1052 1774; x_wconf 90' lang='lat' dir='ltr'>aliter</span> <span class='ocrx_word' id='word_1_136' title='bbox 1066 1731 1123 1792; x_wconf 89' lang='lat' dir='ltr'>per</span> <span class='ocrx_word' id='word_1_137' title='bbox 1137 1731 1351 1794; x_wconf 86' lang='lat' dir='ltr'>quoscumque</span> <span class='ocrx_word' id='word_1_138' title='bbox 1365 1716 1382 1777; x_wconf 86' lang='lat' dir='ltr'>J</span> <span class='ocrx_word' id='word_1_139' title='bbox 1387 1714 1493 1776; x_wconf 89' lang='lat' dir='ltr'>udices</span> <span class='ocrx_word' id='word_1_140' title='bbox 1507 1713 1636 1777; x_wconf 91' lang='lat' dir='ltr'>ordina-</span> 
     </span>
     <span class='ocr_line' id='line_1_14' title="bbox 15 1794 1629 1879; baseline 0.002 -21"><span class='ocrx_word' id='word_1_141' title='bbox 15 1794 44 1858; x_wconf 89' lang='lat' dir='ltr'>lii</span> <span class='ocrx_word' id='word_1_142' title='bbox 58 1794 246 1875; x_wconf 84' lang='lat' dir='ltr'>interpretum</span> <span class='ocrx_word' id='word_1_143' title='bbox 278 1797 457 1860; x_wconf 89' lang='lat' dir='ltr'>introducta</span> <span class='ocrx_word' id='word_1_144' title='bbox 484 1797 594 1873; x_wconf 85' lang='lat' dir='ltr'>fuerit,</span> <span class='ocrx_word' id='word_1_145' title='bbox 621 1815 729 1858; x_wconf 88' lang='lat' dir='ltr'>rursus</span> <span class='ocrx_word' id='word_1_146' title='bbox 752 1797 783 1858; x_wconf 91' lang='lat' dir='ltr'>in</span> <span class='ocrx_word' id='word_1_147' title='bbox 838 1798 912 1876; x_wconf 92' lang='lat' dir='ltr'>rios,</span> <span class='ocrx_word' id='word_1_148' title='bbox 943 1803 974 1861; x_wconf 91' lang='lat' dir='ltr'>et</span> <span class='ocrx_word' id='word_1_149' title='bbox 1001 1800 1176 1879; x_wconf 76' lang='lat' dir='ltr'>Detegetur,</span> <span class='ocrx_word' id='word_1_150' title='bbox 1207 1801 1302 1862; x_wconf 89' lang='lat' dir='ltr'>etiam</span> <span class='ocrx_word' id='word_1_151' title='bbox 1328 1819 1495 1864; x_wconf 87' lang='lat' dir='ltr'>causarum</span> <span class='ocrx_word' id='word_1_152' title='bbox 1518 1801 1629 1864; x_wconf 88' lang='lat' dir='ltr'>Palatii</span> 
     </span>
     <span class='ocr_line' id='line_1_15' title="bbox 21 1883 1630 1967; baseline 0.004 -23"><span class='ocrx_word' id='word_1_153' title='bbox 21 1883 105 1944; x_wconf 73' lang='lat' dir='ltr'>odem</span> <span class='ocrx_word' id='word_1_154' title='bbox 124 1884 163 1946; x_wconf 86' lang='lat' dir='ltr'>ad</span> <span class='ocrx_word' id='word_1_155' title='bbox 184 1885 362 1948; x_wconf 76' lang='lat' dir='ltr'>defensoris</span> <span class='ocrx_word' id='word_1_156' title='bbox 390 1885 580 1948; x_wconf 87' lang='lat' dir='ltr'>matrimonii</span> <span class='ocrx_word' id='word_1_157' title='bbox 604 1885 783 1948; x_wconf 84' lang='lat' dir='ltr'>instantiam</span> <span class='ocrx_word' id='word_1_158' title='bbox 838 1887 978 1966; x_wconf 83' lang='lat' dir='ltr'>Apostoli</span> <span class='ocrx_word' id='word_1_159' title='bbox 993 1887 1163 1967; x_wconf 89' lang='lat' dir='ltr'>auditores,</span> <span class='ocrx_word' id='word_1_160' title='bbox 1180 1906 1217 1950; x_wconf 90' lang='lat' dir='ltr'>ac</span> <span class='ocrx_word' id='word_1_161' title='bbox 1228 1888 1354 1950; x_wconf 90' lang='lat' dir='ltr'>eosdem</span> <span class='ocrx_word' id='word_1_162' title='bbox 1369 1891 1402 1952; x_wconf 91' lang='lat' dir='ltr'>S.</span> <span class='ocrx_word' id='word_1_163' title='bbox 1419 1892 1455 1952; x_wconf 87' lang='lat' dir='ltr'>R.</span> <span class='ocrx_word' id='word_1_164' title='bbox 1473 1893 1508 1953; x_wconf 82' lang='lat' dir='ltr'>ll.</span> <span class='ocrx_word' id='word_1_165' title='bbox 1525 1889 1630 1954; x_wconf 89' lang='lat' dir='ltr'>cardi·</span> 
     </span>
     <span class='ocr_line' id='line_1_16' title="bbox 22 1972 1632 2056; baseline 0.001 -22"><span class='ocrx_word' id='word_1_166' title='bbox 22 1977 229 2051; x_wconf 79' lang='lat' dir='ltr'>reproponatur3</span> <span class='ocrx_word' id='word_1_167' title='bbox 254 1972 284 2034; x_wconf 90' lang='lat' dir='ltr'>si</span> <span class='ocrx_word' id='word_1_168' title='bbox 301 1991 375 2036; x_wconf 84' lang='lat' dir='ltr'>vero</span> <span class='ocrx_word' id='word_1_169' title='bbox 390 1973 630 2053; x_wconf 79' lang='lat' dir='ltr'>Congregationi</span> <span class='ocrx_word' id='word_1_170' title='bbox 644 1973 784 2052; x_wconf 88' lang='lat' dir='ltr'>partiou—</span> <span class='ocrx_word' id='word_1_171' title='bbox 838 1975 924 2036; x_wconf 89' lang='lat' dir='ltr'>nales</span> <span class='ocrx_word' id='word_1_172' title='bbox 939 1975 1033 2036; x_wconf 89' lang='lat' dir='ltr'>etiam</span> <span class='ocrx_word' id='word_1_173' title='bbox 1057 1976 1095 2036; x_wconf 92' lang='lat' dir='ltr'>de</span> <span class='ocrx_word' id='word_1_174' title='bbox 1116 1977 1213 2038; x_wconf 88' lang='lat' dir='ltr'>latere</span> <span class='ocrx_word' id='word_1_175' title='bbox 1227 1978 1371 2056; x_wconf 85' lang='lat' dir='ltr'>Legatos,</span> <span class='ocrx_word' id='word_1_176' title='bbox 1393 1983 1425 2037; x_wconf 91' lang='lat' dir='ltr'>ot</span> <span class='ocrx_word' id='word_1_177' title='bbox 1439 1977 1529 2040; x_wconf 89' lang='lat' dir='ltr'>Sedis</span> <span class='ocrx_word' id='word_1_178' title='bbox 1544 1980 1632 2039; x_wconf 91' lang='lat' dir='ltr'>Nun-</span> 
     </span>
     <span class='ocr_line' id='line_1_17' title="bbox 20 2057 1630 2144; baseline 0 -20"><span class='ocrx_word' id='word_1_179' title='bbox 20 2057 61 2124; x_wconf 82' lang='lat' dir='ltr'>ltri</span> <span class='ocrx_word' id='word_1_180' title='bbox 79 2061 232 2124; x_wconf 87' lang='lat' dir='ltr'>commissa</span> <span class='ocrx_word' id='word_1_181' title='bbox 255 2063 361 2130; x_wconf 85' lang='lat' dir='ltr'>fuerit,</span> <span class='ocrx_word' id='word_1_182' title='bbox 383 2063 423 2124; x_wconf 89' lang='lat' dir='ltr'>ad</span> <span class='ocrx_word' id='word_1_183' title='bbox 445 2063 626 2141; x_wconf 88' lang='lat' dir='ltr'>petitionem</span> <span class='ocrx_word' id='word_1_184' title='bbox 641 2060 783 2142; x_wconf 87' lang='lat' dir='ltr'>ejusdem</span> <span class='ocrx_word' id='word_1_185' title='bbox 836 2063 907 2140; x_wconf 91' lang='lat' dir='ltr'>tios,</span> <span class='ocrx_word' id='word_1_186' title='bbox 933 2063 1049 2125; x_wconf 84' lang='lat' dir='ltr'>aliosve</span> <span class='ocrx_word' id='word_1_187' title='bbox 1082 2063 1238 2144; x_wconf 91' lang='lat' dir='ltr'>quoslibet</span> <span class='ocrx_word' id='word_1_188' title='bbox 1265 2081 1462 2144; x_wconf 89' lang='lat' dir='ltr'>quecumque</span> <span class='ocrx_word' id='word_1_189' title='bbox 1485 2063 1630 2144; x_wconf 80' lang='lat' dir='ltr'>praemi·</span> 
     </span>
     <span class='ocr_line' id='line_1_18' title="bbox 21 2147 1628 2232; baseline 0.003 -23"><span class='ocrx_word' id='word_1_190' title='bbox 21 2147 167 2227; x_wconf 82' lang='lat' dir='ltr'>defensoris,</span> <span class='ocrx_word' id='word_1_191' title='bbox 183 2151 285 2214; x_wconf 85' lang='lat' dir='ltr'>altera</span> <span class='ocrx_word' id='word_1_192' title='bbox 295 2151 389 2213; x_wconf 89' lang='lat' dir='ltr'>etiarn</span> <span class='ocrx_word' id='word_1_193' title='bbox 399 2149 596 2230; x_wconf 89' lang='lat' dir='ltr'>particularis</span> <span class='ocrx_word' id='word_1_194' title='bbox 606 2152 782 2229; x_wconf 88' lang='lat' dir='ltr'>congrega·</span> <span class='ocrx_word' id='word_1_195' title='bbox 836 2150 945 2211; x_wconf 90' lang='lat' dir='ltr'>nentia</span> <span class='ocrx_word' id='word_1_196' title='bbox 966 2156 997 2213; x_wconf 87' lang='lat' dir='ltr'>et</span> <span class='ocrx_word' id='word_1_197' title='bbox 1028 2155 1182 2230; x_wconf 85' lang='lat' dir='ltr'>potestate</span> <span class='ocrx_word' id='word_1_198' title='bbox 1208 2152 1372 2232; x_wconf 85' lang='lat' dir='ltr'>fungentes</span> <span class='ocrx_word' id='word_1_199' title='bbox 1396 2157 1427 2214; x_wconf 89' lang='lat' dir='ltr'>et</span> <span class='ocrx_word' id='word_1_200' title='bbox 1455 2152 1628 2229; x_wconf 88' lang='lat' dir='ltr'>iuncturos,</span> 
     </span>
     <span class='ocr_line' id='line_1_19' title="bbox 20 2232 1631 2320; baseline 0.004 -24"><span class='ocrx_word' id='word_1_201' title='bbox 20 2232 51 2296; x_wconf 87' lang='lat' dir='ltr'>lio</span> <span class='ocrx_word' id='word_1_202' title='bbox 61 2235 253 2317; x_wconf 89' lang='lat' dir='ltr'>deputabitur.</span> <span class='ocrx_word' id='word_1_203' title='bbox 284 2238 317 2300; x_wconf 92' lang='lat' dir='ltr'>Si</span> <span class='ocrx_word' id='word_1_204' title='bbox 337 2256 412 2299; x_wconf 86' lang='lat' dir='ltr'>roro</span> <span class='ocrx_word' id='word_1_205' title='bbox 427 2239 459 2298; x_wconf 90' lang='lat' dir='ltr'>in</span> <span class='ocrx_word' id='word_1_206' title='bbox 474 2238 584 2298; x_wconf 90' lang='lat' dir='ltr'>Palatii</span> <span class='ocrx_word' id='word_1_207' title='bbox 598 2237 702 2299; x_wconf 90' lang='lat' dir='ltr'>Nostri</span> <span class='ocrx_word' id='word_1_208' title='bbox 717 2241 782 2300; x_wconf 83' lang='lat' dir='ltr'>Au·</span> <span class='ocrx_word' id='word_1_209' title='bbox 837 2239 969 2316; x_wconf 83' lang='lat' dir='ltr'>sublata,</span> <span class='ocrx_word' id='word_1_210' title='bbox 993 2239 1048 2316; x_wconf 91' lang='lat' dir='ltr'>eis,</span> <span class='ocrx_word' id='word_1_211' title='bbox 1072 2245 1104 2302; x_wconf 88' lang='lat' dir='ltr'>et</span> <span class='ocrx_word' id='word_1_212' title='bbox 1124 2258 1233 2300; x_wconf 90' lang='lat' dir='ltr'>eorum</span> <span class='ocrx_word' id='word_1_213' title='bbox 1255 2239 1384 2302; x_wconf 90' lang='lat' dir='ltr'>cuilibet</span> <span class='ocrx_word' id='word_1_214' title='bbox 1404 2241 1515 2320; x_wconf 89' lang='lat' dir='ltr'>quavis</span> <span class='ocrx_word' id='word_1_215' title='bbox 1538 2242 1631 2304; x_wconf 90' lang='lat' dir='ltr'>alitor</span> 
     </span>
     <span class='ocr_line' id='line_1_20' title="bbox 23 2317 1633 2408; baseline 0.006 -25"><span class='ocrx_word' id='word_1_216' title='bbox 23 2321 109 2384; x_wconf 87' lang='lat' dir='ltr'>ditorio</span> <span class='ocrx_word' id='word_1_217' title='bbox 125 2324 264 2404; x_wconf 86' lang='lat' dir='ltr'>judicata</span> <span class='ocrx_word' id='word_1_218' title='bbox 287 2326 328 2387; x_wconf 89' lang='lat' dir='ltr'>sit</span> <span class='ocrx_word' id='word_1_219' title='bbox 349 2344 369 2387; x_wconf 92' lang='lat' dir='ltr'>a</span> <span class='ocrx_word' id='word_1_220' title='bbox 389 2327 518 2406; x_wconf 85' lang='lat' dir='ltr'>praelato</span> <span class='ocrx_word' id='word_1_221' title='bbox 533 2327 709 2396; x_wconf 81' lang='lat' dir='ltr'>defensore.</span> <span class='ocrx_word' id='word_1_222' title='bbox 726 2345 782 2405; x_wconf 90' lang='lat' dir='ltr'>ap·</span> <span class='ocrx_word' id='word_1_223' title='bbox 833 2317 996 2400; x_wconf 85' lang='lat' dir='ltr'>judicandi</span> <span class='ocrx_word' id='word_1_224' title='bbox 1019 2332 1050 2390; x_wconf 92' lang='lat' dir='ltr'>et</span> <span class='ocrx_word' id='word_1_225' title='bbox 1063 2328 1288 2408; x_wconf 87' lang='lat' dir='ltr'>interpretandi</span> <span class='ocrx_word' id='word_1_226' title='bbox 1303 2327 1460 2405; x_wconf 78' lang='lat' dir='ltr'>facultate,</span> <span class='ocrx_word' id='word_1_227' title='bbox 1479 2332 1510 2390; x_wconf 88' lang='lat' dir='ltr'>et</span> <span class='ocrx_word' id='word_1_228' title='bbox 1523 2333 1633 2392; x_wconf 87' lang='lat' dir='ltr'>aucto-</span> 
     </span>
     <span class='ocr_line' id='line_1_21' title="bbox 21 2411 1631 2497; baseline 0.004 -25"><span class='ocrx_word' id='word_1_229' title='bbox 21 2411 154 2494; x_wconf 85' lang='lat' dir='ltr'>peiiatione</span> <span class='ocrx_word' id='word_1_230' title='bbox 163 2413 474 2494; x_wconf 85' lang='lat' dir='ltr'>interpositaabaiiis</span> <span class='ocrx_word' id='word_1_231' title='bbox 486 2415 681 2477; x_wconf 88' lang='lat' dir='ltr'>auditoribus</span> <span class='ocrx_word' id='word_1_232' title='bbox 692 2414 783 2495; x_wconf 83' lang='lat' dir='ltr'>juxta</span> <span class='ocrx_word' id='word_1_233' title='bbox 836 2417 938 2494; x_wconf 86' lang='lat' dir='ltr'>ritate,</span> <span class='ocrx_word' id='word_1_234' title='bbox 964 2417 1079 2496; x_wconf 90' lang='lat' dir='ltr'>ubique</span> <span class='ocrx_word' id='word_1_235' title='bbox 1098 2417 1234 2497; x_wconf 89' lang='lat' dir='ltr'>judicari</span> <span class='ocrx_word' id='word_1_236' title='bbox 1257 2420 1288 2478; x_wconf 91' lang='lat' dir='ltr'>et</span> <span class='ocrx_word' id='word_1_237' title='bbox 1301 2416 1422 2478; x_wconf 89' lang='lat' dir='ltr'>deliniri</span> <span class='ocrx_word' id='word_1_238' title='bbox 1447 2417 1575 2495; x_wconf 89' lang='lat' dir='ltr'>debere,</span> <span class='ocrx_word' id='word_1_239' title='bbox 1593 2435 1631 2480; x_wconf 89' lang='lat' dir='ltr'>ac</span> 
     </span>
     <span class='ocr_line' id='line_1_22' title="bbox 23 2499 1633 2586; baseline 0.004 -26"><span class='ocrx_word' id='word_1_240' title='bbox 23 2499 134 2561; x_wconf 83' lang='lat' dir='ltr'>ordinem</span> <span class='ocrx_word' id='word_1_241' title='bbox 147 2501 319 2582; x_wconf 83' lang='lat' dir='ltr'>ingyrum,</span> <span class='ocrx_word' id='word_1_242' title='bbox 335 2521 390 2564; x_wconf 90' lang='lat' dir='ltr'>seu</span> <span class='ocrx_word' id='word_1_243' title='bbox 405 2507 531 2565; x_wconf 92' lang='lat' dir='ltr'>turnum</span> <span class='ocrx_word' id='word_1_244' title='bbox 547 2502 732 2564; x_wconf 88' lang='lat' dir='ltr'>definiatur:</span> <span class='ocrx_word' id='word_1_245' title='bbox 756 2501 782 2562; x_wconf 88' lang='lat' dir='ltr'>si</span> <span class='ocrx_word' id='word_1_246' title='bbox 836 2503 957 2564; x_wconf 91' lang='lat' dir='ltr'>irritum</span> <span class='ocrx_word' id='word_1_247' title='bbox 978 2507 1010 2566; x_wconf 90' lang='lat' dir='ltr'>et</span> <span class='ocrx_word' id='word_1_248' title='bbox 1032 2504 1135 2581; x_wconf 89' lang='lat' dir='ltr'>inane,</span> <span class='ocrx_word' id='word_1_249' title='bbox 1158 2504 1184 2565; x_wconf 88' lang='lat' dir='ltr'>si</span> <span class='ocrx_word' id='word_1_250' title='bbox 1207 2521 1297 2565; x_wconf 89' lang='lat' dir='ltr'>secus</span> <span class='ocrx_word' id='word_1_251' title='bbox 1319 2521 1415 2582; x_wconf 90' lang='lat' dir='ltr'>super</span> <span class='ocrx_word' id='word_1_252' title='bbox 1437 2504 1486 2566; x_wconf 86' lang='lat' dir='ltr'>iris</span> <span class='ocrx_word' id='word_1_253' title='bbox 1508 2523 1529 2566; x_wconf 89' lang='lat' dir='ltr'>a</span> <span class='ocrx_word' id='word_1_254' title='bbox 1553 2523 1633 2586; x_wconf 91' lang='lat' dir='ltr'>quo·</span> 
     </span>
     <span class='ocr_line' id='line_1_23' title="bbox 15 2588 1630 2671; baseline 0.003 -22"><span class='ocrx_word' id='word_1_255' title='bbox 15 2591 102 2650; x_wconf 51' lang='lat' dir='ltr'>¹tritten</span> <span class='ocrx_word' id='word_1_256' title='bbox 110 2591 525 2653; x_wconf 70' lang='lat' dir='ltr'>eanmuniverso&#39;l&#39;ribunali</span> <span class='ocrx_word' id='word_1_257' title='bbox 536 2591 703 2652; x_wconf 87' lang='lat' dir='ltr'>commissa</span> <span class='ocrx_word' id='word_1_258' title='bbox 716 2591 783 2652; x_wconf 90' lang='lat' dir='ltr'>lue·</span> <span class='ocrx_word' id='word_1_259' title='bbox 837 2607 932 2670; x_wconf 87' lang='lat' dir='ltr'>quam</span> <span class='ocrx_word' id='word_1_260' title='bbox 955 2591 1064 2671; x_wconf 85' lang='lat' dir='ltr'>quavis</span> <span class='ocrx_word' id='word_1_261' title='bbox 1085 2589 1236 2652; x_wconf 87' lang='lat' dir='ltr'>auctorite</span> <span class='ocrx_word' id='word_1_262' title='bbox 1255 2588 1400 2666; x_wconf 88' lang='lat' dir='ltr'>scienter,</span> <span class='ocrx_word' id='word_1_263' title='bbox 1416 2591 1466 2652; x_wconf 84' lang='lat' dir='ltr'>vel</span> <span class='ocrx_word' id='word_1_264' title='bbox 1481 2591 1630 2671; x_wconf 88' lang='lat' dir='ltr'>ignoran-</span> 
     </span>
     <span class='ocr_line' id='line_1_24' title="bbox 15 2673 1630 2759; baseline 0.004 -23"><span class='ocrx_word' id='word_1_265' title='bbox 15 2673 61 2752; x_wconf 72' lang='lat' dir='ltr'>di,</span> <span class='ocrx_word' id='word_1_266' title='bbox 73 2677 105 2738; x_wconf 85' lang='lat' dir='ltr'>ab</span> <span class='ocrx_word' id='word_1_267' title='bbox 117 2677 255 2740; x_wconf 89' lang='lat' dir='ltr'>omnibus</span> <span class='ocrx_word' id='word_1_268' title='bbox 265 2679 461 2741; x_wconf 87' lang='lat' dir='ltr'>auditoribus</span> <span class='ocrx_word' id='word_1_269' title='bbox 471 2698 578 2741; x_wconf 85' lang='lat' dir='ltr'>rursus</span> <span class='ocrx_word' id='word_1_270' title='bbox 593 2678 782 2742; x_wconf 88' lang='lat' dir='ltr'>examinabi·</span> <span class='ocrx_word' id='word_1_271' title='bbox 836 2681 884 2740; x_wconf 90' lang='lat' dir='ltr'>ter</span> <span class='ocrx_word' id='word_1_272' title='bbox 898 2678 1064 2758; x_wconf 90' lang='lat' dir='ltr'>contigerit</span> <span class='ocrx_word' id='word_1_273' title='bbox 1077 2678 1232 2740; x_wconf 89' lang='lat' dir='ltr'>attentari.</span> <span class='ocrx_word' id='word_1_274' title='bbox 1259 2679 1327 2739; x_wconf 92' lang='lat' dir='ltr'>Non</span> <span class='ocrx_word' id='word_1_275' title='bbox 1342 2677 1538 2741; x_wconf 86' lang='lat' dir='ltr'>obstantibus</span> <span class='ocrx_word' id='word_1_276' title='bbox 1552 2697 1630 2759; x_wconf 82' lang='lat' dir='ltr'>prae·</span> 
     </span>
     <span class='ocr_line' id='line_1_25' title="bbox 21 2763 1631 2844; baseline 0.004 -21"><span class='ocrx_word' id='word_1_277' title='bbox 21 2763 65 2839; x_wconf 86' lang='lat' dir='ltr'>tnr,</span> <span class='ocrx_word' id='word_1_278' title='bbox 83 2764 209 2826; x_wconf 88' lang='lat' dir='ltr'>nolentes</span> <span class='ocrx_word' id='word_1_279' title='bbox 229 2767 371 2844; x_wconf 88' lang='lat' dir='ltr'>omnino,</span> <span class='ocrx_word' id='word_1_280' title='bbox 388 2772 423 2829; x_wconf 87' lang='lat' dir='ltr'>ut</span> <span class='ocrx_word' id='word_1_281' title='bbox 437 2768 521 2830; x_wconf 93' lang='lat' dir='ltr'>nullo</span> <span class='ocrx_word' id='word_1_282' title='bbox 536 2767 568 2828; x_wconf 92' lang='lat' dir='ltr'>in</span> <span class='ocrx_word' id='word_1_283' title='bbox 584 2786 658 2828; x_wconf 89' lang='lat' dir='ltr'>casu</span> <span class='ocrx_word' id='word_1_284' title='bbox 673 2767 783 2828; x_wconf 89' lang='lat' dir='ltr'>matri·</span> <span class='ocrx_word' id='word_1_285' title='bbox 836 2768 949 2844; x_wconf 90' lang='lat' dir='ltr'>missis,</span> <span class='ocrx_word' id='word_1_286' title='bbox 970 2785 1006 2828; x_wconf 91' lang='lat' dir='ltr'>ac</span> <span class='ocrx_word' id='word_1_287' title='bbox 1025 2766 1312 2842; x_wconf 88' lang='lat' dir='ltr'>constitutionibus,</span> <span class='ocrx_word' id='word_1_288' title='bbox 1329 2771 1361 2826; x_wconf 88' lang='lat' dir='ltr'>et</span> <span class='ocrx_word' id='word_1_289' title='bbox 1375 2765 1631 2830; x_wconf 80' lang='lat' dir='ltr'>ordinationibus</span> 
     </span>
     <span class='ocr_line' id='line_1_26' title="bbox 15 2851 1628 2937; baseline 0.004 -26"><span class='ocrx_word' id='word_1_290' title='bbox 15 2851 704 2933; x_wconf 48' lang='lat' dir='ltr'>¹noniirinculumdissolotumcenseatur,nisi</span> <span class='ocrx_word' id='word_1_291' title='bbox 720 2854 782 2917; x_wconf 93' lang='lat' dir='ltr'>duo</span> <span class='ocrx_word' id='word_1_292' title='bbox 836 2854 1037 2935; x_wconf 86' lang='lat' dir='ltr'>Apostolicis,</span> <span class='ocrx_word' id='word_1_293' title='bbox 1072 2873 1193 2918; x_wconf 89' lang='lat' dir='ltr'>necnon</span> <span class='ocrx_word' id='word_1_294' title='bbox 1226 2853 1386 2934; x_wconf 86' lang='lat' dir='ltr'>quibusvis</span> <span class='ocrx_word' id='word_1_295' title='bbox 1416 2855 1511 2917; x_wconf 89' lang='lat' dir='ltr'>etiam</span> <span class='ocrx_word' id='word_1_296' title='bbox 1538 2855 1628 2937; x_wconf 86' lang='lat' dir='ltr'>jura-</span> 
     </span>
     <span class='ocr_line' id='line_1_27' title="bbox 15 2935 1632 3025; baseline 0.004 -25"><span class='ocrx_word' id='word_1_297' title='bbox 15 2935 143 3020; x_wconf 64' lang='grc' dir='ltr'>ἓῙιιιὶιιιιιι,</span> <span class='ocrx_word' id='word_1_298' title='bbox 164 2943 211 3003; x_wconf 88' lang='lat' dir='ltr'>vel</span> <span class='ocrx_word' id='word_1_299' title='bbox 233 2943 440 3006; x_wconf 90' lang='lat' dir='ltr'>resolutiones</span> <span class='ocrx_word' id='word_1_300' title='bbox 454 2949 508 3007; x_wconf 88' lang='lat' dir='ltr'>aut</span> <span class='ocrx_word' id='word_1_301' title='bbox 522 2943 682 3006; x_wconf 78' lang='lat' dir='ltr'>sententia</span> <span class='ocrx_word' id='word_1_302' title='bbox 696 2943 782 3023; x_wconf 90' lang='lat' dir='ltr'>peni·</span> <span class='ocrx_word' id='word_1_303' title='bbox 836 2949 952 3024; x_wconf 91' lang='lat' dir='ltr'>mento,</span> <span class='ocrx_word' id='word_1_304' title='bbox 978 2943 1214 3006; x_wconf 81' lang='lat' dir='ltr'>confirmatione</span> <span class='ocrx_word' id='word_1_305' title='bbox 1235 2943 1425 3021; x_wconf 78' lang='lat' dir='ltr'>apostoliea,</span> <span class='ocrx_word' id='word_1_306' title='bbox 1447 2945 1497 3006; x_wconf 90' lang='lat' dir='ltr'>vel</span> <span class='ocrx_word' id='word_1_307' title='bbox 1519 2944 1632 3025; x_wconf 85' lang='lat' dir='ltr'>quavis</span> 
     </span>
     <span class='ocr_line' id='line_1_28' title="bbox 15 3028 1631 3113; baseline 0.004 -25"><span class='ocrx_word' id='word_1_308' title='bbox 15 3028 160 3096; x_wconf 69' lang='lat' dir='ltr'>imantia</span> <span class='ocrx_word' id='word_1_309' title='bbox 170 3035 200 3092; x_wconf 91' lang='lat' dir='ltr'>et</span> <span class='ocrx_word' id='word_1_310' title='bbox 209 3032 399 3110; x_wconf 81' lang='lat' dir='ltr'>conformes,</span> <span class='ocrx_word' id='word_1_311' title='bbox 416 3052 436 3094; x_wconf 87' lang='lat' dir='ltr'>a</span> <span class='ocrx_word' id='word_1_312' title='bbox 454 3032 567 3113; x_wconf 90' lang='lat' dir='ltr'>quibus</span> <span class='ocrx_word' id='word_1_313' title='bbox 578 3051 679 3112; x_wconf 88' lang='lat' dir='ltr'>neque</span> <span class='ocrx_word' id='word_1_314' title='bbox 693 3050 777 3112; x_wconf 89' lang='lat' dir='ltr'>pars,</span> <span class='ocrx_word' id='word_1_315' title='bbox 835 3033 982 3096; x_wconf 88' lang='lat' dir='ltr'>firmitate</span> <span class='ocrx_word' id='word_1_316' title='bbox 996 3034 1058 3095; x_wconf 91' lang='lat' dir='ltr'>alia</span> <span class='ocrx_word' id='word_1_317' title='bbox 1072 3030 1237 3100; x_wconf 87' lang='lat' dir='ltr'>roboratis,</span> <span class='ocrx_word' id='word_1_318' title='bbox 1262 3031 1385 3092; x_wconf 89' lang='lat' dir='ltr'>statutis</span> <span class='ocrx_word' id='word_1_319' title='bbox 1409 3035 1440 3092; x_wconf 89' lang='lat' dir='ltr'>et</span> <span class='ocrx_word' id='word_1_320' title='bbox 1458 3037 1631 3095; x_wconf 89' lang='lat' dir='ltr'>consuetu-</span> 
     </span>
     <span class='ocr_line' id='line_1_29' title="bbox 23 3117 1630 3202; baseline 0.006 -28"><span class='ocrx_word' id='word_1_321' title='bbox 23 3131 101 3196; x_wconf 88' lang='lat' dir='ltr'>neque</span> <span class='ocrx_word' id='word_1_322' title='bbox 120 3117 258 3181; x_wconf 79' lang='lat' dir='ltr'>defensor</span> <span class='ocrx_word' id='word_1_323' title='bbox 282 3120 472 3183; x_wconf 89' lang='lat' dir='ltr'>matrimonii</span> <span class='ocrx_word' id='word_1_324' title='bbox 493 3121 662 3183; x_wconf 80' lang='lat' dir='ltr'>crediderit</span> <span class='ocrx_word' id='word_1_325' title='bbox 677 3120 782 3202; x_wconf 91' lang='lat' dir='ltr'>appel·</span> <span class='ocrx_word' id='word_1_326' title='bbox 837 3120 971 3200; x_wconf 90' lang='lat' dir='ltr'>dinibus,</span> <span class='ocrx_word' id='word_1_327' title='bbox 997 3120 1167 3201; x_wconf 89' lang='lat' dir='ltr'>privilegiis</span> <span class='ocrx_word' id='word_1_328' title='bbox 1182 3137 1318 3200; x_wconf 88' lang='lat' dir='ltr'>quoquc,</span> <span class='ocrx_word' id='word_1_329' title='bbox 1341 3119 1480 3197; x_wconf 90' lang='lat' dir='ltr'>indultis,</span> <span class='ocrx_word' id='word_1_330' title='bbox 1503 3125 1535 3184; x_wconf 93' lang='lat' dir='ltr'>et</span> <span class='ocrx_word' id='word_1_331' title='bbox 1548 3122 1630 3184; x_wconf 90' lang='lat' dir='ltr'>litte-</span> 
     </span>
     <span class='ocr_line' id='line_1_30' title="bbox 22 3199 1628 3290; baseline 0.004 -27"><span class='ocrx_word' id='word_1_332' title='bbox 22 3199 132 3282; x_wconf 86' lang='lat' dir='ltr'>inndrm,</span> <span class='ocrx_word' id='word_1_333' title='bbox 157 3208 391 3282; x_wconf 79' lang='lat' dir='ltr'>emanaverint3</span> <span class='ocrx_word' id='word_1_334' title='bbox 417 3209 500 3290; x_wconf 89' lang='lat' dir='ltr'>quod</span> <span class='ocrx_word' id='word_1_335' title='bbox 521 3209 546 3270; x_wconf 91' lang='lat' dir='ltr'>si</span> <span class='ocrx_word' id='word_1_336' title='bbox 561 3227 651 3272; x_wconf 89' lang='lat' dir='ltr'>secus</span> <span class='ocrx_word' id='word_1_337' title='bbox 665 3209 782 3272; x_wconf 85' lang='lat' dir='ltr'>tactum</span> <span class='ocrx_word' id='word_1_338' title='bbox 836 3208 879 3270; x_wconf 91' lang='lat' dir='ltr'>ris</span> <span class='ocrx_word' id='word_1_339' title='bbox 901 3207 1086 3289; x_wconf 69' lang='lat' dir='ltr'>apostolicis</span> <span class='ocrx_word' id='word_1_340' title='bbox 1109 3207 1167 3269; x_wconf 91' lang='lat' dir='ltr'>aub</span> <span class='ocrx_word' id='word_1_341' title='bbox 1192 3206 1441 3287; x_wconf 89' lang='lat' dir='ltr'>quibuscumque</span> <span class='ocrx_word' id='word_1_342' title='bbox 1464 3207 1628 3270; x_wconf 84' lang='lat' dir='ltr'>tenoribus</span> 
     </span>
     <span class='ocr_line' id='line_1_31' title="bbox 17 3287 1627 3376; baseline 0.004 -22"><span class='ocrx_word' id='word_1_343' title='bbox 17 3287 102 3369; x_wconf 3' lang='lat' dir='ltr'>Kasai,</span> <span class='ocrx_word' id='word_1_344' title='bbox 115 3299 143 3355; x_wconf 90' lang='lat' dir='ltr'>et</span> <span class='ocrx_word' id='word_1_345' title='bbox 155 3312 269 3357; x_wconf 87' lang='lat' dir='ltr'>novum</span> <span class='ocrx_word' id='word_1_346' title='bbox 280 3295 391 3358; x_wconf 90' lang='lat' dir='ltr'>initum</span> <span class='ocrx_word' id='word_1_347' title='bbox 406 3296 650 3376; x_wconf 89' lang='lat' dir='ltr'>matrimonium,</span> <span class='ocrx_word' id='word_1_348' title='bbox 668 3301 781 3360; x_wconf 80' lang='lat' dir='ltr'>nostra</span> <span class='ocrx_word' id='word_1_349' title='bbox 835 3297 1005 3360; x_wconf 80' lang='lat' dir='ltr'>verborum</span> <span class='ocrx_word' id='word_1_350' title='bbox 1026 3301 1058 3360; x_wconf 89' lang='lat' dir='ltr'>et</span> <span class='ocrx_word' id='word_1_351' title='bbox 1075 3295 1193 3372; x_wconf 84' lang='lat' dir='ltr'>formis,</span> <span class='ocrx_word' id='word_1_352' title='bbox 1219 3313 1256 3357; x_wconf 90' lang='lat' dir='ltr'>ac</span> <span class='ocrx_word' id='word_1_353' title='bbox 1270 3313 1342 3356; x_wconf 91' lang='lat' dir='ltr'>cum</span> <span class='ocrx_word' id='word_1_354' title='bbox 1356 3294 1518 3375; x_wconf 88' lang='lat' dir='ltr'>quibusvis</span> <span class='ocrx_word' id='word_1_355' title='bbox 1531 3297 1627 3360; x_wconf 87' lang='lat' dir='ltr'>etiam</span> 
     </span>
     <span class='ocr_line' id='line_1_32' title="bbox 26 3375 1630 3465; baseline 0.005 -27"><span class='ocrx_word' id='word_1_356' title='bbox 26 3375 157 3444; x_wconf 81' lang='lat' dir='ltr'>minutalia</span> <span class='ocrx_word' id='word_1_357' title='bbox 179 3381 359 3464; x_wconf 87' lang='lat' dir='ltr'>hujusmodi</span> <span class='ocrx_word' id='word_1_358' title='bbox 374 3388 630 3464; x_wconf 89' lang='lat' dir='ltr'>transgressores,</span> <span class='ocrx_word' id='word_1_359' title='bbox 647 3385 749 3464; x_wconf 89' lang='lat' dir='ltr'>poenis</span> <span class='ocrx_word' id='word_1_360' title='bbox 763 3402 783 3445; x_wconf 89' lang='lat' dir='ltr'>a</span> <span class='ocrx_word' id='word_1_361' title='bbox 836 3381 1329 3465; x_wconf 86' lang='lat' dir='ltr'>derogatoriarumderogatoriis,</span> <span class='ocrx_word' id='word_1_362' title='bbox 1337 3381 1467 3462; x_wconf 89' lang='lat' dir='ltr'>aliisque</span> <span class='ocrx_word' id='word_1_363' title='bbox 1476 3382 1630 3446; x_wconf 89' lang='lat' dir='ltr'>ellicacio·</span> 
     </span>
     <span class='ocr_line' id='line_1_33' title="bbox 27 3463 1634 3552; baseline 0.007 -28"><span class='ocrx_word' id='word_1_364' title='bbox 27 3463 101 3542; x_wconf 87' lang='lat' dir='ltr'>robis‚</span> <span class='ocrx_word' id='word_1_365' title='bbox 114 3471 146 3530; x_wconf 90' lang='lat' dir='ltr'>ut</span> <span class='ocrx_word' id='word_1_366' title='bbox 156 3487 249 3549; x_wconf 90' lang='lat' dir='ltr'>supra</span> <span class='ocrx_word' id='word_1_367' title='bbox 262 3470 397 3548; x_wconf 86' lang='lat' dir='ltr'>statutis,</span> <span class='ocrx_word' id='word_1_368' title='bbox 414 3471 646 3534; x_wconf 82' lang='lat' dir='ltr'>submittantur.</span> <span class='ocrx_word' id='word_1_369' title='bbox 835 3474 933 3550; x_wconf 84' lang='lat' dir='ltr'>ribus,</span> <span class='ocrx_word' id='word_1_370' title='bbox 950 3476 981 3534; x_wconf 91' lang='lat' dir='ltr'>et</span> <span class='ocrx_word' id='word_1_371' title='bbox 994 3470 1125 3532; x_wconf 90' lang='lat' dir='ltr'>insolitis</span> <span class='ocrx_word' id='word_1_372' title='bbox 1139 3470 1296 3546; x_wconf 84' lang='lat' dir='ltr'>clausulis,</span> <span class='ocrx_word' id='word_1_373' title='bbox 1322 3468 1579 3552; x_wconf 89' lang='lat' dir='ltr'>irritantibusque</span> <span class='ocrx_word' id='word_1_374' title='bbox 1600 3477 1634 3536; x_wconf 89' lang='lat' dir='ltr'>ot</span> 
     </span>
     <span class='ocr_line' id='line_1_34' title="bbox 16 3553 1632 3639; baseline 0.007 -26"><span class='ocrx_word' id='word_1_375' title='bbox 16 3561 17 3564; x_wconf 75' lang='grc'>’</span> <span class='ocrx_word' id='word_1_376' title='bbox 52 3553 269 3637; x_wconf 74' lang='lat' dir='ltr'>»litquoniam</span> <span class='ocrx_word' id='word_1_377' title='bbox 292 3576 376 3638; x_wconf 84' lang='lat' dir='ltr'>saepe</span> <span class='ocrx_word' id='word_1_378' title='bbox 397 3559 482 3639; x_wconf 90' lang='lat' dir='ltr'>apud</span> <span class='ocrx_word' id='word_1_379' title='bbox 497 3560 612 3622; x_wconf 91' lang='lat' dir='ltr'>Sedem</span> <span class='ocrx_word' id='word_1_380' title='bbox 626 3559 783 3639; x_wconf 84' lang='lat' dir='ltr'>Apostoli·</span> <span class='ocrx_word' id='word_1_381' title='bbox 836 3562 904 3624; x_wconf 88' lang='lat' dir='ltr'>aliis</span> <span class='ocrx_word' id='word_1_382' title='bbox 919 3559 1052 3621; x_wconf 87' lang='lat' dir='ltr'>decretis</span> <span class='ocrx_word' id='word_1_383' title='bbox 1066 3559 1161 3620; x_wconf 87' lang='lat' dir='ltr'>etiam</span> <span class='ocrx_word' id='word_1_384' title='bbox 1176 3561 1274 3634; x_wconf 91' lang='lat' dir='ltr'>motu,</span> <span class='ocrx_word' id='word_1_385' title='bbox 1290 3557 1432 3635; x_wconf 89' lang='lat' dir='ltr'>scientia,</span> <span class='ocrx_word' id='word_1_386' title='bbox 1448 3561 1632 3639; x_wconf 87' lang='lat' dir='ltr'>etpctesta-</span> 
     </span>
     <span class='ocr_line' id='line_1_35' title="bbox 28 3645 1632 3729; baseline 0.006 -26"><span class='ocrx_word' id='word_1_387' title='bbox 28 3657 78 3703; x_wconf 77' lang='lat' dir='ltr'>mn</span> <span class='ocrx_word' id='word_1_388' title='bbox 95 3663 192 3722; x_wconf 89' lang='lat' dir='ltr'>preces</span> <span class='ocrx_word' id='word_1_389' title='bbox 214 3645 333 3725; x_wconf 89' lang='lat' dir='ltr'>porrigi</span> <span class='ocrx_word' id='word_1_390' title='bbox 357 3647 458 3708; x_wconf 91' lang='lat' dir='ltr'>soient</span> <span class='ocrx_word' id='word_1_391' title='bbox 475 3664 532 3727; x_wconf 90' lang='lat' dir='ltr'>pro</span> <span class='ocrx_word' id='word_1_392' title='bbox 550 3647 781 3727; x_wconf 85' lang='lat' dir='ltr'>dispensatione</span> <span class='ocrx_word' id='word_1_393' title='bbox 835 3650 875 3712; x_wconf 91' lang='lat' dir='ltr'>tis</span> <span class='ocrx_word' id='word_1_394' title='bbox 898 3646 1091 3729; x_wconf 89' lang='lat' dir='ltr'>plenitudine</span> <span class='ocrx_word' id='word_1_395' title='bbox 1115 3645 1244 3725; x_wconf 89' lang='lat' dir='ltr'>peribus</span> <span class='ocrx_word' id='word_1_396' title='bbox 1258 3645 1290 3705; x_wconf 88' lang='lat' dir='ltr'>in</span> <span class='ocrx_word' id='word_1_397' title='bbox 1304 3662 1432 3723; x_wconf 89' lang='lat' dir='ltr'>genere,</span> <span class='ocrx_word' id='word_1_398' title='bbox 1449 3647 1499 3708; x_wconf 90' lang='lat' dir='ltr'>vel</span> <span class='ocrx_word' id='word_1_399' title='bbox 1513 3647 1545 3708; x_wconf 93' lang='lat' dir='ltr'>in</span> <span class='ocrx_word' id='word_1_400' title='bbox 1560 3667 1632 3728; x_wconf 91' lang='lat' dir='ltr'>spe-</span> 
     </span>
     <span class='ocr_line' id='line_1_36' title="bbox 16 3728 1631 3815; baseline 0.007 -27"><span class='ocrx_word' id='word_1_401' title='bbox 16 3728 175 3792; x_wconf 51' lang='lat' dir='ltr'>¹matrimonii</span> <span class='ocrx_word' id='word_1_402' title='bbox 196 3734 267 3810; x_wconf 90' lang='lat' dir='ltr'>rati,</span> <span class='ocrx_word' id='word_1_403' title='bbox 298 3736 330 3794; x_wconf 90' lang='lat' dir='ltr'>et</span> <span class='ocrx_word' id='word_1_404' title='bbox 342 3752 406 3796; x_wconf 91' lang='lat' dir='ltr'>non</span> <span class='ocrx_word' id='word_1_405' title='bbox 420 3735 637 3804; x_wconf 85' lang='lat' dir='ltr'>consummati,</span> <span class='ocrx_word' id='word_1_406' title='bbox 663 3754 732 3815; x_wconf 79' lang='lat' dir='ltr'>quae</span> <span class='ocrx_word' id='word_1_407' title='bbox 748 3739 782 3798; x_wconf 90' lang='lat' dir='ltr'>ut</span> <span class='ocrx_word' id='word_1_408' title='bbox 836 3737 894 3812; x_wconf 91' lang='lat' dir='ltr'>cie,</span> <span class='ocrx_word' id='word_1_409' title='bbox 918 3735 974 3797; x_wconf 90' lang='lat' dir='ltr'>sed</span> <span class='ocrx_word' id='word_1_410' title='bbox 992 3735 1069 3796; x_wconf 89' lang='lat' dir='ltr'>alias</span> <span class='ocrx_word' id='word_1_411' title='bbox 1084 3732 1319 3814; x_wconf 90' lang='lat' dir='ltr'>quomodolibet</span> <span class='ocrx_word' id='word_1_412' title='bbox 1333 3734 1499 3812; x_wconf 86' lang='lat' dir='ltr'>concessis,</span> <span class='ocrx_word' id='word_1_413' title='bbox 1517 3739 1631 3800; x_wconf 83' lang='lat' dir='ltr'>contir-</span> 
     </span>
     <span class='ocr_line' id='line_1_37' title="bbox 26 3813 1629 3906; baseline 0.006 -28"><span class='ocrx_word' id='word_1_414' title='bbox 26 3813 158 3892; x_wconf 81' lang='lat' dir='ltr'>plurinum</span> <span class='ocrx_word' id='word_1_415' title='bbox 179 3839 234 3900; x_wconf 88' lang='lat' dir='ltr'>pro</span> <span class='ocrx_word' id='word_1_416' title='bbox 259 3826 333 3884; x_wconf 83' lang='lat' dir='ltr'>voto</span> <span class='ocrx_word' id='word_1_417' title='bbox 352 3822 525 3884; x_wconf 81' lang='lat' dir='ltr'>consultiro</span> <span class='ocrx_word' id='word_1_418' title='bbox 545 3823 585 3886; x_wconf 92' lang='lat' dir='ltr'>ad</span> <span class='ocrx_word' id='word_1_419' title='bbox 604 3825 780 3903; x_wconf 89' lang='lat' dir='ltr'>congrega·</span> <span class='ocrx_word' id='word_1_420' title='bbox 835 3824 927 3887; x_wconf 90' lang='lat' dir='ltr'>matis</span> <span class='ocrx_word' id='word_1_421' title='bbox 942 3829 973 3884; x_wconf 89' lang='lat' dir='ltr'>et</span> <span class='ocrx_word' id='word_1_422' title='bbox 986 3822 1151 3884; x_wconf 87' lang='lat' dir='ltr'>innovatis.</span> <span class='ocrx_word' id='word_1_423' title='bbox 1174 3821 1447 3894; x_wconf 88' lang='lat' dir='ltr'>Quibusomnibus</span> <span class='ocrx_word' id='word_1_424' title='bbox 1464 3825 1497 3884; x_wconf 88' lang='lat' dir='ltr'>et</span> <span class='ocrx_word' id='word_1_425' title='bbox 1519 3825 1629 3906; x_wconf 88' lang='lat' dir='ltr'>singu-</span> 
     </span>
     <span class='ocr_line' id='line_1_38' title="bbox 16 3899 1629 3991; baseline 0.009 -28"><span class='ocrx_word' id='word_1_426' title='bbox 16 3899 113 3966; x_wconf 77' lang='lat' dir='ltr'>&#39;ticum</span> <span class='ocrx_word' id='word_1_427' title='bbox 134 3908 163 3969; x_wconf 89' lang='lat' dir='ltr'>S.</span> <span class='ocrx_word' id='word_1_428' title='bbox 180 3909 215 3970; x_wconf 82' lang='lat' dir='ltr'>lt.</span> <span class='ocrx_word' id='word_1_429' title='bbox 235 3909 272 3970; x_wconf 82' lang='lat' dir='ltr'>E.</span> <span class='ocrx_word' id='word_1_430' title='bbox 299 3909 509 3971; x_wconf 85' lang='lat' dir='ltr'>cardinalium</span> <span class='ocrx_word' id='word_1_431' title='bbox 533 3911 659 3972; x_wconf 91' lang='lat' dir='ltr'>concilii</span> <span class='ocrx_word' id='word_1_432' title='bbox 682 3913 781 3974; x_wconf 90' lang='lat' dir='ltr'>inter·</span> <span class='ocrx_word' id='word_1_433' title='bbox 834 3912 872 3974; x_wconf 93' lang='lat' dir='ltr'>lis</span> <span class='ocrx_word' id='word_1_434' title='bbox 887 3912 982 3973; x_wconf 89' lang='lat' dir='ltr'>etiam</span> <span class='ocrx_word' id='word_1_435' title='bbox 996 3911 1021 3972; x_wconf 91' lang='lat' dir='ltr'>si</span> <span class='ocrx_word' id='word_1_436' title='bbox 1037 3928 1093 3990; x_wconf 91' lang='lat' dir='ltr'>pro</span> <span class='ocrx_word' id='word_1_437' title='bbox 1108 3910 1234 3972; x_wconf 90' lang='lat' dir='ltr'>illorum</span> <span class='ocrx_word' id='word_1_438' title='bbox 1245 3909 1410 3972; x_wconf 86' lang='lat' dir='ltr'>sutlloienti</span> <span class='ocrx_word' id='word_1_439' title='bbox 1426 3909 1629 3991; x_wconf 88' lang='lat' dir='ltr'>derogatione</span> 
     </span>
     <span class='ocr_line' id='line_1_39' title="bbox 25 3997 1623 4082; baseline 0.008 -31"><span class='ocrx_word' id='word_1_440' title='bbox 25 3997 129 4072; x_wconf 81' lang='lat' dir='ltr'>prelum,</span> <span class='ocrx_word' id='word_1_441' title='bbox 143 3997 190 4058; x_wconf 84' lang='lat' dir='ltr'>rel</span> <span class='ocrx_word' id='word_1_442' title='bbox 204 4015 430 4079; x_wconf 86' lang='lat' dir='ltr'>nonnunquam</span> <span class='ocrx_word' id='word_1_443' title='bbox 440 3999 480 4060; x_wconf 90' lang='lat' dir='ltr'>od</span> <span class='ocrx_word' id='word_1_444' title='bbox 494 3999 632 4079; x_wconf 88' lang='lat' dir='ltr'>aliquam</span> <span class='ocrx_word' id='word_1_445' title='bbox 647 4001 780 4082; x_wconf 86' lang='lat' dir='ltr'>congre-</span> <span class='ocrx_word' id='word_1_446' title='bbox 836 4001 875 4062; x_wconf 88' lang='lat' dir='ltr'>de</span> <span class='ocrx_word' id='word_1_447' title='bbox 898 3999 957 4061; x_wconf 90' lang='lat' dir='ltr'>illis</span> <span class='ocrx_word' id='word_1_448' title='bbox 981 4017 1152 4078; x_wconf 90' lang='lat' dir='ltr'>eorumque</span> <span class='ocrx_word' id='word_1_449' title='bbox 1180 3998 1253 4060; x_wconf 90' lang='lat' dir='ltr'>totis</span> <span class='ocrx_word' id='word_1_450' title='bbox 1275 3998 1438 4060; x_wconf 88' lang='lat' dir='ltr'>tenoribus</span> <span class='ocrx_word' id='word_1_451' title='bbox 1467 4001 1623 4080; x_wconf 89' lang='lat' dir='ltr'>specialis,</span> 
     </span>
     <span class='ocr_line' id='line_1_40' title="bbox 16 4079 1629 4169; baseline 0.005 -27"><span class='ocrx_word' id='word_1_452' title='bbox 16 4079 149 4158; x_wconf 49' lang='lat' dir='ltr'>¹gellonem</span> <span class='ocrx_word' id='word_1_453' title='bbox 169 4085 390 4166; x_wconf 88' lang='lat' dir='ltr'>particularem</span> <span class='ocrx_word' id='word_1_454' title='bbox 404 4086 585 4165; x_wconf 82' lang='lat' dir='ltr'>deputatam</span> <span class='ocrx_word' id='word_1_455' title='bbox 599 4106 618 4149; x_wconf 89' lang='lat' dir='ltr'>a</span> <span class='ocrx_word' id='word_1_456' title='bbox 632 4088 780 4150; x_wconf 89' lang='lat' dir='ltr'>Romanis</span> <span class='ocrx_word' id='word_1_457' title='bbox 835 4087 991 4169; x_wconf 86' lang='lat' dir='ltr'>specifica,</span> <span class='ocrx_word' id='word_1_458' title='bbox 1008 4103 1165 4166; x_wconf 84' lang='lat' dir='ltr'>expressa,</span> <span class='ocrx_word' id='word_1_459' title='bbox 1191 4090 1223 4148; x_wconf 89' lang='lat' dir='ltr'>et</span> <span class='ocrx_word' id='word_1_460' title='bbox 1236 4085 1408 4162; x_wconf 89' lang='lat' dir='ltr'>individua,</span> <span class='ocrx_word' id='word_1_461' title='bbox 1426 4103 1463 4146; x_wconf 91' lang='lat' dir='ltr'>ac</span> <span class='ocrx_word' id='word_1_462' title='bbox 1477 4086 1516 4147; x_wconf 94' lang='lat' dir='ltr'>de</span> <span class='ocrx_word' id='word_1_463' title='bbox 1531 4087 1629 4150; x_wconf 87' lang='lat' dir='ltr'>verbo</span> 
     </span>
     <span class='ocr_line' id='line_1_41' title="bbox 16 4163 1628 4254; baseline 0.006 -26"><span class='ocrx_word' id='word_1_464' title='bbox 16 4163 194 4234; x_wconf 63' lang='lat' dir='ltr'>dactilicibus</span> <span class='ocrx_word' id='word_1_465' title='bbox 207 4191 265 4252; x_wconf 94' lang='lat' dir='ltr'>pro</span> <span class='ocrx_word' id='word_1_466' title='bbox 275 4177 415 4253; x_wconf 90' lang='lat' dir='ltr'>tempore</span> <span class='ocrx_word' id='word_1_467' title='bbox 424 4175 539 4237; x_wconf 89' lang='lat' dir='ltr'>remitti</span> <span class='ocrx_word' id='word_1_468' title='bbox 550 4175 662 4252; x_wconf 90' lang='lat' dir='ltr'>solent,</span> <span class='ocrx_word' id='word_1_469' title='bbox 678 4180 711 4237; x_wconf 93' lang='lat' dir='ltr'>ut</span> <span class='ocrx_word' id='word_1_470' title='bbox 722 4176 780 4236; x_wconf 91' lang='lat' dir='ltr'>hu·</span> <span class='ocrx_word' id='word_1_471' title='bbox 834 4176 1027 4252; x_wconf 89' lang='lat' dir='ltr'>adverbum,</span> <span class='ocrx_word' id='word_1_472' title='bbox 1040 4192 1101 4236; x_wconf 92' lang='lat' dir='ltr'>non</span> <span class='ocrx_word' id='word_1_473' title='bbox 1112 4173 1449 4254; x_wconf 86' lang='lat' dir='ltr'>autem&#39;perolausulas</span> <span class='ocrx_word' id='word_1_474' title='bbox 1462 4175 1628 4254; x_wconf 88' lang='lat' dir='ltr'>generales</span> 
     </span>
     <span class='ocr_line' id='line_1_42' title="bbox 16 4249 1628 4342; baseline 0.004 -24"><span class='ocrx_word' id='word_1_475' title='bbox 16 4249 128 4336; x_wconf 70' lang='lat' dir='ltr'>{jusmodi</span> <span class='ocrx_word' id='word_1_476' title='bbox 148 4260 299 4324; x_wconf 75' lang='lat' dir='ltr'>instantiae</span> <span class='ocrx_word' id='word_1_477' title='bbox 323 4262 432 4324; x_wconf 89' lang='lat' dir='ltr'>ordine</span> <span class='ocrx_word' id='word_1_478' title='bbox 453 4281 490 4324; x_wconf 89' lang='lat' dir='ltr'>ao</span> <span class='ocrx_word' id='word_1_479' title='bbox 513 4262 571 4324; x_wconf 91' lang='lat' dir='ltr'>rite</span> <span class='ocrx_word' id='word_1_480' title='bbox 594 4263 776 4342; x_wconf 90' lang='lat' dir='ltr'>procedant,</span> <span class='ocrx_word' id='word_1_481' title='bbox 834 4264 918 4324; x_wconf 90' lang='lat' dir='ltr'>idem</span> <span class='ocrx_word' id='word_1_482' title='bbox 942 4263 1158 4341; x_wconf 87' lang='lat' dir='ltr'>importantes,</span> <span class='ocrx_word' id='word_1_483' title='bbox 1182 4260 1317 4337; x_wconf 90' lang='lat' dir='ltr'>mentio,</span> <span class='ocrx_word' id='word_1_484' title='bbox 1341 4277 1396 4322; x_wconf 91' lang='lat' dir='ltr'>seu</span> <span class='ocrx_word' id='word_1_485' title='bbox 1422 4260 1540 4340; x_wconf 85' lang='lat' dir='ltr'>quaevis</span> <span class='ocrx_word' id='word_1_486' title='bbox 1565 4263 1628 4325; x_wconf 89' lang='lat' dir='ltr'>alia</span> 
     </span>
     <span class='ocr_line' id='line_1_43' title="bbox 17 4343 1630 4431; baseline 0.005 -28"><span class='ocrx_word' id='word_1_487' title='bbox 17 4343 135 4410; x_wconf 75' lang='lat' dir='ltr'>nimus</span> <span class='ocrx_word' id='word_1_488' title='bbox 159 4367 194 4412; x_wconf 90' lang='lat' dir='ltr'>ac</span> <span class='ocrx_word' id='word_1_489' title='bbox 220 4350 407 4412; x_wconf 89' lang='lat' dir='ltr'>mandamns</span> <span class='ocrx_word' id='word_1_490' title='bbox 431 4353 466 4411; x_wconf 90' lang='lat' dir='ltr'>ut</span> <span class='ocrx_word' id='word_1_491' title='bbox 495 4350 625 4430; x_wconf 84' lang='lat' dir='ltr'>supplex</span> <span class='ocrx_word' id='word_1_492' title='bbox 653 4350 778 4412; x_wconf 89' lang='lat' dir='ltr'>libellus</span> <span class='ocrx_word' id='word_1_493' title='bbox 834 4349 991 4431; x_wconf 88' lang='lat' dir='ltr'>expressio</span> <span class='ocrx_word' id='word_1_494' title='bbox 1014 4347 1174 4426; x_wconf 89' lang='lat' dir='ltr'>habenda,</span> <span class='ocrx_word' id='word_1_495' title='bbox 1197 4353 1253 4408; x_wconf 90' lang='lat' dir='ltr'>aut</span> <span class='ocrx_word' id='word_1_496' title='bbox 1273 4348 1379 4428; x_wconf 89' lang='lat' dir='ltr'>aliqua</span> <span class='ocrx_word' id='word_1_497' title='bbox 1396 4347 1458 4410; x_wconf 88' lang='lat' dir='ltr'>alia</span> <span class='ocrx_word' id='word_1_498' title='bbox 1476 4347 1630 4428; x_wconf 84' lang='lat' dir='ltr'>exquisita</span> 
     </span>
     <span class='ocr_line' id='line_1_44' title="bbox 17 4427 1630 4519; baseline 0.005 -29"><span class='ocrx_word' id='word_1_499' title='bbox 17 4427 159 4516; x_wconf 58' lang='lat' dir='ltr'>liobisflel</span> <span class='ocrx_word' id='word_1_500' title='bbox 169 4439 306 4499; x_wconf 78' lang='lat' dir='ltr'>Romano</span> <span class='ocrx_word' id='word_1_501' title='bbox 317 4438 457 4500; x_wconf 82' lang='lat' dir='ltr'>Pontifici</span> <span class='ocrx_word' id='word_1_502' title='bbox 471 4456 528 4518; x_wconf 91' lang='lat' dir='ltr'>pro</span> <span class='ocrx_word' id='word_1_503' title='bbox 539 4443 679 4519; x_wconf 89' lang='lat' dir='ltr'>tempore</span> <span class='ocrx_word' id='word_1_504' title='bbox 694 4437 779 4499; x_wconf 91' lang='lat' dir='ltr'>exhi·</span> <span class='ocrx_word' id='word_1_505' title='bbox 832 4439 935 4500; x_wconf 85' lang='lat' dir='ltr'>forma</span> <span class='ocrx_word' id='word_1_506' title='bbox 948 4437 978 4497; x_wconf 95' lang='lat' dir='ltr'>in</span> <span class='ocrx_word' id='word_1_507' title='bbox 989 4435 1049 4496; x_wconf 90' lang='lat' dir='ltr'>illis</span> <span class='ocrx_word' id='word_1_508' title='bbox 1059 4434 1175 4496; x_wconf 89' lang='lat' dir='ltr'>tradita</span> <span class='ocrx_word' id='word_1_509' title='bbox 1185 4435 1352 4498; x_wconf 87' lang='lat' dir='ltr'>observata</span> <span class='ocrx_word' id='word_1_510' title='bbox 1362 4435 1630 4515; x_wconf 81' lang='lat' dir='ltr'>eisdempraesen·</span> 
     </span>
     <span class='ocr_line' id='line_1_45' title="bbox 17 4513 1629 4605; baseline 0.002 -24"><span class='ocrx_word' id='word_1_511' title='bbox 17 4513 117 4600; x_wconf 78' lang='lat' dir='ltr'>litentur,</span> <span class='ocrx_word' id='word_1_512' title='bbox 137 4524 166 4584; x_wconf 92' lang='lat' dir='ltr'>in</span> <span class='ocrx_word' id='word_1_513' title='bbox 188 4541 249 4605; x_wconf 91' lang='lat' dir='ltr'>quo</span> <span class='ocrx_word' id='word_1_514' title='bbox 267 4525 370 4604; x_wconf 89' lang='lat' dir='ltr'>plena,</span> <span class='ocrx_word' id='word_1_515' title='bbox 386 4529 418 4586; x_wconf 93' lang='lat' dir='ltr'>et</span> <span class='ocrx_word' id='word_1_516' title='bbox 431 4529 578 4587; x_wconf 89' lang='lat' dir='ltr'>accurata</span> <span class='ocrx_word' id='word_1_517' title='bbox 592 4525 688 4588; x_wconf 88' lang='lat' dir='ltr'>totius</span> <span class='ocrx_word' id='word_1_518' title='bbox 702 4525 776 4586; x_wconf 89' lang='lat' dir='ltr'>iacti</span> <span class='ocrx_word' id='word_1_519' title='bbox 832 4526 916 4588; x_wconf 89' lang='lat' dir='ltr'>tibus</span> <span class='ocrx_word' id='word_1_520' title='bbox 939 4543 996 4605; x_wconf 92' lang='lat' dir='ltr'>pro</span> <span class='ocrx_word' id='word_1_521' title='bbox 1020 4524 1174 4603; x_wconf 86' lang='lat' dir='ltr'>expressis</span> <span class='ocrx_word' id='word_1_522' title='bbox 1195 4528 1226 4585; x_wconf 89' lang='lat' dir='ltr'>et</span> <span class='ocrx_word' id='word_1_523' title='bbox 1244 4523 1367 4586; x_wconf 88' lang='lat' dir='ltr'>insertis</span> <span class='ocrx_word' id='word_1_524' title='bbox 1381 4523 1545 4601; x_wconf 89' lang='lat' dir='ltr'>habentes,</span> <span class='ocrx_word' id='word_1_525' title='bbox 1568 4524 1629 4586; x_wconf 89' lang='lat' dir='ltr'>illis</span> 
     </span>
     <span class='ocr_line' id='line_1_46' title="bbox 17 4607 1629 4694; baseline 0.005 -28"><span class='ocrx_word' id='word_1_526' title='bbox 17 4607 116 4684; x_wconf 64' lang='lat' dir='ltr'>speeies</span> <span class='ocrx_word' id='word_1_527' title='bbox 133 4613 331 4688; x_wconf 90' lang='lat' dir='ltr'>contineatur,</span> <span class='ocrx_word' id='word_1_528' title='bbox 358 4631 522 4694; x_wconf 76' lang='lat' dir='ltr'>causaque</span> <span class='ocrx_word' id='word_1_529' title='bbox 550 4632 659 4676; x_wconf 92' lang='lat' dir='ltr'>omnes</span> <span class='ocrx_word' id='word_1_530' title='bbox 686 4613 717 4674; x_wconf 93' lang='lat' dir='ltr'>in</span> <span class='ocrx_word' id='word_1_531' title='bbox 741 4629 777 4674; x_wconf 92' lang='lat' dir='ltr'>eo</span> <span class='ocrx_word' id='word_1_532' title='bbox 833 4613 910 4675; x_wconf 85' lang='lat' dir='ltr'>alios</span> <span class='ocrx_word' id='word_1_533' title='bbox 933 4613 965 4673; x_wconf 93' lang='lat' dir='ltr'>in</span> <span class='ocrx_word' id='word_1_534' title='bbox 986 4630 1043 4674; x_wconf 91' lang='lat' dir='ltr'>suo</span> <span class='ocrx_word' id='word_1_535' title='bbox 1063 4611 1176 4674; x_wconf 88' lang='lat' dir='ltr'>roboro</span> <span class='ocrx_word' id='word_1_536' title='bbox 1191 4611 1414 4691; x_wconf 91' lang='lat' dir='ltr'>permansuris,</span> <span class='ocrx_word' id='word_1_537' title='bbox 1430 4612 1472 4674; x_wconf 90' lang='lat' dir='ltr'>ad</span> <span class='ocrx_word' id='word_1_538' title='bbox 1486 4613 1629 4691; x_wconf 82' lang='lat' dir='ltr'>praemis-</span> 
     </span>
     <span class='ocr_line' id='line_1_47' title="bbox 17 4687 1628 4781; baseline 0.002 -23"><span class='ocrx_word' id='word_1_539' title='bbox 17 4687 211 4777; x_wconf 68' lang='lat' dir='ltr'>apricantur,</span> <span class='ocrx_word' id='word_1_540' title='bbox 227 4718 297 4780; x_wconf 83' lang='lat' dir='ltr'>quae</span> <span class='ocrx_word' id='word_1_541' title='bbox 307 4700 348 4762; x_wconf 91' lang='lat' dir='ltr'>ad</span> <span class='ocrx_word' id='word_1_542' title='bbox 357 4701 560 4764; x_wconf 89' lang='lat' dir='ltr'>obtinendam</span> <span class='ocrx_word' id='word_1_543' title='bbox 570 4701 700 4781; x_wconf 89' lang='lat' dir='ltr'>petitam</span> <span class='ocrx_word' id='word_1_544' title='bbox 715 4701 778 4761; x_wconf 91' lang='lat' dir='ltr'>dis·</span> <span class='ocrx_word' id='word_1_545' title='bbox 832 4719 940 4764; x_wconf 90' lang='lat' dir='ltr'>sorum</span> <span class='ocrx_word' id='word_1_546' title='bbox 963 4703 1109 4762; x_wconf 82' lang='lat' dir='ltr'>effectum</span> <span class='ocrx_word' id='word_1_547' title='bbox 1132 4699 1191 4762; x_wconf 90' lang='lat' dir='ltr'>hac</span> <span class='ocrx_word' id='word_1_548' title='bbox 1215 4699 1283 4761; x_wconf 86' lang='lat' dir='ltr'>vice</span> <span class='ocrx_word' id='word_1_549' title='bbox 1305 4699 1470 4762; x_wconf 86' lang='lat' dir='ltr'>dumtaxat</span> <span class='ocrx_word' id='word_1_550' title='bbox 1482 4719 1628 4780; x_wconf 86' lang='lat' dir='ltr'>expresse</span> 
     </span>
     <span class='ocr_line' id='line_1_48' title="bbox 17 4785 1630 4869; baseline 0 -19"><span class='ocrx_word' id='word_1_551' title='bbox 17 4785 202 4860; x_wconf 65' lang='lat' dir='ltr'>,amtorem</span> <span class='ocrx_word' id='word_1_552' title='bbox 223 4788 398 4851; x_wconf 89' lang='lat' dir='ltr'>conducere</span> <span class='ocrx_word' id='word_1_553' title='bbox 422 4807 512 4868; x_wconf 90' lang='lat' dir='ltr'>posse</span> <span class='ocrx_word' id='word_1_554' title='bbox 540 4808 559 4850; x_wconf 91' lang='lat' dir='ltr'>a</span> <span class='ocrx_word' id='word_1_555' title='bbox 581 4790 776 4868; x_wconf 88' lang='lat' dir='ltr'>supplicante</span> <span class='ocrx_word' id='word_1_556' title='bbox 834 4791 1032 4868; x_wconf 89' lang='lat' dir='ltr'>derogamus,</span> <span class='ocrx_word' id='word_1_557' title='bbox 1049 4787 1232 4869; x_wconf 79' lang='lat' dir='ltr'>ceterisque</span> <span class='ocrx_word' id='word_1_558' title='bbox 1247 4788 1412 4850; x_wconf 87' lang='lat' dir='ltr'>contrariis</span> <span class='ocrx_word' id='word_1_559' title='bbox 1427 4789 1630 4869; x_wconf 90' lang='lat' dir='ltr'>quibuscum-</span> 
     </span>
     <span class='ocr_line' id='line_1_49' title="bbox 17 4875 1628 4958; baseline 0.004 -28"><span class='ocrx_word' id='word_1_560' title='bbox 17 4875 167 4952; x_wconf 63' lang='lat' dir='ltr'>frenentur,</span> <span class='ocrx_word' id='word_1_561' title='bbox 190 4879 224 4939; x_wconf 91' lang='lat' dir='ltr'>ut</span> <span class='ocrx_word' id='word_1_562' title='bbox 245 4879 402 4938; x_wconf 85' lang='lat' dir='ltr'>Romanus</span> <span class='ocrx_word' id='word_1_563' title='bbox 424 4876 565 4940; x_wconf 83' lang='lat' dir='ltr'>Pontifex</span> <span class='ocrx_word' id='word_1_564' title='bbox 587 4895 623 4939; x_wconf 90' lang='lat' dir='ltr'>eo</span> <span class='ocrx_word' id='word_1_565' title='bbox 638 4877 730 4955; x_wconf 91' lang='lat' dir='ltr'>lecto,</span> <span class='ocrx_word' id='word_1_566' title='bbox 747 4880 779 4939; x_wconf 88' lang='lat' dir='ltr'>et</span> <span class='ocrx_word' id='word_1_567' title='bbox 833 4897 905 4958; x_wconf 92' lang='lat' dir='ltr'>que.</span> <span class='ocrx_word' id='word_1_568' title='bbox 922 4878 1073 4940; x_wconf 79' lang='lat' dir='ltr'>Volumus</span> <span class='ocrx_word' id='word_1_569' title='bbox 1087 4880 1204 4953; x_wconf 89' lang='lat' dir='ltr'>autem,</span> <span class='ocrx_word' id='word_1_570' title='bbox 1229 4879 1265 4937; x_wconf 89' lang='lat' dir='ltr'>ut</span> <span class='ocrx_word' id='word_1_571' title='bbox 1286 4880 1457 4954; x_wconf 77' lang='lat' dir='ltr'>praesentes</span> <span class='ocrx_word' id='word_1_572' title='bbox 1470 4876 1582 4938; x_wconf 77' lang='lat' dir='ltr'>littera</span> <span class='ocrx_word' id='word_1_573' title='bbox 1595 4877 1628 4936; x_wconf 92' lang='lat' dir='ltr'>in</span> 
     </span>
     <span class='ocr_line' id='line_1_50' title="bbox 17 4959 1629 5045; baseline 0.003 -27"><span class='ocrx_word' id='word_1_574' title='bbox 17 4959 119 5040; x_wconf 63' lang='lat' dir='ltr'>{nature</span> <span class='ocrx_word' id='word_1_575' title='bbox 136 4964 336 5042; x_wconf 89' lang='lat' dir='ltr'>considerato,</span> <span class='ocrx_word' id='word_1_576' title='bbox 356 4983 463 5026; x_wconf 89' lang='lat' dir='ltr'>secum</span> <span class='ocrx_word' id='word_1_577' title='bbox 482 4964 657 5026; x_wconf 89' lang='lat' dir='ltr'>deliberare</span> <span class='ocrx_word' id='word_1_578' title='bbox 679 4965 778 5045; x_wconf 88' lang='lat' dir='ltr'>possit</span> <span class='ocrx_word' id='word_1_579' title='bbox 832 4966 931 5028; x_wconf 82' lang='lat' dir='ltr'>valvis</span> <span class='ocrx_word' id='word_1_580' title='bbox 958 4965 1105 5027; x_wconf 80' lang='lat' dir='ltr'>Ecclesiae</span> <span class='ocrx_word' id='word_1_581' title='bbox 1137 4962 1375 5040; x_wconf 84' lang='lat' dir='ltr'>Lateranensis,</span> <span class='ocrx_word' id='word_1_582' title='bbox 1408 4969 1440 5025; x_wconf 88' lang='lat' dir='ltr'>et</span> <span class='ocrx_word' id='word_1_583' title='bbox 1475 4963 1629 5043; x_wconf 91' lang='lat' dir='ltr'>Principis</span> 
     </span>
     <span class='ocr_line' id='line_1_51' title="bbox 17 5046 1622 5218; baseline 0.007 -30"><span class='ocrx_word' id='word_1_584' title='bbox 17 5046 225 5200; x_wconf 74' lang='lat' dir='ltr'>lltlttt</span> <span class='ocrx_word' id='word_1_585' title='bbox 239 5049 669 5204; x_wconf 69' lang='lat' dir='ltr'>ltlllt„tl5ttlltttl</span> <span class='ocrx_word' id='word_1_586' title='bbox 683 5053 777 5204; x_wconf 63' lang='lat' dir='ltr'>3qu</span> <span class='ocrx_word' id='word_1_587' title='bbox 832 5050 1622 5218; x_wconf 59' lang='lat' dir='ltr'>ltt‘titalilllttllltltltltt</span> 
     </span>
     <span class='ocr_line' id='line_1_52' title="bbox 17 5179 1625 5214; baseline 0.002 -4"><span class='ocrx_word' id='word_1_588' title='bbox 17 5179 19 5210; x_wconf 82' lang='lat' dir='ltr'>i</span> <span class='ocrx_word' id='word_1_589' title='bbox 1396 5183 1403 5213; x_wconf 84' lang='lat' dir='ltr'>i</span> <span class='ocrx_word' id='word_1_590' title='bbox 1617 5183 1625 5214; x_wconf 76' lang='lat' dir='ltr'>i</span> 
     </span>
     <span class='ocr_line' id='line_1_53' title="bbox 17 5157 1623 5314; baseline 0 -28"><span class='ocrx_word' id='word_1_591' title='bbox 17 5219 192 5314; x_wconf 61' lang='lat' dir='ltr'>ilssittqnam</span> <span class='ocrx_word' id='word_1_592' title='bbox 206 5157 306 5287; x_wconf 54' lang='lat' dir='ltr'>adumg</span> <span class='ocrx_word' id='word_1_593' title='bbox 316 5233 423 5290; x_wconf 89' lang='lat' dir='ltr'>votum</span> <span class='ocrx_word' id='word_1_594' title='bbox 437 5228 645 5290; x_wconf 88' lang='lat' dir='ltr'>consultivum</span> <span class='ocrx_word' id='word_1_595' title='bbox 658 5161 777 5290; x_wconf 47' lang='lat' dir='ltr'>{acidum</span> <span class='ocrx_word' id='word_1_596' title='bbox 832 5229 1031 5308; x_wconf 89' lang='lat' dir='ltr'>publicentur</span> <span class='ocrx_word' id='word_1_597' title='bbox 1053 5229 1084 5288; x_wconf 88' lang='lat' dir='ltr'>et</span> <span class='ocrx_word' id='word_1_598' title='bbox 1106 5227 1288 5305; x_wconf 89' lang='lat' dir='ltr'>alligantur,</span> <span class='ocrx_word' id='word_1_599' title='bbox 1315 5225 1421 5304; x_wconf 90' lang='lat' dir='ltr'>sicque</span> <span class='ocrx_word' id='word_1_600' title='bbox 1445 5224 1623 5302; x_wconf 83' lang='lat' dir='ltr'>publicatae,</span> 
     </span>
     <span class='ocr_line' id='line_1_54' title="bbox 17 5299 1627 5396; baseline -0.001 -22"><span class='ocrx_word' id='word_1_601' title='bbox 17 5299 106 5386; x_wconf 78' lang='lat' dir='ltr'>licerit,</span> <span class='ocrx_word' id='word_1_602' title='bbox 126 5330 143 5372; x_wconf 91' lang='lat' dir='ltr'>o</span> <span class='ocrx_word' id='word_1_603' title='bbox 162 5313 324 5376; x_wconf 78' lang='lat' dir='ltr'>secretario</span> <span class='ocrx_word' id='word_1_604' title='bbox 351 5315 492 5396; x_wconf 87' lang='lat' dir='ltr'>ejusdem</span> <span class='ocrx_word' id='word_1_605' title='bbox 520 5315 778 5395; x_wconf 85' lang='lat' dir='ltr'>Congregotionis</span> <span class='ocrx_word' id='word_1_606' title='bbox 833 5321 864 5377; x_wconf 88' lang='lat' dir='ltr'>et</span> <span class='ocrx_word' id='word_1_607' title='bbox 878 5316 978 5376; x_wconf 82' lang='lat' dir='ltr'>affixa</span> <span class='ocrx_word' id='word_1_608' title='bbox 994 5311 1483 5392; x_wconf 81' lang='lat' dir='ltr'>omnes,etsingu10e,quosiliae</span> <span class='ocrx_word' id='word_1_609' title='bbox 1499 5330 1627 5374; x_wconf 90' lang='lat' dir='ltr'>concer-</span> 
     </span>
    </p>
   </div>
   <div class='ocr_carea' id='block_1_3' title="bbox 18 5375 1627 5574">
    <p class='ocr_par' dir='ltr' id='par_1_4' title="bbox 18 5375 1627 5574">
     <span class='ocr_line' id='line_1_55' title="bbox 18 5375 1627 5481; baseline -0.001 -20"><span class='ocrx_word' id='word_1_610' title='bbox 18 5375 100 5472; x_wconf 74' lang='lat' dir='ltr'>ictas</span> <span class='ocrx_word' id='word_1_611' title='bbox 118 5403 223 5481; x_wconf 90' lang='lat' dir='ltr'>negotii</span> <span class='ocrx_word' id='word_1_612' title='bbox 244 5401 339 5464; x_wconf 87' lang='lat' dir='ltr'>series</span> <span class='ocrx_word' id='word_1_613' title='bbox 357 5407 465 5466; x_wconf 86' lang='lat' dir='ltr'>exacte</span> <span class='ocrx_word' id='word_1_614' title='bbox 481 5406 621 5465; x_wconf 88' lang='lat' dir='ltr'>Romano</span> <span class='ocrx_word' id='word_1_615' title='bbox 636 5403 777 5464; x_wconf 83' lang='lat' dir='ltr'>Pontifici</span> <span class='ocrx_word' id='word_1_616' title='bbox 834 5406 921 5478; x_wconf 90' lang='lat' dir='ltr'>nunt,</span> <span class='ocrx_word' id='word_1_617' title='bbox 947 5401 1077 5481; x_wconf 86' lang='lat' dir='ltr'>perinde</span> <span class='ocrx_word' id='word_1_618' title='bbox 1102 5403 1233 5475; x_wconf 82' lang='lat' dir='ltr'>arctant,</span> <span class='ocrx_word' id='word_1_619' title='bbox 1250 5402 1282 5460; x_wconf 91' lang='lat' dir='ltr'>et</span> <span class='ocrx_word' id='word_1_620' title='bbox 1299 5397 1446 5474; x_wconf 85' lang='lat' dir='ltr'>afficiant,</span> <span class='ocrx_word' id='word_1_621' title='bbox 1468 5415 1506 5459; x_wconf 86' lang='lat' dir='ltr'>ac</span> <span class='ocrx_word' id='word_1_622' title='bbox 1519 5398 1545 5459; x_wconf 91' lang='lat' dir='ltr'>si</span> <span class='ocrx_word' id='word_1_623' title='bbox 1560 5398 1627 5459; x_wconf 91' lang='lat' dir='ltr'>uni·</span> 
     </span>
     <span class='ocr_line' id='line_1_56' title="bbox 33 5485 1627 5574; baseline -0.008 -18.121"><span class='ocrx_word' id='word_1_624' title='bbox 18 5493 72 5568; x_wconf 72' lang='lat' dir='ltr'>li⁰</span> <span class='ocrx_word' id='word_1_625' title='bbox 83 5487 201 5568; x_wconf 79' lang='lat' dir='ltr'>tempore</span> <span class='ocrx_word' id='word_1_626' title='bbox 214 5491 373 5570; x_wconf 79' lang='lat' dir='ltr'>referatur,</span> <span class='ocrx_word' id='word_1_627' title='bbox 400 5493 452 5574; x_wconf 92' lang='lat' dir='ltr'>qui</span> <span class='ocrx_word' id='word_1_628' title='bbox 468 5511 526 5572; x_wconf 92' lang='lat' dir='ltr'>pro</span> <span class='ocrx_word' id='word_1_629' title='bbox 540 5511 596 5554; x_wconf 88' lang='lat' dir='ltr'>sua</span> <span class='ocrx_word' id='word_1_630' title='bbox 611 5491 779 5571; x_wconf 89' lang='lat' dir='ltr'>prudentia</span> <span class='ocrx_word' id='word_1_631' title='bbox 833 5490 946 5570; x_wconf 89' lang='lat' dir='ltr'>cuique</span> <span class='ocrx_word' id='word_1_632' title='bbox 961 5505 1071 5550; x_wconf 90' lang='lat' dir='ltr'>eorum</span> <span class='ocrx_word' id='word_1_633' title='bbox 1085 5487 1281 5564; x_wconf 88' lang='lat' dir='ltr'>nominatim,</span> <span class='ocrx_word' id='word_1_634' title='bbox 1298 5489 1329 5546; x_wconf 91' lang='lat' dir='ltr'>et</span> <span class='ocrx_word' id='word_1_635' title='bbox 1338 5486 1544 5565; x_wconf 87' lang='lat' dir='ltr'>personaliter</span> <span class='ocrx_word' id='word_1_636' title='bbox 1557 5485 1627 5550; x_wconf 90' lang='lat' dir='ltr'>inti·</span> 
     </span>
    </p>
   </div>
   <div class='ocr_carea' id='block_1_4' title="bbox 0 0 1992 6340">
    <p class='ocr_par' dir='ltr' id='par_1_5' title="bbox 0 0 1992 6340">
     <span class='ocr_line' id='line_1_57' title="bbox 0 0 1992 6340; baseline 0 0"><span class='ocrx_word' id='word_1_637' title='bbox 0 0 1992 6340; x_wconf 95' lang='lat' dir='ltr'> </span> 
     </span>
    </p>
   </div>
  </div>
 </body>
</html>
