3946 6346
315 565 346 640 M
665 559 784 636 leuel
808 555 980 634 desueti.
1304 559 1336 638 M

27 767 71 823 lide
87 766 216 820 contrehit
240 775 331 815 corum
349 760 463 814 Perochi
485 761 615 812 Dioeeesis
637 759 798 826 peregrine,

27 843 66 893 lt
105 837 263 900 .3,8.188.

51 855 126 971 8818188,
142 910 163 959 81
188 909 225 958 818
244 905 371 957 88881888
389 905 522 970 Principis
545 903 647 955 bellem
670 901 798 966 gerentis,

26 995 70 1034 eon
83 981 184 1031 tenetur
197 977 337 1040 inquirere
354 976 516 1040 injustitiam
526 973 600 1034 belli,
612 972 733 1036 quaudiu
748 972 801 1021 du·

26 1053 90 1104 bium
102 1049 245 1116 posideum
261 1060 316 1097 non
331 1045 460 1118 88888188
476 1048 533 1110 elus
550 1043 683 1108 injustitia
695 1062 701 1093 :
713 1042 734 1092 si
746 1054 801 1092 nou

27 1121 55 1172 sit
67 1119 186 1170 subditus
204 1116 338 1180 Principis
353 1115 437 1176 illius,
452 1119 561 1166 tenetur
574 1114 650 1179 prius
664 1113 801 1176 inquirere

25 1191 170 1256 injustitiam
186 1189 251 1240 belli
267 1191 294 1238 et
312 1188 425 1237 tonuere
442 1185 587 1250 judicium,
606 1185 678 1248 quod
696 1185 802 1248 811888-

26 1265 81 1320 tum,
94 1265 238 1324 antequam
253 1256 388 1322 stipendis
404 1258 549 1317 mercetur,
562 1255 580 1305 1.
596 1257 620 1316 3,
632 1270 657 1320 8.
675 1258 698 1316 8,
708 1269 735 1305 n.
746 1255 801 1304 881.

49 1332 116 1381 111188
128 1329 291 1393 intelligens,
303 1327 406 1378 bellum
417 1340 473 1378 esse
485 1327 628 1391 injustum,
640 1327 666 1375 in
683 1339 737 1390 quo
753 1330 804 1385 est,

24 1403 67 1453 uisi
79 1401 149 1461 velit,
165 1412 247 1464 quem
263 1399 381 1462 primum
395 1400 493 1461 potest,
505 1411 598 1448 curare
615 1397 803 1447 dimissionem

24 1477 46 1522 et
57 1473 150 1522 interea
167 1471 304 1521 abstinere
318 1470 353 1519 ab
366 1469 474 1519 actibus
493 1468 663 1531 hostilitatis,
683 1480 740 1518 non
754 1479 803 1531 po·

24 1541 193 1601 testabsolvi;
209 1540 288 1590 sicuti
309 1552 359 1589 nec
381 1537 438 1601 ille,
453 1539 501 1602 qui
522 1542 631 1603 paratus
651 1543 691 1589 est
705 1538 804 1588 mereri

24 1617 47 1667 iu
60 1615 125 1666 bello
143 1616 219 1680 justo
239 1615 266 1663 et
286 1611 397 1675 1888888,
413 1611 465 1659 8181
485 1613 603 1660 mentem
621 1609 746 1672 corriget,
766 1609 804 1658 ib·

24 1687 105 1748 08118
120 1685 193 1736 88118
218 1684 317 1747 injusto
339 1681 475 1745 stipendia
492 1683 621 1740 meretur,
646 1683 756 1730 tenetur
768 1677 804 1728 ad

22 1756 210 1808 restitutionem
225 1748 398 1812 damnorum,
409 1752 462 1802 uisi
479 1751 631 1814 ignorantie
651 1749 805 1812 inculpabi-

24 1827 51 1878 lis
62 1829 183 1887 excuset,
197 1828 256 1875 tum
270 1823 344 1873 enim
358 1825 466 1872 tantum
483 1825 592 1872 tenetur
604 1819 638 1870 ed
654 1819 806 1871 restitutio·

22 1911 75 1948 uem
98 1910 201 1958 eorum,
218 1897 247 1946 in
270 1893 368 1958 quihus
392 1892 479 1944 888888
502 1897 543 1943 888
559 1893 653 1952 (811188,
669 1891 705 1941 18.
731 1891 804 1940 Boua

22 1967 66 2018 tide
87 1966 208 2017 militans
235 1963 373 2014 intellecta
402 1965 493 2026 postea
519 1961 583 2012 belli
608 1960 752 2025 injustitie,
776 1958 804 2009 id

22 2040 115 2088 butum
136 2039 248 2086 tenetur
268 2034 423 2094 restituere,
446 2030 518 2095 quod
541 2030 630 2081 adbuc
653 2031 752 2080 hebeat
772 2043 806 2079 ex

21 2108 111 2172 preda,
124 2107 169 2157 vel
184 2107 214 2156 iu
228 2117 281 2169 quo
296 2105 381 2154 iectus
395 2107 435 2153 est
448 2103 542 2164 ditior,
556 2101 574 2151 l.
590 2103 613 2163 3,
630 2117 655 2167 8.
670 2105 694 2163 2,
711 2115 737 2152 u.
749 2104 804 2152 111.

22 2178 109 2227 81111888
123 2177 231 2242 privata
252 2174 415 2224 anctoritate
434 2173 537 2237 prsedes
553 2185 641 2236 agere,
655 2176 703 2224 aut
719 2172 805 2222 hosti·

22 2247 66 2298 hes
86 2247 185 2298 dasena
208 2244 308 2295 interra
332 2257 389 2294 uon
412 2247 535 2308 possunt,
559 2243 666 2294 etiamsi
689 2243 753 2292 urbs
777 2243 806 2292 in

21 2317 129 2380 predam
140 2316 232 2376 detur,
247 2315 265 2364 l.
280 2316 306 2375 3,
320 2327 345 2378 p.
358 2319 381 2375 1,
397 2328 424 2363 8.
444 2315 498 2364 880.
516 2315 615 2364 Milites
629 2313 808 2378 probabiliter

21 2391 140 2438 tenentur
157 2391 266 2438 teuteus
285 2385 319 2434 ad
338 2385 479 2446 domuum,
495 2385 568 2449 quod
589 2385 639 2448 ipsi
656 2383 809 2436 intulerunt

20 2457 45 2507 in
58 2458 155 2521 injusta
169 2456 333 2520 spoliatione
346 2454 433 2516 urhis,
445 2454 472 2503 iu
488 2455 686 2516 combustione,
695 2454 806 2504 mutila-

19 2529 95 2590 tione,
110 2533 161 2579 etc.
180 2528 216 2576 ib.
241 2525 258 2575 l.
282 2526 306 2586 3,
321 2539 347 2589 p.
365 2526 389 2586 8,
405 2538 431 2574 8.
456 2526 495 2574 88.
511 2525 626 2574 Peccaut
649 2535 808 2574 remouere

20 2597 183 2659 restituendi,
199 2597 223 2646 si
243 2595 338 2646 invitis
358 2595 423 2656 11118,
442 2594 514 2659 apud
534 2608 603 2659 quos
623 2595 806 2659 hospitentur,

19 2665 57 2717 sel
71 2679 119 2731 per
136 2679 206 2732 quos
225 2670 378 2728 transeunt,
397 2665 502 2729 aliquid
521 2665 654 2726 auferent,
668 2664 739 2714 doue
760 2677 808 2713 ex-

19 2741 168 2802 torqueant,
182 2741 256 2788 metn
271 2740 383 2800 cogente
397 2737 490 2800 aliqua
508 2736 673 2799 accipiente
687 2735 807 2798 rusticis,

20 2813 75 2870 888,
93 2811 148 2859 nisi
163 2810 263 2860 sintin
283 2811 412 2868 extrema,
436 2807 478 2858 vel
493 2807 587 2856 saltem
601 2807 675 2870 gravi
690 2807 808 2858 necessi·

19 2878 808 2945 1888,1.3,8.1,ιι.88,1.9,8.1,8.18.1.181888888-

18 2949 103 3000 hntur
119 2953 149 3002 in
172 2955 245 3002 terra
262 2950 365 3013 hostili,
380 2963 435 3000 nou
449 2953 541 3000 eutem
557 2950 586 2998 in
599 2949 696 3010 amica,
711 2950 733 2998 si
749 2962 811 3012 pre·

18 3020 53 3070 tio
67 3021 201 3084 pabutum
215 3033 372 3084 comperero
382 3023 511 3084 possunt;
528 3019 706 3082 probabiliter
719 3025 810 3070 iernen

18 3091 140 3142 88888818
154 3095 226 3142 terra
244 3091 331 3140 amica
350 3090 424 3140 licite
444 3091 619 3155 pabulantes,
633 3090 743 3154 quaudo
762 3103 811 3153 pro

18 3161 135 3214 utilitate
150 3162 303 3212 Provincia
317 3161 419 3212 bellum
432 3161 544 3224 geritur,
561 3160 577 3209 l.
593 3161 617 3221 3,
633 3174 657 3224 p.
675 3163 698 3222 8,
713 3175 740 3210 8.
755 3161 811 3212 883.

46 3235 125 3286 181188
144 3247 196 3299 pro
212 3239 328 3297 utreque
344 3245 474 3297 pugnare,
491 3235 588 3296 potest,
607 3233 629 3281 ei
644 3245 693 3296 pre
706 3233 813 3297 justitia

19 3305 84 3356 belii
109 3307 243 3370 utrinque
259 3305 314 3354 sint
332 3305 451 3354 rationes
473 3303 638 3365 8888881888,
660 3317 687 3356 8.
712 3307 767 3354 881.
786 3305 814 3357 Ss

17 3378 160 3440 morietur,
174 3378 220 3440 jes
241 3375 276 3426 ed
290 3374 458 3438 stipendium
472 3374 544 3438 qood
561 3375 682 3424 lucratus
697 3379 746 3436 est,
765 3375 813 3425 de·

16 3448 138 3500 solvitur
159 3448 196 3498 sd
218 3447 348 3508 haeredes,
373 3459 399 3494 n.
417 3447 470 3495 819.
489 3444 565 3494 811188
589 3449 698 3495 tenetur
714 3446 814 3510 persis·

18 3521 73 3569 tere
87 3521 119 3570 in
134 3519 264 3579 statione,
284 3517 333 3567 etsi
349 3519 463 3566 mortem
480 3519 554 3566 certo
577 3517 727 3580 provideat.
748 3517 814 3567 item

17 3595 105 3656 petest
120 3590 304 3656 probabiliter
316 3589 350 3639 ed
367 3587 540 3638 evertendum
556 3589 654 3638 turrim
675 3588 814 3651 hostilem,

17 3665 47 3711 ut
61 3663 96 3712 ad
113 3661 270 3726 perdendos
279 3660 371 3709 hostes
385 3658 523 3722 pulverem
538 3657 699 3721 incendere,
717 3672 817 3710 navem

17 3735 66 3782 sut
81 3733 234 3783 incendere
252 3732 299 3780 sut
321 3741 452 3792 mergere,
477 3741 511 3778 ne
535 3728 622 3780 hostis
643 3742 674 3780 ee
696 3731 819 3793 potiatur

16 3815 78 3854 cem
98 3804 180 3868 gravi
205 3801 369 3866 lieipublicae
392 3799 503 3861 damno,
532 3800 582 3849 etsi
611 3801 760 3863 praevideat
785 3813 816 3852 88

17 3877 93 3927 serto
108 3872 304 3936 occidendum,
314 3875 377 3934 etc,
387 3882 414 3921 n.
430 3871 484 3932 189,
499 3871 554 3921 188.
569 3870 601 3921 V.
617 3869 722 3922 Bellum

351 3995 483 4047 MlblMA.

48 4101 153 4228 83τί818
180 4097 317 4154 secularis
343 4099 409 4152 tecit
435 4113 530 4152 vacare
569 4099 713 4164 Beneficia,
746 4099 764 4150 l.
792 4101 816 4158 1,

15 4187 44 4228 8.
112 4209 119 4227 .

189 4261 342 4314 Menestas
360 4261 654 4314 SACRAMENTORUM.

47 4360 181 4412 Minister
194 4361 429 4412 sacramentorum
444 4371 522 4409 novae
543 4357 612 4422 legis
627 4362 676 4420 est,
694 4358 741 4422 qui
768 4371 818 4408 uo·

17 4433 97 4482 mine
123 4430 223 4482 Christi
247 4441 361 4493 operans
382 4430 585 4480 Sacramentum
609 4429 728 4490 conficit,
752 4429 769 4479 l.
794 4430 818 4490 8,

16 4515 44 4568 8.
64 4505 90 4565 t,
108 4515 140 4552 n.
157 4503 195 4552 19.
210 4500 320 4563 Detege
335 4499 472 4550 ordinarie
488 4503 515 4550 et
529 4512 562 4550 es
579 4500 605 4548 vi
620 4499 756 4550 modemoe
776 4500 819 4549 iu·

17 4573 191 4632 stitutionis,
207 4571 332 4621 minister
346 4571 581 4622 sacramentorum
596 4574 637 4621 888
651 4570 724 4620 88188
737 4567 819 4621 honre

18 4645 133 4704 sistor,
156 4643 221 4694 hinc
243 4642 266 4691 si
290 4641 351 4705 quis
377 4641 592 4692 extraordinarie
615 4643 738 4703 8118888,
753 4655 778 4692 v.
793 4655 818 4705 g.

16 4713 247 4766 absolvereture
265 4711 392 4776 peccetis,
410 4711 473 4762 tatis
497 4715 619 4762 maneret
633 4712 771 4776 obligatus
786 4713 820 4762 ad

18 4783 320 4836 conhteedsmortalie
335 4783 440 4833 homiui
455 4785 564 4845 viatori,
583 4787 643 4845 888,
659 4797 685 4834 8.
706 4787 744 4834 58.
762 4786 820 4834 Non

17 4857 121 4920 quivis
150 4855 230 4906 bomo
263 4857 304 4905 est
337 4855 462 4905 minister
501 4855 610 4919 cuiauis
643 4855 820 4918 sacrementi,

17 4939 48 4977 n.
65 4929 112 4977 81.

53 4997 187 5048 Minister
200 4997 330 5061 Beptismi
350 5000 510 5061 potestesse
526 4997 615 5048 omnis
631 4996 723 5058 homo,
740 4997 822 5048 ctiam

17 5067 146 5120 semina.
164 5068 195 5120 88.
219 5069 374 5132 Baptismus,
395 5069 626 5130 confirmationis,
648 5068 766 5129 Ordinis,
789 5067 823 5119 de

15 5140 86 5204 8888
104 5138 235 5188 88888888
251 5134 403 5203 Episcopus.
414 5139 634 5189 confirmationis
648 5153 680 5189 ex
695 5139 823 5188 commis·

19 5210 108 5258 sione
127 5206 203 5272 Paper
217 5211 379 5273 potestesse
395 5209 476 5259 etiam
493 5209 607 5273 simplex
631 5209 770 5270 Sacerdos,
793 5213 825 5260 ut

17 5279 116 5330 etiam
131 5277 298 5340 probabilius
313 5278 422 5329 Ordinis
437 5291 524 5342 esque
538 5278 571 5328 ed
586 5278 765 5329 Diaconatem
781 5279 827 5329 iu·

17 5346 151 5401 clusive.
166 5347 197 5399 V.
223 5347 397 5411 Confirmatio,
422 5348 499 5398 Ordo.
524 5347 721 5399 Eucharistitiae
740 5349 827 5399 conii·

18 5417 152 5478 ciendae,
176 5417 356 5480 Paenitentia,
381 5421 408 5468 et
431 5420 563 5469 Extremae
579 5419 730 5476 tinctionis,
754 5419 827 5470 solus

17 5485 175 5548 Sacerdos·
190 5487 223 5540 V.
239 5485 407 5560 Esclmss'stiu,
427 5489 552 5540 18888888
572 5488 667 5556 ductio,
691 5489 827 5557 08888888·

1590 545 1646 642 aar*

853 756 915 805 rius.
949 755 1124 807 Eucharistiae
1163 756 1360 811 distribuendas
1395 761 1523 814 minister
1558 767 1650 828 potest

855 827 935 878 etism
949 841 1007 878 esse
1023 829 1161 879 Diaconos
1176 841 1208 879 ex
1223 831 1413 884 commissione
1436 834 1599 898 Sacerdotis,
1624 837 1652 888 et

856 899 884 947 iu
899 900 1067 950 necessitate.
1087 901 1161 952 11888
1176 901 1258 952 etlam
1273 903 1301 952 in
1316 903 1423 957 delectu
1445 905 1569 956 Ordineti
1586 907 1649 972 qui·

855 971 897 1020 vis
921 983 974 1020 uon
998 970 1144 1022 Ordinatus
1167 984 1215 1035 pro
1238 973 1337 1024 viatico
1361 975 1427 1026 dere
1449 980 1551 1040 posset,
1566 979 1651 1029 etiem

856 1041 908 1090 eibi
929 1040 990 1105 ipsi,
1006 1041 1079 1105 quod
1102 1046 1194 1092 tamen
1209 1046 1250 1093 est
1268 1048 1361 1096 contra
1379 1047 1604 1098 cousuetudinem
1621 1051 1650 1100 et

856 1125 965 1161 sensum
981 1125 1153 1162 communem
1169 1113 1303 1176 Ecclesia,
1319 1115 1336 1165 l.
1351 1117 1375 1177 8,
1392 1130 1417 1180 8.
1437 1120 1460 1178 1,
1475 1130 1502 1166 8.
1527 1119 1569 1178 88,
1593 1117 1648 1166 sea.

856 1182 1022 1232 Matrimonii
1056 1183 1173 1233 ministri
1206 1187 1269 1235 suut
1293 1186 1423 1251 baptizati
1446 1188 1650 1250 contrahentes,

858 1253 940 1303 etiem
962 1253 1072 1314 lemine,
1091 1253 1224 1306 85881.
1250 1258 1448 1308 Matrimonium.
1473 1259 1503 1309 lu
1528 1258 1653 1309 Ministro

858 1323 1106 1383 sacramentorum,
1124 1328 1156 1374 ut
1177 1325 1266 1376 valide
1288 1326 1414 1377 coniiciat
1437 1328 1653 1390 Sacramentum,

858 1397 956 1458 preter
969 1397 1130 1456 potestatem
1152 1397 1301 1459 requiritur
1324 1399 1440 1448 intentio
1462 1398 1578 1450 faciendi
1601 1399 1653 1449 hoc

859 1461 931 1524 quod
941 1461 1005 1511 lacit
1016 1461 1143 1524 Ecclesia,
1158 1466 1201 1515 vei
1224 1466 1297 1529 quod
1309 1467 1433 1519 Christus
1449 1467 1580 1530 instituit,
1594 1468 1612 1519 l.
1627 1469 1654 1530 8,

859 1547 884 1597 p.
896 1536 921 1594 1,
936 1546 963 1582 8.
978 1534 1016 1583 11.
1031 1533 1231 1585 administrans
1245 1537 1449 1588 Sacramentum
1464 1539 1568 1602 absque
1577 1539 1651 1603 gravi

860 1615 950 1664 causa,
966 1605 1088 1668 (excepto
1103 1606 1289 1668 matrimonio)
1315 1607 1365 1658 sub
1390 1608 1559 1671 conditione,
1582 1622 1655 1659 com·

860 1673 980 1722 munitur
993 1677 1088 1737 peccat
1102 1675 1263 1738 mortaliter,
1276 1689 1304 1729 u.
1319 1679 1358 1741 l'i,
1374 1681 1413 1729 88.
1429 1679 1542 1739 Qualem
1561 1679 1653 1730 inten-

860 1744 963 1794 tionem
981 1745 1107 1795 miuister
1121 1748 1358 1799 sacramentorum
1373 1749 1472 1799 hebere
1491 1749 1597 1800 debeat.
1621 1751 1652 1801 V.

859 1815 978 1864 18188888.
994 1815 1075 1866 Error
1087 1817 1216 1880 ministri,
1232 1823 1260 1869 et
1276 1832 1311 1870 en
1332 1821 1394 1884 quis
1409 1819 1542 1872 invalidet
1559 1823 1654 1873 Sacra·

860 1889 991 1935 mentum.
1008 1884 1038 1936 V.
1055 1888 1146 1938 Error.
1466 1889 1468 1891 ’

892 1957 1018 2007 Minister
1028 1959 1262 2010 sacramentorum
1271 1960 1353 2011 debet
1363 1960 1463 2013 hebere
1474 1963 1655 2014 intentionem

861 2027 1008 2090 internam,
1029 2032 1060 2078 ut
1086 2028 1175 2080 valide
1202 2032 1405 2082 Sacramentum
1428 2033 1564 2097 conficiet,
1588 2035 1605 2085 1.
1630 2035 1655 2097 6,

861 2113 887 2163 p.
904 2103 927 2159 1,
939 2111 965 2148 8.
979 2102 1018 2149 81.
1038 2099 1197 2152 Voluntaria
1212 2101 1359 2153 distractus
1373 2104 1402 2153 in
1419 2105 1588 2155 confessione
1604 2105 1656 2157 Sa·

862 2173 1062 2220 crementorum
1080 2172 1170 2236 potest
1188 2186 1299 2236 peccare
1316 2175 1476 2239 mortaliter,
1492 2189 1520 2226 u.
1542 2178 1656 2226 881888

862 2241 963 2302 omnis,
988 2242 1036 2305 qui
1050 2245 1139 2306 potest
1152 2243 1251 2304 valide,
1266 2245 1348 2294 etiam
1363 2243 1437 2296 licite
1454 2247 1592 2298 ministrat
1606 2249 1657 2299 Se·

862 2315 1009 2373 cremento,
1034 2324 1062 2360 n.
1086 2313 1125 2362 81.
1150 2313 1408 2365 hxoommunicatus
1440 2316 1580 2380 toleratus,
1612 2316 1655 2368 vel

862 2394 1018 2445 suspensus,
1063 2383 1222 2446 requisitus,
1260 2384 1335 2436 licite
1376 2385 1535 2438 ministrent
1564 2389 1658 2439 Sacra·

863 2456 964 2514 menta,
989 2453 1029 2502 881
1056 2456 1083 2502 88
1105 2455 1253 2506 1188881888
1276 2456 1304 2505 18
1329 2459 1450 2506 extrema
1482 2458 1656 2520 necessitate,

863 2523 903 2572 illi
932 2527 1021 2574 umen
1049 2537 1104 2574 uon
1134 2531 1248 2591 possunt
1276 2541 1303 2578 ee
1336 2527 1468 2591 ingerere,
1497 2541 1574 2580 uum.
1597 2531 1656 2592 888,

894 2666 1016 2718 Minister
1035 2665 1144 2730 dignior
1156 2681 1212 2718 non
1227 2673 1321 2720 censat
1333 2670 1396 2734 plus
1408 2672 1504 2734 gratia
1519 2685 1552 2722 ex
1573 2685 1656 2736 opere

864 2741 985 2802 operato,
1007 2750 1035 2786 n.
1059 2739 1096 2787 98.
1121 2739 1157 2788 Ut
1179 2738 1241 2801 quis
1258 2739 1331 2792 licite
1354 2743 1500 2804 ministret,
1515 2741 1656 2793 ordinario

864 2807 946 2859 debet
959 2821 1016 2858 esse
1030 2808 1060 2858 in
1074 2810 1161 2872 gratia
1178 2810 1228 2860 sub
1252 2812 1370 2876 mortali,
1394 2827 1421 2863 u.
1443 2815 1482 2864 88.
1505 2813 1659 2865 0888188888

865 2879 894 2928 88
917 2879 1035 2940 mortali,
1065 2893 1113 2944 per
1144 2893 1171 2930 88
1204 2881 1351 2946 loquendo,
1375 2888 1470 2948 peceat
1495 2885 1658 2948 mortaliter,

865 2962 892 2998 u.
908 2949 947 3011 88,
961 2962 977 2998 8
992 2963 1018 2999 8.
1034 2951 1074 3010 98,
1091 2952 1141 3000 888.
1158 2950 1277 3003 88881888
1295 2954 1419 3016 mortale,
1438 2953 1549 3015 88181811,
1575 2955 1599 3006 81
1623 2956 1660 3009 818

868 3020 893 3069 18
909 3021 995 3083 gratie
1008 3024 1072 3070 ante
1081 3025 1301 3073 consummatum
1315 3027 1406 3075 ectum
1421 3025 1594 3076 essentialem
1614 3027 1660 3078 Se·

866 3092 1007 3154 crementi,
1022 3106 1048 3141 n.
1063 3093 1103 3153 88,
1118 3095 1157 3153 88,
1172 3107 1188 3142 8
1202 3107 1229 3144 ιι.
1245 3097 1284 3156 91,
1300 3109 1327 3144 8.
1343 3097 1383 3157 91,
1401 3098 1454 3158 see,
1471 3098 1525 3147 898.

899 3160 1055 3212 Ministruns
1069 3161 1266 3212 Eucharistiem
1281 3163 1308 3212 iu
1324 3164 1442 3227 mortali,
1458 3168 1552 3230 peccet
1565 3166 1661 3218 saltem

867 3230 1017 3291 venialiter,
1033 3245 1060 3281 u.
1075 3232 1178 3292 88,8ιι.
1200 3234 1239 3282 91.
1263 3233 1425 3284 Functiones
1447 3249 1538 3286 888888
1561 3237 1659 3289 881888

869 3300 897 3350 18
912 3298 1031 3362 mortali,
1047 3302 1228 3351 communitor
1254 3307 1356 3366 peccet,
1380 3303 1475 3354 saltem
1500 3305 1659 3368 venialiter,

868 3383 896 3420 n.
910 3371 949 3429 80,
964 3381 980 3418 8
995 3383 1022 3418 8.
1037 3372 1075 3420 35.
1094 3369 1416 3422 8801888088188818888
1431 3375 1459 3423 in
1471 3375 1590 3436 mortali,
1602 3389 1663 3439 pec·

869 3444 911 3490 888
921 3440 1073 3502 venialiter,
1083 3454 1108 3490 ιι.
1117 3443 1156 3502 86,
1173 3443 1226 3492 roa.
1237 3441 1423 3493 88881888818
1434 3444 1553 3507 mortali,
1569 3448 1663 3509 peceat

870 3512 1030 3574 mortaliter,
1046 3525 1072 3561 n.
1087 3513 1126 3562 93.
1150 3514 1272 3576 Sequens
1292 3515 1460 3565 8888888188
1483 3515 1664 3579 probabilem,
1690 3530 1693 3537 ·

870 3582 964 3633 relicta
978 3581 1160 3645 probabiliore
1177 3588 1204 3632 et
1218 3584 1329 3645 tutiore,
1340 3586 1449 3646 quando
1459 3587 1552 3650 egitur
1565 3587 1599 3637 de
1614 3601 1664 3638 va·

871 3653 929 3703 lore
942 3653 1120 3715 sacramenti,
1141 3656 1235 3717 peccat
1258 3654 1410 3706 mortaliter
1427 3660 1482 3706 8888
1506 3655 1662 3720 conficiens,

871 3736 953 3788 quam
968 3723 1117 3786 suscipiens
1131 3725 1377 3786 Sacramentum,a
1401 3739 1429 3775 n.
1456 3727 1508 3776 let.
1530 3727 1588 3778 Non
1612 3742 1665 3780 au·

872 3800 937 3856 tem,
952 3795 975 3843 81
999 3807 1032 3843 ex
1052 3794 1207 3844 rationabili
1231 3808 1310 3846 cause
1333 3799 1464 3860 sequetur
1482 3798 1663 3861 probabilem,

872 3879 932 3930 quus
947 3868 988 3916 est
996 3865 1148 3916 mortaliter
1161 3869 1243 3927 certa,
1260 3869 1309 3916 eet
1331 3867 1375 3916 cui
1398 3867 1510 3918 aliunde
1531 3869 1666 3920 adveniet

872 3937 991 4002 practica
1013 3937 1157 3999 certitudo,
1180 3951 1197 3986 8
1222 3951 1249 3987 8.
1275 3939 1327 3987 108.
1352 3939 1444 4002 Neque
1468 3943 1570 4003 peccat,
1593 3941 1616 3990 si
1635 3941 1665 3990 in

871 4008 1045 4068 necessitate,
1058 4006 1124 4057 dum
1138 4007 1223 4058 tutior
1236 4008 1379 4072 practiceri
1390 4020 1446 4057 non
1456 4011 1555 4073 potest,
1570 4022 1666 4073 sequa·

872 4081 918 4129 tur
932 4077 1110 4142 probabilem,
1122 4089 1149 4127 u.
1164 4080 1217 4129 180.
1232 4079 1335 4142 Neque,
1354 4079 1376 4128 si
1391 4078 1517 4142 alioquin
1529 4080 1665 4131 adminis-

873 4151 965 4209 tratio,
979 4151 1027 4198 eut
1043 4149 1178 4213 susceptio
1197 4151 1433 4202 sacramentorum
1448 4149 1524 4201 fleret
1546 4151 1667 4204 obnoxie

873 4220 967 4270 nimiis
981 4219 1115 4283 scrupulis
1131 4219 1174 4269 881
1200 4219 1418 4282 difficultatibus,
1433 4233 1461 4270 u.
1478 4222 1532 4272 119.
1549 4221 1666 4282 Quande

874 4303 929 4340 non
951 4290 1041 4353 agitur
1062 4290 1096 4341 de
1119 4288 1209 4340 valore
1239 4290 1416 4353 sacramenti,
1441 4290 1518 4342 licite
1543 4292 1668 4357 sequitur

873 4361 975 4426 pratice
989 4360 1157 4424 probabilem
1167 4360 1260 4411 relicte
1275 4360 1386 4422 tutiore,
1401 4374 1429 4411 n.
1446 4363 1500 4412 181.

914 4431 1047 4493 Minister,
1063 4431 1110 4494 qui
1124 4431 1184 4492 scit,
1199 4445 1226 4481 se
1240 4430 1388 4494 aliquando
1404 4430 1531 4486 habuisse
1543 4430 1668 4498 iurisdic-

874 4505 978 4554 tionem
992 4502 1035 4553 vel
1042 4504 1201 4566 potestatem
1207 4502 1381 4552 Sacramenta
1395 4502 1569 4554 ministrandi
1580 4504 1603 4553 si
1614 4503 1666 4554 du-

875 4576 953 4637 bitet,
970 4587 1005 4625 au
1019 4573 1109 4623 adhuc
1123 4572 1231 4634 babeat,
1246 4573 1320 4624 licite
1335 4587 1366 4624 88
1382 4574 1532 4636 ministrate
1544 4575 1668 4626 stentem

878 4646 994 4706 dubitet,
1009 4658 1044 4695 en
1058 4656 1179 4708 unquam
1193 4642 1276 4693 telem
1292 4645 1512 4708 jurisdictionem
1530 4645 1668 4706 babuerit,

876 4717 972 4769 illicite
987 4730 1017 4767 ee
1027 4716 1174 4776 ministret,
1190 4719 1251 4777 888,
1265 4714 1282 4764 1.
1298 4718 1322 4777 8,
1339 4729 1366 4781 p.
1381 4720 1404 4778 1,
1420 4730 1496 4768 uum.
1508 4719 1561 4769 128.
1573 4718 1669 4768 Peccet

877 4787 1029 4839 mortaliter
1053 4792 1133 4837 utens
1151 4785 1263 4838 materie
1287 4787 1330 4837 rel
1344 4787 1428 4838 torma
1447 4787 1523 4851 talea,
1538 4801 1613 4838 num.
1628 4789 1670 4838 88.

877 4861 963 4912 Etiam
978 4860 1070 4922 peccat
1085 4858 1214 4921 graviter,
1230 4870 1278 4921 per
1293 4870 1321 4906 se
1335 4857 1483 4922 loquendo,
1506 4863 1586 4909 utens
1611 4871 1670 4908 ma·

876 4931 945 4982 teria
961 4928 1006 4980 vel
1020 4929 1105 4979 torma
1119 4928 1212 4991 dubie,
1229 4929 1252 4978 si
1263 4932 1334 4980 certa
1352 4930 1445 4980 haberi
1459 4931 1555 4994 possit,
1577 4941 1605 4980 n.
1628 4931 1670 4992 88,

878 5004 930 5053 let.
946 5000 1079 5052 omittens
1094 4999 1276 5049 intentionem
1290 5000 1459 5066 requisitam,
1484 5002 1578 5065 peccat
1597 5013 1671 5050 mor·

878 5073 979 5132 taliter,
999 5084 1026 5120 u.
1045 5072 1085 5121 88.
1109 5071 1242 5133 Repetens
1257 5070 1370 5120 termam
1386 5069 1670 5132 Secracresuentalam,

878 5143 921 5194 rel
930 5141 1035 5206 aliquid
1051 5141 1079 5192 in
1094 5155 1135 5202 ea,
1151 5153 1212 5190 cum
1227 5140 1312 5191 dubio
1328 5145 1435 5192 tentum
1456 5141 1520 5203 lovi,
1544 5146 1572 5192 et
1595 5140 1671 5192 ineui

879 5215 976 5266 timore
991 5213 1025 5262 de
1046 5215 1118 5262 recta
1142 5211 1376 5276 pronuntiatione,
1400 5226 1448 5275 per
1471 5226 1498 5262 se
1524 5211 1670 5276 loquendo,

880 5287 973 5350 peccet
986 5283 1138 5334 mortaliter
1153 5301 1160 5334 s
1175 5281 1197 5332 81
1214 5286 1306 5334 eutem
1322 5283 1348 5333 id
1363 5283 1444 5334 iaciat
1454 5283 1504 5333 sub
1514 5283 1671 5334 conditione

881 5359 911 5407 ut
925 5354 1038 5405 molesto
1048 5354 1174 5418 scrupulo
1188 5357 1216 5404 et
1233 5354 1410 5418 perplexitate
1420 5365 1448 5404 ee
1463 5353 1568 5415 liberet,
1579 5357 1673 5418 peceat

881 5431 989 5478 8888888
1014 5423 1167 5486 venialiter,
1193 5427 1221 5474 et
1243 5437 1313 5489 sespe
1338 5424 1421 5476 etism
1444 5423 1520 5475 nullo
1544 5423 1672 5484 modo,a

883 5511 911 5550 ιι.
925 5499 978 5548 189.
994 5495 1023 5548 Sl
1037 5496 1118 5546 verbe
1132 5495 1225 5546 torneae
1240 5499 1382 5562 corruptae,
1400 5493 1583 5565 inarticulata,
1593 5493 1672 5551 inde·
