4090 6336
331 509 369 568 te
972 507 1046 571 LlB.
1070 507 1120 573 VI.
1144 503 1245 571 PARS
1267 499 1318 570 111.

332 691 373 751 ad
396 691 591 754 reddendum
609 693 671 775 jus,
689 692 773 774 quod
796 693 913 755 Bertha
927 695 1064 756 habebat
1078 695 1119 755 sd

332 784 422 840 risum
437 781 576 862 eorporis
590 781 680 855 'fitii;
698 781 800 858 sicuti,
817 782 842 842 si
857 782 926 863 quis
938 783 990 865 jus
1005 782 1120 845 habeat

332 868 373 928 ad
391 865 573 931 electionem
587 883 643 950 pro
659 869 814 931 Benefroio
830 870 925 949 quod,
938 870 990 951 jus
1004 883 1061 951 por
1075 872 1121 931 in-

328 953 445 1035 justam
460 957 587 1018 alterius
601 957 806 1019 intrusionem
825 957 969 1034 violatur,
988 977 1050 1020 non
1065 958 1120 1019 de-

331 1043 423 1105 betur
446 1044 474 1105 ei
497 1045 625 1125 quidem
647 1046 800 1107 restitutio
822 1045 981 1124 Beneficii,
999 1046 1054 1106 sod
1075 1049 1121 1108 ta-

331 1147 403 1190 men
418 1131 550 1193 debetur
574 1131 797 1212 redintegratio
810 1132 900 1212 juris,
918 1134 1002 1214 quod
1025 1133 1119 1194 habe·

331 1218 386 1282 bat
405 1221 446 1281 ad
467 1221 650 1283 electionem
664 1239 720 1300 pro
744 1221 910 1283 Beneficio.
928 1222 1121 1296 0111111Τί-

330 1309 392 1370 tius
401 1313 513 1370 renuat
526 1310 641 1371 ducere
655 1311 814 1388 Bertham,
826 1329 862 1372 eo
879 1310 963 1392 quod
977 1311 1055 1372 forte
1066 1309 1119 1370 ali-

332 1392 384 1475 qui
399 1401 541 1456 auctores
559 1397 631 1473 sint,
655 1397 707 1477 qni
730 1396 837 1458 dicunt
851 1397 938 1457 illum
961 1414 1023 1458 non
1043 1396 1121 1458 obli-

330 1482 398 1561 gari
426 1482 465 1544 ad
494 1485 660 1563 petendam
684 1485 959 1565 dispensationem,
988 1485 1120 1548 suaden⁴

332 1570 407 1631 dum
420 1572 554 1650 Bertbae,
570 1577 605 1636 ut
632 1574 700 1654 ipsa
719 1577 805 1654 petat
828 1574 920 1635 etiam
942 1574 1039 1634 inscio
1067 1576 1121 1634 aut

331 1657 427 1720 invito
442 1660 533 1738 Titio,
551 1677 613 1740 qua
628 1663 755 1724 obtenta
769 1681 831 1723 non
846 1662 979 1741 amplius
994 1679 1120 1722 excusa·

331 1745 425 1809 bitur.
456 1749 604 1811 Satistleri
632 1753 738 1813 11111111
762 1751 889 1813 debebit
914 1749 1008 1812 etiam
1038 1748 1120 1810 Gaiae

331 1837 442 1899 saltem
455 1837 496 1899 ad
511 1839 654 1901 vitandas
677 1840 806 1901 1111111
828 1839 1027 1900 incommoda
1046 1837 1117 1898 alin.

332 1925 471 2006 Denique
485 1927 558 1990 licet
579 1929 677 1990 'fitius
692 1929 786 1990 vellet
808 1930 945 2005 Bertam,
962 1932 994 1988 et
1010 1945 1067 2005 pro
1083 1944 1121 1985 ea

332 2011 476 2076 ducenda
499 2016 683 2079 obtinuisset
706 2016 989 2096 dispensationem,
1014 2019 1119 2076 tamen

331 2101 425 2161 Berta
447 2107 552 2181 posset
566 2122 638 2164 eum
662 2104 833 2183 repellere,
851 2105 925 2183 quia
949 2103 988 2164 ob
1013 2102 1121 2162 incon-

332 2189 480 2251 stantiam
493 2192 576 2270 Titii,
593 2197 624 2254 et
643 2194 683 2255 ob
698 2193 845 2274 injuriam
859 2191 916 2253 sibi
932 2191 1050 2252 illatam
1065 2191 1121 2250 ha-

332 2276 386 2338 bet
395 2276 447 2357 jus
462 2279 618 2340 resiliendi
633 2281 673 2341 ab
688 2280 753 2342 istis
767 2280 964 2358 sponsalibus
981 2299 987 2338 :
1005 2282 1036 2340 et
1050 2279 1120 2338 ideo

333 2364 366 2424 S.
383 2365 479 2445 Cong.
501 2367 669 2444 sananti
691 2369 778 2435 1653,
795 2366 879 2445 apud
894 2367 1015 2445 Pignat.
1042 2373 1064 2426 t.
1090 2367 1118 2441 1,

332 2471 408 2514 cons.
424 2455 493 2531 361,
510 2455 680 2516 declaravit
698 2456 855 2534 sponsalia
877 2473 934 2535 per
956 2454 1051 2516 talem
1072 2471 1122 2513 sn·

332 2541 566 2620 pervenientem
582 2543 765 2604 affinitatem
780 2541 919 2605 dissolri.

375 2628 470 2711 Oljic.
486 2629 524 2692 L.
550 2629 726 2707 Continuus,
743 2632 761 2710 5
776 2627 848 2693 Cum
862 2631 926 2713 quis
938 2629 973 2710 ff.
994 2629 1029 2691 de
1043 2629 1119 2691 oerd.

333 2715 423 2798 odlip.
437 2715 568 2793 dicitur,
584 2735 651 2799 quae
667 2715 829 2797 pendente
844 2717 995 2778 uoluntate
1006 2716 1123 2798 princi-

330 2807 377 2888 pis
396 2806 506 2868 censeri
522 2806 608 2888 quasi
629 2805 841 2887 impossibilia·
855 2825 929 2886 ergo
945 2805 1044 2868 'fitius
1058 2823 1122 2866 non

332 2896 435 2974 potest
444 2893 575 2973 obligari
590 2893 630 2954 ad
644 2893 876 2972 procurandam
886 2894 982 2956 talem
996 2893 1121 2973 dispen-

333 2980 496 3042 sationem.
523 2982 558 3041 R.
580 2979 768 3041 antecedens
788 2979 972 3059 intelligitur
991 2979 1030 3040 de
1049 2979 1120 3057 illis,

333 3085 403 3148 quae
427 3067 553 3129 omnino
576 3084 652 3144 non,
676 3072 730 3127 aut
750 3067 908 3126 rarissime
928 3065 1057 3127 concedi
1076 3085 1123 3126 so-

332 3157 414 3230 lent3
427 3155 672 3236 dispensationes
682 3159 787 3217 autem
797 3155 952 3235 ejusmodi
965 3155 1055 3216 facile
1070 3153 1123 3215 ob-

333 3245 487 3318 tinentem
505 3262 580 3322 ergo
596 3243 637 3304 ad
652 3262 721 3306 cam
737 3247 784 3305 est
799 3243 945 3323 obligatio
956 3260 1013 3323 pro
1025 3260 1123 3302 resar-

333 3332 443 3395 ciendo
459 3332 573 3394 damno
587 3331 701 3412 injuste
716 3331 812 3394 illato.

263 3425 307 3474 ¹⁰⁰
375 3419 482 3495 Qua’st.
499 3424 547 3482 18.
563 3421 664 3481 -An
677 3430 705 3482 et
719 3419 860 3501 quomodo
877 3428 981 3500 peccet,
997 3419 1051 3502 qui
1062 3439 1123 3480 ncc-

333 3507 402 3570 dum
416 3508 564 3570 dissolutis
575 3509 771 3590 sponsalibus,
794 3518 820 3570 et
841 3510 935 3570 inuita
953 3529 1071 3590 sponsa,
1087 3527 1124 3568 ca

331 3598 441 3659 11111111
454 3599 550 3658 animo
563 3597 624 3659 Deo
637 3599 737 3659 melius
749 3596 895 3659 serviendi
905 3598 1021 3679 suscepit
1029 3616 1124 3660 sacros

335 3685 476 3748 Ordines?
498 3689 534 3749 ll.
560 3689 682 3766 Negant
709 3705 839 3766 peceare
863 3687 991 3767 chriq.
1017 3689 1121 3763 Solus,

333 3767 443 3840 111111.
466 3775 555 3837 Pont.
580 3775 690 3837 Escoh.
712 3777 801 3838 Dian.
817 3795 849 3856 p.
865 3779 895 3852 3,
913 3784 936 3836 t.
952 3779 982 3854 1,
998 3773 1036 3837 n.
1052 3777 1121 3838 208.

334 3865 442 3930 Avers.
460 3883 490 3944 q.
503 3866 532 3940 8,
548 3872 613 3925 sect.
633 3865 680 3924 ln.
693 3865 753 3924 Pro
768 3864 879 3924 eadem
894 3863 1031 3924 citantur
1045 3865 1122 3924 Nau.

335 3949 420 4028 sylv.
444 3949 579 4012 Cordub.
597 3951 684 4030 Vaga
705 3950 789 4028 apud
811 3951 925 4013 Sanch.
943 3951 963 4012 l.
982 3953 1010 4028 l,
1027 3951 1056 4012 d.
1073 3955 1122 4028 11,

334 4057 364 4098 n.
391 4041 420 4116 l,
445 4037 497 4118 qui
517 4039 704 4100 sententiam
727 4039 812 4099 illam
832 4042 924 4100 vocat
942 4039 1125 4118 probabilis·

1174 713 1261 756 caina
1275 692 1436 774 deseratur,
1448 689 1667 760 Ecclesiasticus
1685 691 1785 755 ludes
1798 685 1965 774 1111111111

1174 782 1248 845 solet
1262 783 1302 844 od
1312 781 1526 864 sponsaliorum
1539 781 1628 864 fidem
1641 779 1826 859 sanandam,
1838 781 1965 864 quamuis

1174 872 1264 934 etiarn
1285 881 1432 933 contentus
1449 871 1547 933 ludes
1565 891 1621 934 esse
1635 872 1728 954 possit
1749 871 1828 932 socri
1849 870 1965 932 Ordinis

1176 960 1359 1040 susceptione.
1376 961 1513 1039 AEquum
1532 965 1638 1022 tamen
1652 977 1719 1020 esse
1735 958 1810 1020 dicit
1823 977 1853 1019 n.
1869 961 1907 1035 8,
1925 957 1964 1018 uti

1174 1047 1324 1108 resarciat
1346 1047 1481 1126 damna,
1504 1065 1573 1128 quae
1588 1047 1628 1110 ob
1642 1047 1674 1108 id
1689 1065 1805 1126 sponsa
1825 1041 1963 1111 incurrit.

1174 1132 1248 1212 quia
1262 1151 1291 1194 v.
1304 1153 1335 1213 g.
1349 1153 1502 1214 expensas
1516 1137 1547 1196 in
1563 1135 1758 1214 sponsalibus
1773 1133 1856 1210 fecit,
1868 1136 1924 1194 aut
1937 1133 1966 1191 in

1174 1223 1400 1300 praeparatione
1422 1224 1462 1283 ad
1486 1225 1620 1303 nuptias.
1645 1223 1734 1284 Ratio
1749 1223 1831 1283 illius
1845 1223 1966 1282 senten·

1174 1308 1225 1370 tiae
1240 1313 1297 1386 est,
1309 1314 1376 1372 tam
1391 1312 1465 1392 quia
1478 1313 1558 1374 sacri
1573 1313 1705 1375 Ordines
1719 1312 1837 1373 faciunt
1851 1313 1967 1372 statum

1174 1397 1265 1458 ualde
1288 1399 1471 1477 perfectum,
1490 1407 1520 1463 et
1539 1400 1703 1462 includunt
1720 1401 1859 1462 solemne
1875 1395 1967 1460 casti-

1174 1485 1247 1544 tatis
1265 1489 1392 1561 votum,
1419 1490 1548 1566 propter
1571 1482 1655 1568 qnod
1678 1486 1798 1549 licitum
1821 1488 1869 1547 est
1898 1485 1968 1564 post

1174 1571 1331 1650 sponsalia
1345 1572 1423 1634 inire
1434 1578 1549 1636 statum
1559 1576 1738 1654 religiosum
1751 1594 1757 1635 :
1770 1579 1837 1635 tnm
1848 1577 1969 1652 etprae·

1175 1660 1278 1738 cipue,
1295 1662 1369 1742 quia
1383 1664 1579 1740 sponsalibus
1588 1663 1713 1726 videtur
1726 1663 1827 1723 inesse
1841 1662 1912 1723 haec
1925 1665 1969 1722 ta·

1174 1748 1236 1808 cita
1250 1749 1405 1827 conditio,
1426 1751 1483 1812 nati
1499 1753 1614 1813 onlnem
1634 1751 1676 1814 ad
1693 1761 1801 1812 statum
1814 1745 1970 1834 perfectio

1174 1855 1234 1898 rem
1253 1838 1390 1900 transire.
1414 1841 1438 1900 Ε
1462 1846 1572 1902 contra
1589 1841 1699 1902 Palud.
1717 1841 1867 1902 Sanchez.
1886 1838 1967 1900 Koa.

1175 1925 1315 2004 Castrop.
1333 1927 1450 1987 Rebell.
1464 1930 1559 1988 Perea
1574 1929 1604 1990 d.
1621 1935 1650 2008 8,
1662 1949 1685 1989 s.
1702 1933 1732 2008 6,
1745 1929 1843 2005 Krim,
1853 1947 1885 1988 n.
1899 1929 1967 2002 288,

1175 2012 1282 2074 dicunt
1291 2013 1323 2075 id
1334 2015 1391 2076 sub
1401 2017 1525 2078 mortali
1537 2036 1599 2080 non
1608 2018 1715 2096 licere,
1729 2018 1802 2100 quia
1812 2015 1972 2097 frangitur

1175 2101 1252 2162 frdes
1267 2103 1355 2164 alteri
1370 2102 1444 2165 data
1457 2104 1489 2165 in
1503 2107 1637 2167 materia
1649 2107 1738 2186 gravi
1750 2105 1879 2187 justitiae
1892 2124 1901 2178 ;
1915 2121 1971 2164 nec

1175 2187 1238 2248 ullo
1252 2190 1270 2250 1
1273 2207 1327 2250 ure
1341 2191 1492 2268 probatur
1506 2193 1601 2253 telem
1616 2193 1827 2254 conditionem
1838 2191 1972 2253 esseim·

1175 2273 1306 2335 bibitum
1322 2295 1329 2336 :
1347 2276 1430 2356 quod
1446 2281 1550 2338 autem
1565 2278 1737 2342 imbibatur
1751 2279 1901 2356 conditio,
1915 2277 1974 2338 nisi

1175 2361 1293 2422 astitero
1308 2363 1424 2444 ingredi
1441 2363 1633 2447 Religionem,
1657 2367 1729 2429 inde
1752 2369 1878 2444 scimus,
1899 2367 1974 2448 quia

1175 2449 1314 2510 Ecclesia
1344 2453 1519 2514 concedens
1547 2455 1746 2535 privilegium
1773 2455 1972 2535 ingrediendi

1176 2537 1369 2616 Religionem
1384 2541 1424 2601 ob
1439 2542 1654 2604 excellentiam
1674 2543 1769 2626 hujus
1783 2549 1882 2606 status
1899 2542 1975 2606 facit

1175 2625 1386 2688 conditionem
1403 2627 1490 2689 illam
1508 2630 1644 2693 imbibi:
1670 2633 1778 2694 nullibi
1800 2635 1909 2694 autem
1930 2633 1976 2694 le·

1175 2714 1270 2792 gitur,
1290 2716 1374 2794 quod
1393 2717 1533 2778 Ecclesia
1546 2717 1578 2778 id
1593 2718 1687 2781 faciat
1701 2721 1741 2782 ob
1756 2720 1975 2782 excellentiam

1176 2803 1255 2862 sacri
1283 2802 1418 2880 Ordinis,
1448 2823 1551 2886 neque
1577 2805 1628 2866 bio
1656 2807 1688 2867 in
1720 2807 1861 2887 positivis
1889 2809 1978 2870 11111

1175 2890 1405 2969 argumentatio
1439 2910 1458 2952 a
1485 2893 1596 2971 simili,
1635 2913 1708 2955 nam
1745 2896 1839 2956 etiam
1866 2897 1978 2960 Matri·

1177 2979 1317 3039 monium
1338 2984 1442 3040 ratum
1464 2981 1594 3044 solvitur
1607 3002 1665 3062 per
1678 2984 1907 3062 professionem
1928 3005 1979 3046 ro-

1176 3066 1337 3145 ligiosam,
1367 3085 1430 3128 non
1454 3072 1558 3129 tamen
1582 3088 1639 3149 per
1662 3070 1894 3150 susceptionem
1921 3074 1979 3133 Or·

1178 3153 1259 3214 dinis
1282 3153 1380 3232 11111,
1403 3154 1465 3216 imo
1496 3157 1682 3238 conjugatus
1707 3176 1769 3219 non
1798 3158 1981 3222 admittitor

1178 3241 1218 3302 ad
1246 3243 1377 3304 Ordines
1400 3261 1516 3321 sacros,
1543 3264 1619 3326 ergo
1650 3248 1880 3326 argumentatio
1915 3264 1981 3309 non

1177 3328 1261 3390 valet
1288 3349 1307 3391 a
1334 3335 1416 3393 statu
1445 3333 1590 3414 religioso
1620 3333 1659 3394 ad
1688 3352 1793 3396 sacros
1821 3335 1972 3399 Ordines.

1177 3414 1214 3477 Si
1239 3414 1329 3494 dicas,
1359 3417 1479 3479 licitum
1502 3423 1550 3480 est
1575 3425 1697 3482 mutare
1721 3427 1828 3482 votum
1852 3421 1885 3482 in
1913 3441 1983 3485 me-

1178 3502 1254 3577 lius;
1289 3523 1364 3585 ergo
1393 3505 1487 3567 etiam
1515 3505 1623 3569 licebit
1654 3513 1776 3570 matare
1809 3509 1983 3590 obligatio-

1178 3609 1249 3651 nem
1273 3595 1464 3671 sponsalium
1486 3596 1518 3656 io
1542 3595 1748 3675 obligationes
1771 3597 1984 3677 perfectiores

1178 3697 1316 3740 annexas
1327 3682 1494 3743 Ordinibus
1504 3684 1611 3745 sacris.
1625 3686 1660 3748 R.
1677 3701 1708 3746 u.
1719 3703 1804 3747 cons.
1818 3705 1895 3748 nam
1907 3688 1983 3748 ideo

1178 3767 1297 3828 licitum
1312 3772 1359 3831 est
1371 3775 1493 3832 mutare
1508 3774 1617 3833 votum
1632 3771 1801 3850 1111111111,
1819 3773 1897 3852 quia
1913 3791 1986 3836 om-

1178 3855 1232 3916 nia
1245 3861 1318 3918 vota
1332 3858 1410 3919 frunt
1423 3861 1498 3936 Deo,
1520 3859 1631 3921 satisfit
1644 3865 1765 3938 autem,
1782 3861 1864 3923 11111
1877 3865 1983 3939 recte,

1179 3941 1205 4004 si
1232 3943 1275 4004 illi
1303 3945 1441 4006 solvatur
1468 3946 1585 4028 majus,
1612 3947 1661 4008 cui
1689 3947 1823 4009 debetur
1850 3949 1984 4024 minus;

1180 4051 1197 4092 e
1213 4039 1321 4094 contra
1335 4033 1493 4112 sponsalia
1507 4035 1648 4116 obligant
1666 4035 1804 4113 homini,
1820 4041 1939 4098 votum
1955 4043 1988 4100 et

334 4125 446 4186 simam
463 4146 469 4187 :
486 4126 605 4190 Verria,
624 4127 646 4188 l.
664 4131 692 4203 l,
709 4125 738 4189 d,
760 4131 810 4204 17,
834 4147 865 4187 n.
892 4129 920 4204 l,
938 4132 1029 4190 vocat
1051 4128 1125 4189 satis
1181 4117 1263 4181 Ordo
1285 4137 1374 4181 sacer
1392 4121 1510 4201 obligat
1529 4123 1604 4199 Deo,
1621 4123 1703 4184 Deus
1718 4127 1824 4184 aulem
1838 4123 1935 4202 vult,
1953 4129 1990 4187 111

334 4213 547 4293 probabilem
564 4214 694 4276 Discast.
712 4215 741 4278 d,
754 4219 781 4292 t,
798 4236 828 4277 η,
845 4218 913 4292 178,
931 4216 1126 4294 prohabilem
1181 4208 1292 4290 cuique
1308 4207 1360 4288 jus
1375 4227 1467 4269 suum
1481 4208 1653 4284 tribuatur;
1671 4211 1875 4292 nequeenim
1897 4213 1989 4294 quis

335 4300 486 4382 agnoscit,
497 4302 574 4363 dum
588 4303 673 4380 dicit,
683 4303 844 4382 probabile
856 4322 934 4378 esse,
946 4301 1029 4382 quod
1043 4303 1126 4364 licite
1181 4313 1276 4375 qoem
1286 4295 1439 4374 dicotme,
1456 4316 1494 4358 ex
1509 4314 1545 4358 eo
1561 4297 1645 4377 quod
1659 4299 1724 4359 Deo
1739 4299 1789 4359 vel
1802 4298 1863 4378 piae
1874 4317 1991 4364 eausa

334 4390 1127 4469 voveatursusceptioOrdinissacri.Eamdcmtenet
1181 4384 1300 4446 solvam
1322 4388 1380 4448 tOO
1398 4386 1532 4464 daloros,
1557 4405 1625 4448 esse
1643 4387 1811 4450 liberatum
1834 4388 1876 4452 ab
1903 4391 1991 4453 obli-

336 4478 465 4540 Guttier.
491 4480 575 4557 apud
598 4481 696 4541 Gastr.
720 4478 749 4540 d.
775 4481 803 4556 1,
819 4499 852 4560 p.
870 4482 918 4556 19,
935 4499 965 4540 n.
985 4482 1012 4540 1.
1029 4479 1065 4540 ld
1079 4479 1127 4558 ip-
1180 4475 1305 4554 gationo
1320 4492 1374 4535 1ο1
1388 4475 1530 4536 solvendi
1545 4473 1606 4552 illi,
1624 4474 1673 4535 cui
1689 4475 1728 4536 ob
1743 4479 1888 4554 emptum
1906 4498 1990 4559 pan·

336 4582 407 4631 sum
421 4585 439 4626 1
452 4565 565 4645 potiori
579 4566 730 4628 tenebunt
750 4565 811 4642 illi,
835 4567 887 4648 qui
908 4566 1021 4628 docent
1042 4566 1125 4626 licite
1180 4579 1256 4621 num
1266 4562 1335 4624 illos
1345 4561 1461 4636 debeo;
1479 4580 1554 4641 ergo
1569 4581 1626 4624 nec
1641 4562 1796 4626 satisfacio
1808 4562 1874 4644 juri
1887 4584 1991 4645 spon-

336 4672 428 4738 posse
455 4660 526 4733 post
553 4654 710 4734 sponsalia
737 4653 835 4716 emitti
863 4655 995 4733 simplex
1018 4659 1126 4716 votum
1180 4668 1233 4726 11,
1248 4649 1322 4710 11111
1335 4669 1385 4711 me
1399 4652 1463 4712 Deo
1480 4651 1616 4730 obligem
1636 4650 1676 4711 sd
1697 4650 1820 4732 majora
1842 4670 1907 4730 per
1932 4657 1991 4717 Or·

336 4743 562 4823 castitatisque
573 4742 729 4822 sponsalia
737 4743 934 4818 dirimantur,
943 4743 981 4803 de
991 4760 1126 4822 1111111-
1180 4739 1269 4798 dines
1290 4756 1404 4801 sacros.
1432 4739 1511 4801 Hinc
1530 4740 1673 4820 quamvis
1687 4740 1797 4802 Tamb.
1815 4748 1837 4800 t.
1852 4743 1886 4818 3,
1906 4761 1935 4804 1.
1956 4747 1990 4820 5,

336 4829 434 4892 tentia
448 4828 510 4890 dixi
525 4849 555 4894 n.
573 4831 640 4904 189,
652 4833 761 4907 Laym.
779 4830 799 4890 l.
817 4834 847 4907 s,
860 4839 882 4890 t.
901 4831 948 4905 10,
963 4849 996 4910 p.
1014 4831 1123 4906 1,1.1,
1179 4827 1240 4906 53,
1257 4826 1341 4888 dicat
1363 4831 1528 4908 utramque
1552 4827 1738 4889 sententiam
1757 4845 1814 4888 sua
1828 4829 1993 4908 probabi·

336 4935 366 4976 n.
383 4919 413 4994 ¹1,
430 4933 526 4995 agens
540 4915 580 4976 de
594 4915 741 4978 facultate
760 4916 947 4980 dissolvendi
969 4916 1127 4996 sponsalia
1179 4914 1265 4976 litate
1281 4932 1343 4976 non
1355 4933 1475 4992 carere,
1492 4920 1523 4978 et
1537 4917 1628 4995 Spor.
1641 4935 1670 4980 n.
1682 4917 1752 4992 105,
1764 4914 1849 4978 dicat
1860 4921 1993 4980 utram·

336 5021 393 5088 per
414 5002 643 5082 susceptionem
657 5004 736 5065 sacri
752 5004 893 5082 Ordinis,
910 5004 970 5080 ait,
987 5023 1126 5065 1111111111-
1181 5020 1241 5081 que
1256 5021 1323 5062 esse
1333 5002 1709 5083 aequaliterprobabilem,
1719 5005 1825 5064 11111111
1836 5005 1995 5068 secunda

338 5090 430 5152 tentia
453 5089 514 5151 tac
536 5089 571 5151 od
590 5093 728 5172 pravium
745 5092 904 5154 Doctorum
926 5093 1127 5154 auctoritatem
1180 5090 1304 5152 videtur
1327 5111 1394 5152 esse
1415 5091 1491 5152 milri
1515 5092 1607 5169 longe
1630 5090 1833 5172 probabilior,
1857 5097 1894 5152 et
1918 5097 1992 5156 tum

333 5176 499 5261 probabilis
518 5179 566 5256 sit,
592 5178 622 5238 in
640 5179 812 5242 conncs'cntia
833 5187 912 5240 tutus
935 5179 1004 5248 crit,
1027 5181 1083 5260 qui
1108 5197 1127 5239 a
1181 5177 1291 5238 saltem
1315 5178 1456 5239 absolute
1474 5177 1621 5254 tenenda,
1638 5177 1663 5238 11
1679 5177 1748 5258 quis
1762 5175 1856 5238 vellet
1870 5197 1995 5243 sacros

334 5264 514 5345 sponsalibus
531 5266 698 5346 praesertim
720 5267 798 5328 clam
820 5266 986 5342 celebratis,
1015 5267 1127 5328 sincero
1181 5265 1312 5327 Ordines
1335 5267 1503 5345 suscipere,
1529 5269 1622 5344 putu,
1646 5268 1681 5327 ut
1699 5283 1732 5326 se
1751 5283 1771 5326 a
1791 5265 1846 5327 lali
1860 5284 1996 5346 sponsa

336 5351 437 5411 animo
459 5351 655 5433 amplectendi
675 5362 784 5416 statum
807 5351 1013 5434 perfectiorem
1035 5355 1128 5414 conti·
1181 5352 1238 5413 sibi
1254 5371 1336 5414 nunc
1351 5353 1534 5432 displicente
1548 5353 1706 5416 liberaret.

336 5448 444 5504 nentia
461 5439 611 5502 resilierit.
632 5441 748 5506 addit:
769 5443 795 5502 si
809 5441 848 5502 ad
864 5440 962 5522 sorum
976 5449 1127 5503 salcanum
1223 5439 1328 5514 Ouoest.
1346 5444 1395 5504 29.
1412 5476 1451 5486 -
1467 5439 1544 5515 Quid
1557 5438 1718 5502 notandum
1737 5439 1774 5502 sit
1792 5439 1873 5502 circa
1890 5441 1996 5506 disso-
