<?xml version="1.0" encoding="UTF-8"?>
<!DOCTYPE html PUBLIC "-//W3C//DTD XHTML 1.0 Transitional//EN"
    "http://www.w3.org/TR/xhtml1/DTD/xhtml1-transitional.dtd">
<html xmlns="http://www.w3.org/1999/xhtml" xml:lang="en" lang="en">
 <head>
  <title>
</title>
<meta http-equiv="Content-Type" content="text/html;charset=utf-8" />
  <meta name='ocr-system' content='tesseract 3.04.00' />
  <meta name='ocr-capabilities' content='ocr_page ocr_carea ocr_par ocr_line ocrx_word'/>
</head>
<body>
  <div class='ocr_page' id='page_1' title='image "./theologiamorali00diongoog_0315.png"; bbox 0 0 3974 6348; ppageno 0'>
   <div class='ocr_carea' id='block_1_1' title="bbox 13 459 1662 642">
    <p class='ocr_par' dir='ltr' id='par_1_1' title="bbox 13 459 1662 698">
     <span class='ocr_line' id='line_1_1' title="bbox 13 459 15 504; baseline 0 0"><span class='ocrx_word' id='word_1_1' title='bbox 13 459 15 504; x_wconf 86' lang='lat' dir='ltr'><strong>i</strong></span> 
     </span>
     <span class='ocr_line' id='line_1_2' title="bbox 695 557 1662 642; baseline -0.001 -2.414"><span class='ocrx_word' id='word_1_2' title='bbox 695 582 746 640; x_wconf 87' lang='grc'><strong>88</strong></span> <span class='ocrx_word' id='word_1_3' title='bbox 777 560 969 642; x_wconf 77' lang='lat' dir='ltr'><strong>consonis</strong></span> <span class='ocrx_word' id='word_1_4' title='bbox 1604 557 1662 641; x_wconf 76' lang='lat' dir='ltr'><strong>noi</strong></span> 
     </span>
    </p>
   </div>
   <div class='ocr_carea' id='block_1_2' title="bbox 13 757 1845 5600">
    <p class='ocr_par' dir='ltr' id='par_1_2' title="bbox 13 757 1845 5600">
     <span class='ocr_line' id='line_1_3' title="bbox 13 757 1662 842; baseline -0.001 -15"><span class='ocrx_word' id='word_1_5' title='bbox 13 757 15 834; x_wconf 70' lang='grc' dir='ltr'><strong><em>ἶ</em></strong></span> <span class='ocrx_word' id='word_1_6' title='bbox 55 759 371 827; x_wconf 58' lang='lat' dir='ltr'><strong>excommunicationem</strong></span> <span class='ocrx_word' id='word_1_7' title='bbox 392 758 557 839; x_wconf 81' lang='lat' dir='ltr'><strong>minorem,</strong></span> <span class='ocrx_word' id='word_1_8' title='bbox 583 761 697 826; x_wconf 88' lang='lat' dir='ltr'><strong>Dicast.</strong></span> <span class='ocrx_word' id='word_1_9' title='bbox 721 763 752 826; x_wconf 89' lang='lat' dir='ltr'><strong>d.</strong></span> <span class='ocrx_word' id='word_1_10' title='bbox 779 769 809 842; x_wconf 76' lang='grc'><strong>3,</strong></span> <span class='ocrx_word' id='word_1_11' title='bbox 866 768 930 827; x_wconf 88' lang='lat' dir='ltr'><strong>tate</strong></span> <span class='ocrx_word' id='word_1_12' title='bbox 952 761 1216 826; x_wconf 87' lang='lat' dir='ltr'><strong>communicandi.</strong></span> <span class='ocrx_word' id='word_1_13' title='bbox 1242 763 1275 825; x_wconf 89' lang='lat' dir='ltr'><strong>Si</strong></span> <span class='ocrx_word' id='word_1_14' title='bbox 1298 760 1492 824; x_wconf 88' lang='lat' dir='ltr'><strong>denuntiatio</strong></span> <span class='ocrx_word' id='word_1_15' title='bbox 1505 761 1546 825; x_wconf 91' lang='lat' dir='ltr'><strong>sit</strong></span> <span class='ocrx_word' id='word_1_16' title='bbox 1565 767 1662 841; x_wconf 83' lang='lat' dir='ltr'><strong>certa,</strong></span> 
     </span>
     <span class='ocr_line' id='line_1_4' title="bbox 54 849 1664 934; baseline -0.002 -20.075"><span class='ocrx_word' id='word_1_17' title='bbox 54 851 268 927; x_wconf 71' lang='lat' dir='ltr'><strong>monacile,</strong></span> <span class='ocrx_word' id='word_1_18' title='bbox 283 852 353 912; x_wconf 88' lang='grc'><strong>494.</strong></span> <span class='ocrx_word' id='word_1_19' title='bbox 867 853 1010 934; x_wconf 88' lang='lat' dir='ltr'><strong>quamvis</strong></span> <span class='ocrx_word' id='word_1_20' title='bbox 1025 851 1306 914; x_wconf 77' lang='lat' dir='ltr'><strong>excommunicatio</strong></span> <span class='ocrx_word' id='word_1_21' title='bbox 1325 850 1365 912; x_wconf 92' lang='lat' dir='ltr'><strong>sit</strong></span> <span class='ocrx_word' id='word_1_22' title='bbox 1380 849 1488 926; x_wconf 90' lang='lat' dir='ltr'><strong>dubia,</strong></span> <span class='ocrx_word' id='word_1_23' title='bbox 1505 853 1553 912; x_wconf 88' lang='lat' dir='ltr'><strong>est</strong></span> <span class='ocrx_word' id='word_1_24' title='bbox 1566 851 1664 913; x_wconf 86' lang='lat' dir='ltr'><strong>vitan·</strong></span> 
     </span>
     <span class='ocr_line' id='line_1_5' title="bbox 13 933 1664 1020; baseline 0 -19"><span class='ocrx_word' id='word_1_25' title='bbox 13 933 38 1014; x_wconf 58' lang='grc'><strong>8</strong></span> <span class='ocrx_word' id='word_1_26' title='bbox 82 941 126 1019; x_wconf 71' lang='lat' dir='ltr'><strong>§t</strong></span> <span class='ocrx_word' id='word_1_27' title='bbox 140 939 190 1011; x_wconf 86' lang='grc'><strong>084</strong></span> <span class='ocrx_word' id='word_1_28' title='bbox 203 957 264 1000; x_wconf 89' lang='grc'><strong>888</strong></span> <span class='ocrx_word' id='word_1_29' title='bbox 279 941 328 1000; x_wconf 88' lang='grc'><strong>888</strong></span> <span class='ocrx_word' id='word_1_30' title='bbox 340 937 638 1018; x_wconf 87' lang='lat' dir='ltr'><strong>excommunicatus,</strong></span> <span class='ocrx_word' id='word_1_31' title='bbox 662 957 725 1001; x_wconf 91' lang='lat' dir='ltr'><strong>non</strong></span> <span class='ocrx_word' id='word_1_32' title='bbox 739 958 813 1020; x_wconf 91' lang='lat' dir='ltr'><strong>pec·</strong></span> <span class='ocrx_word' id='word_1_33' title='bbox 867 941 926 1002; x_wconf 91' lang='lat' dir='ltr'><strong>dus</strong></span> <span class='ocrx_word' id='word_1_34' title='bbox 949 959 1006 1020; x_wconf 89' lang='lat' dir='ltr'><strong>pro</strong></span> <span class='ocrx_word' id='word_1_35' title='bbox 1029 940 1098 1002; x_wconf 84' lang='lat' dir='ltr'><strong>loro</strong></span> <span class='ocrx_word' id='word_1_36' title='bbox 1124 943 1264 1017; x_wconf 86' lang='lat' dir='ltr'><strong>externo,</strong></span> <span class='ocrx_word' id='word_1_37' title='bbox 1282 939 1356 1019; x_wconf 89' lang='lat' dir='ltr'><strong>quia</strong></span> <span class='ocrx_word' id='word_1_38' title='bbox 1376 939 1531 1019; x_wconf 83' lang='lat' dir='ltr'><strong>possessio</strong></span> <span class='ocrx_word' id='word_1_39' title='bbox 1546 943 1594 1002; x_wconf 90' lang='lat' dir='ltr'><strong>est</strong></span> <span class='ocrx_word' id='word_1_40' title='bbox 1607 957 1664 1020; x_wconf 90' lang='lat' dir='ltr'><strong>pro</strong></span> 
     </span>
     <span class='ocr_line' id='line_1_6' title="bbox 54 1027 1664 1108; baseline -0.002 -16.099"><span class='ocrx_word' id='word_1_41' title='bbox 54 1027 228 1104; x_wconf 75' lang='lat' dir='ltr'><strong>cotsietiam</strong></span> <span class='ocrx_word' id='word_1_42' title='bbox 254 1028 321 1089; x_wconf 90' lang='lat' dir='ltr'><strong>sine</strong></span> <span class='ocrx_word' id='word_1_43' title='bbox 344 1047 441 1090; x_wconf 86' lang='grc'><strong>88888</strong></span> <span class='ocrx_word' id='word_1_44' title='bbox 454 1033 528 1108; x_wconf 89' lang='lat' dir='ltr'><strong>agat</strong></span> <span class='ocrx_word' id='word_1_45' title='bbox 546 1046 618 1089; x_wconf 91' lang='lat' dir='ltr'><strong>cum</strong></span> <span class='ocrx_word' id='word_1_46' title='bbox 633 1047 813 1090; x_wconf 80' lang='grc'><strong>88888888-</strong></span> <span class='ocrx_word' id='word_1_47' title='bbox 867 1028 1121 1103; x_wconf 85' lang='grc'><strong>8888884884888;</strong></span> <span class='ocrx_word' id='word_1_48' title='bbox 1144 1029 1171 1089; x_wconf 90' lang='grc'><strong>84</strong></span> <span class='ocrx_word' id='word_1_49' title='bbox 1194 1031 1299 1090; x_wconf 69' lang='lat' dir='ltr'><strong>momen</strong></span> <span class='ocrx_word' id='word_1_50' title='bbox 1321 1031 1479 1089; x_wconf 90' lang='lat' dir='ltr'><strong>constaret</strong></span> <span class='ocrx_word' id='word_1_51' title='bbox 1506 1046 1569 1088; x_wconf 91' lang='lat' dir='ltr'><strong>non</strong></span> <span class='ocrx_word' id='word_1_52' title='bbox 1597 1045 1664 1090; x_wconf 89' lang='lat' dir='ltr'><strong>esse</strong></span> 
     </span>
     <span class='ocr_line' id='line_1_7' title="bbox 53 1116 1664 1196; baseline 0 -18"><span class='ocrx_word' id='word_1_53' title='bbox 53 1117 132 1179; x_wconf 83' lang='lat' dir='ltr'><strong>niceto</strong></span> <span class='ocrx_word' id='word_1_54' title='bbox 144 1135 198 1178; x_wconf 93' lang='lat' dir='ltr'><strong>non</strong></span> <span class='ocrx_word' id='word_1_55' title='bbox 216 1116 412 1196; x_wconf 83' lang='lat' dir='ltr'><strong>denuntiato,</strong></span> <span class='ocrx_word' id='word_1_56' title='bbox 435 1118 500 1178; x_wconf 91' lang='lat' dir='ltr'><strong>sive</strong></span> <span class='ocrx_word' id='word_1_57' title='bbox 521 1118 552 1178; x_wconf 94' lang='lat' dir='ltr'><strong>in</strong></span> <span class='ocrx_word' id='word_1_58' title='bbox 576 1119 683 1195; x_wconf 89' lang='lat' dir='ltr'><strong>sacris,</strong></span> <span class='ocrx_word' id='word_1_59' title='bbox 700 1119 766 1179; x_wconf 83' lang='lat' dir='ltr'><strong>sive</strong></span> <span class='ocrx_word' id='word_1_60' title='bbox 780 1117 813 1178; x_wconf 91' lang='lat' dir='ltr'><strong>in</strong></span> <span class='ocrx_word' id='word_1_61' title='bbox 868 1118 1184 1194; x_wconf 86' lang='lat' dir='ltr'><strong>excommunicatum,</strong></span> <span class='ocrx_word' id='word_1_62' title='bbox 1201 1117 1348 1178; x_wconf 81' lang='grc'><strong>84888888</strong></span> <span class='ocrx_word' id='word_1_63' title='bbox 1361 1133 1424 1176; x_wconf 87' lang='grc'><strong>888</strong></span> <span class='ocrx_word' id='word_1_64' title='bbox 1436 1117 1664 1195; x_wconf 83' lang='lat' dir='ltr'><strong>cssetproioro</strong></span> 
     </span>
     <span class='ocr_line' id='line_1_8' title="bbox 13 1203 1662 1285; baseline -0.001 -21"><span class='ocrx_word' id='word_1_65' title='bbox 13 1219 15 1276; x_wconf 72' lang='lat' dir='ltr'><strong>i</strong></span> <span class='ocrx_word' id='word_1_66' title='bbox 53 1203 171 1282; x_wconf 77' lang='lat' dir='ltr'><strong>profanis,</strong></span> <span class='ocrx_word' id='word_1_67' title='bbox 193 1205 268 1285; x_wconf 91' lang='lat' dir='ltr'><strong>quia</strong></span> <span class='ocrx_word' id='word_1_68' title='bbox 293 1203 405 1268; x_wconf 76' lang='grc'><strong>08888.</strong></span> <span class='ocrx_word' id='word_1_69' title='bbox 437 1204 652 1268; x_wconf 82' lang='lat' dir='ltr'><strong>Constantiense</strong></span> <span class='ocrx_word' id='word_1_70' title='bbox 672 1207 813 1268; x_wconf 88' lang='lat' dir='ltr'><strong>absoluta</strong></span> <span class='ocrx_word' id='word_1_71' title='bbox 868 1205 1077 1283; x_wconf 83' lang='lat' dir='ltr'><strong>conscientiae,</strong></span> <span class='ocrx_word' id='word_1_72' title='bbox 1095 1205 1217 1267; x_wconf 87' lang='lat' dir='ltr'><strong>secluso</strong></span> <span class='ocrx_word' id='word_1_73' title='bbox 1232 1203 1391 1280; x_wconf 89' lang='lat' dir='ltr'><strong>scandalo,</strong></span> <span class='ocrx_word' id='word_1_74' title='bbox 1418 1209 1449 1264; x_wconf 89' lang='grc'><strong>88</strong></span> <span class='ocrx_word' id='word_1_75' title='bbox 1469 1206 1662 1281; x_wconf 87' lang='lat' dir='ltr'><strong>contemptu.</strong></span> 
     </span>
     <span class='ocr_line' id='line_1_9' title="bbox 52 1289 1666 1371; baseline -0.001 -20"><span class='ocrx_word' id='word_1_76' title='bbox 52 1291 81 1351; x_wconf 88' lang='lat' dir='ltr'><strong>ad</strong></span> <span class='ocrx_word' id='word_1_77' title='bbox 94 1292 141 1353; x_wconf 89' lang='lat' dir='ltr'><strong>boe</strong></span> <span class='ocrx_word' id='word_1_78' title='bbox 152 1297 334 1371; x_wconf 84' lang='lat' dir='ltr'><strong>potestatem</strong></span> <span class='ocrx_word' id='word_1_79' title='bbox 347 1294 441 1355; x_wconf 85' lang='lat' dir='ltr'><strong>facit:</strong></span> <span class='ocrx_word' id='word_1_80' title='bbox 459 1293 542 1355; x_wconf 92' lang='lat' dir='ltr'><strong>unde</strong></span> <span class='ocrx_word' id='word_1_81' title='bbox 558 1298 590 1356; x_wconf 88' lang='grc'><strong>88</strong></span> <span class='ocrx_word' id='word_1_82' title='bbox 603 1295 674 1356; x_wconf 87' lang='grc'><strong>88448</strong></span> <span class='ocrx_word' id='word_1_83' title='bbox 690 1311 814 1356; x_wconf 82' lang='lat' dir='ltr'><strong>excom·</strong></span> <span class='ocrx_word' id='word_1_84' title='bbox 868 1294 972 1357; x_wconf 85' lang='lat' dir='ltr'><strong>Semel</strong></span> <span class='ocrx_word' id='word_1_85' title='bbox 996 1292 1197 1355; x_wconf 86' lang='lat' dir='ltr'><strong>denuntiatus</strong></span> <span class='ocrx_word' id='word_1_86' title='bbox 1220 1309 1345 1370; x_wconf 89' lang='lat' dir='ltr'><strong>semper</strong></span> <span class='ocrx_word' id='word_1_87' title='bbox 1368 1294 1415 1352; x_wconf 88' lang='lat' dir='ltr'><strong>est</strong></span> <span class='ocrx_word' id='word_1_88' title='bbox 1435 1289 1592 1366; x_wconf 85' lang='lat' dir='ltr'><strong>vitandus,</strong></span> <span class='ocrx_word' id='word_1_89' title='bbox 1610 1289 1666 1350; x_wconf 94' lang='lat' dir='ltr'><strong>do-</strong></span> 
     </span>
     <span class='ocr_line' id='line_1_10' title="bbox 52 1377 1664 1462; baseline -0.001 -24"><span class='ocrx_word' id='word_1_90' title='bbox 52 1380 210 1458; x_wconf 87' lang='lat' dir='ltr'><strong>municatus,</strong></span> <span class='ocrx_word' id='word_1_91' title='bbox 239 1382 265 1442; x_wconf 91' lang='grc'><strong>84</strong></span> <span class='ocrx_word' id='word_1_92' title='bbox 293 1382 333 1443; x_wconf 87' lang='grc'><strong>848</strong></span> <span class='ocrx_word' id='word_1_93' title='bbox 359 1385 549 1461; x_wconf 71' lang='lat' dir='ltr'><strong>praeventus,</strong></span> <span class='ocrx_word' id='word_1_94' title='bbox 575 1382 641 1444; x_wconf 85' lang='lat' dir='ltr'><strong>sire</strong></span> <span class='ocrx_word' id='word_1_95' title='bbox 673 1385 812 1462; x_wconf 77' lang='lat' dir='ltr'><strong>rogetur,</strong></span> <span class='ocrx_word' id='word_1_96' title='bbox 869 1400 926 1442; x_wconf 89' lang='lat' dir='ltr'><strong>nce</strong></span> <span class='ocrx_word' id='word_1_97' title='bbox 949 1385 1069 1443; x_wconf 89' lang='lat' dir='ltr'><strong>constet</strong></span> <span class='ocrx_word' id='word_1_98' title='bbox 1088 1380 1127 1441; x_wconf 87' lang='lat' dir='ltr'><strong>de</strong></span> <span class='ocrx_word' id='word_1_99' title='bbox 1141 1379 1348 1456; x_wconf 88' lang='lat' dir='ltr'><strong>absolutione,</strong></span> <span class='ocrx_word' id='word_1_100' title='bbox 1368 1377 1458 1439; x_wconf 88' lang='lat' dir='ltr'><strong>sicuti</strong></span> <span class='ocrx_word' id='word_1_101' title='bbox 1474 1377 1570 1439; x_wconf 86' lang='grc'><strong>884888</strong></span> <span class='ocrx_word' id='word_1_102' title='bbox 1585 1392 1664 1456; x_wconf 86' lang='lat' dir='ltr'><strong>prae-</strong></span> 
     </span>
     <span class='ocr_line' id='line_1_11' title="bbox 52 1464 1665 1549; baseline -0.002 -23"><span class='ocrx_word' id='word_1_103' title='bbox 52 1484 97 1526; x_wconf 91' lang='lat' dir='ltr'><strong>non</strong></span> <span class='ocrx_word' id='word_1_104' title='bbox 109 1468 237 1546; x_wconf 74' lang='lat' dir='ltr'><strong>peccabit</strong></span> <span class='ocrx_word' id='word_1_105' title='bbox 251 1469 525 1547; x_wconf 89' lang='lat' dir='ltr'><strong>communicando,</strong></span> <span class='ocrx_word' id='word_1_106' title='bbox 539 1470 594 1530; x_wconf 90' lang='grc'><strong>888</strong></span> <span class='ocrx_word' id='word_1_107' title='bbox 605 1474 729 1532; x_wconf 84' lang='lat' dir='ltr'><strong>tanturn</strong></span> <span class='ocrx_word' id='word_1_108' title='bbox 743 1487 815 1549; x_wconf 87' lang='lat' dir='ltr'><strong>pec·</strong></span> <span class='ocrx_word' id='word_1_109' title='bbox 869 1469 1003 1531; x_wconf 78' lang='lat' dir='ltr'><strong>sumitur</strong></span> <span class='ocrx_word' id='word_1_110' title='bbox 1018 1469 1132 1529; x_wconf 87' lang='lat' dir='ltr'><strong>durare</strong></span> <span class='ocrx_word' id='word_1_111' title='bbox 1157 1464 1525 1541; x_wconf 73' lang='lat' dir='ltr'><strong>excommunicationem,</strong></span> <span class='ocrx_word' id='word_1_112' title='bbox 1551 1464 1575 1524; x_wconf 91' lang='lat' dir='ltr'><strong>si</strong></span> <span class='ocrx_word' id='word_1_113' title='bbox 1599 1481 1665 1524; x_wconf 91' lang='lat' dir='ltr'><strong>non</strong></span> 
     </span>
     <span class='ocr_line' id='line_1_12' title="bbox 51 1550 1664 1636; baseline -0.002 -23"><span class='ocrx_word' id='word_1_114' title='bbox 51 1553 123 1629; x_wconf 83' lang='lat' dir='ltr'><strong>cubit,</strong></span> <span class='ocrx_word' id='word_1_115' title='bbox 137 1554 256 1634; x_wconf 89' lang='lat' dir='ltr'><strong>quando</strong></span> <span class='ocrx_word' id='word_1_116' title='bbox 283 1574 341 1617; x_wconf 90' lang='lat' dir='ltr'><strong>sua</strong></span> <span class='ocrx_word' id='word_1_117' title='bbox 362 1562 472 1635; x_wconf 89' lang='lat' dir='ltr'><strong>sponte</strong></span> <span class='ocrx_word' id='word_1_118' title='bbox 495 1573 529 1616; x_wconf 90' lang='lat' dir='ltr'><strong>se</strong></span> <span class='ocrx_word' id='word_1_119' title='bbox 544 1556 664 1635; x_wconf 90' lang='lat' dir='ltr'><strong>primus</strong></span> <span class='ocrx_word' id='word_1_120' title='bbox 679 1556 812 1636; x_wconf 82' lang='lat' dir='ltr'><strong>ingeret,</strong></span> <span class='ocrx_word' id='word_1_121' title='bbox 869 1561 992 1620; x_wconf 89' lang='lat' dir='ltr'><strong>constet</strong></span> <span class='ocrx_word' id='word_1_122' title='bbox 1014 1557 1052 1617; x_wconf 90' lang='lat' dir='ltr'><strong>de</strong></span> <span class='ocrx_word' id='word_1_123' title='bbox 1077 1555 1295 1627; x_wconf 85' lang='lat' dir='ltr'><strong>absolutione;</strong></span> <span class='ocrx_word' id='word_1_124' title='bbox 1313 1555 1388 1631; x_wconf 86' lang='lat' dir='ltr'><strong>Cap.</strong></span> <span class='ocrx_word' id='word_1_125' title='bbox 1405 1551 1488 1612; x_wconf 83' lang='lat' dir='ltr'><strong>Sicut</strong></span> <span class='ocrx_word' id='word_1_126' title='bbox 1504 1550 1597 1627; x_wconf 83' lang='lat' dir='ltr'><strong>notis,</strong></span> <span class='ocrx_word' id='word_1_127' title='bbox 1615 1551 1664 1611; x_wconf 90' lang='grc'><strong>39.</strong></span> 
     </span>
     <span class='ocr_line' id='line_1_13' title="bbox 52 1643 1450 1724; baseline 0.004 -21"><span class='ocrx_word' id='word_1_128' title='bbox 52 1643 363 1706; x_wconf 70' lang='lat' dir='ltr'><strong>casaromaniana.</strong></span> <span class='ocrx_word' id='word_1_129' title='bbox 381 1663 411 1705; x_wconf 89' lang='lat' dir='ltr'><strong>n.</strong></span> <span class='ocrx_word' id='word_1_130' title='bbox 428 1647 498 1720; x_wconf 92' lang='grc'><strong>389,</strong></span> <span class='ocrx_word' id='word_1_131' title='bbox 512 1644 689 1724; x_wconf 88' lang='lat' dir='ltr'><strong>iterumque</strong></span> <span class='ocrx_word' id='word_1_132' title='bbox 703 1663 812 1706; x_wconf 85' lang='lat' dir='ltr'><strong>anum.</strong></span> <span class='ocrx_word' id='word_1_133' title='bbox 868 1656 914 1714; x_wconf 72' lang='lat' dir='ltr'><strong>De</strong></span> <span class='ocrx_word' id='word_1_134' title='bbox 928 1655 1007 1714; x_wconf 76' lang='lat' dir='ltr'><strong>sent,</strong></span> <span class='ocrx_word' id='word_1_135' title='bbox 1027 1669 1180 1713; x_wconf 74' lang='lat' dir='ltr'><strong>excomm.</strong></span> <span class='ocrx_word' id='word_1_136' title='bbox 1198 1649 1297 1711; x_wconf 86' lang='lat' dir='ltr'><strong>Krim.</strong></span> <span class='ocrx_word' id='word_1_137' title='bbox 1314 1669 1343 1710; x_wconf 90' lang='lat' dir='ltr'><strong>n.</strong></span> <span class='ocrx_word' id='word_1_138' title='bbox 1362 1651 1450 1711; x_wconf 87' lang='grc'><strong>4873.</strong></span> 
     </span>
     <span class='ocr_line' id='line_1_14' title="bbox 50 1731 1736 1820; baseline 0.005 -30"><span class='ocrx_word' id='word_1_139' title='bbox 50 1733 103 1792; x_wconf 88' lang='grc'><strong>476.</strong></span> <span class='ocrx_word' id='word_1_140' title='bbox 116 1731 144 1792; x_wconf 89' lang='lat' dir='ltr'><strong>si</strong></span> <span class='ocrx_word' id='word_1_141' title='bbox 156 1737 258 1792; x_wconf 86' lang='lat' dir='ltr'><strong>tamen</strong></span> <span class='ocrx_word' id='word_1_142' title='bbox 274 1737 496 1812; x_wconf 90' lang='lat' dir='ltr'><strong>uterqueesset</strong></span> <span class='ocrx_word' id='word_1_143' title='bbox 511 1733 812 1810; x_wconf 85' lang='lat' dir='ltr'><strong>excommunicatus,</strong></span> <span class='ocrx_word' id='word_1_144' title='bbox 909 1743 970 1820; x_wconf 68' lang='lat' dir='ltr'><strong>gi.</strong></span> <span class='ocrx_word' id='word_1_145' title='bbox 983 1740 1131 1813; x_wconf 82' lang='lat' dir='ltr'><strong>Quamvis</strong></span> <span class='ocrx_word' id='word_1_146' title='bbox 1142 1739 1254 1819; x_wconf 88' lang='lat' dir='ltr'><strong>aliquis</strong></span> <span class='ocrx_word' id='word_1_147' title='bbox 1264 1737 1550 1798; x_wconf 86' lang='lat' dir='ltr'><strong>excommunicatus</strong></span> <span class='ocrx_word' id='word_1_148' title='bbox 1566 1734 1668 1796; x_wconf 90' lang='lat' dir='ltr'><strong>sitde·</strong></span> <span class='ocrx_word' id='word_1_149' title='bbox 1694 1752 1736 1798; x_wconf 80' lang='lat' dir='ltr'><strong>sos</strong></span> 
     </span>
     <span class='ocr_line' id='line_1_15' title="bbox 51 1818 1667 1906; baseline 0.004 -30"><span class='ocrx_word' id='word_1_150' title='bbox 51 1821 138 1878; x_wconf 79' lang='lat' dir='ltr'><strong>neuter</strong></span> <span class='ocrx_word' id='word_1_151' title='bbox 150 1818 204 1878; x_wconf 89' lang='lat' dir='ltr'><strong>sub</strong></span> <span class='ocrx_word' id='word_1_152' title='bbox 224 1835 322 1898; x_wconf 82' lang='lat' dir='ltr'><strong>poena</strong></span> <span class='ocrx_word' id='word_1_153' title='bbox 343 1818 672 1881; x_wconf 80' lang='lat' dir='ltr'><strong>excommunicationis</strong></span> <span class='ocrx_word' id='word_1_154' title='bbox 686 1818 815 1881; x_wconf 73' lang='lat' dir='ltr'><strong>minoris</strong></span> <span class='ocrx_word' id='word_1_155' title='bbox 870 1829 1041 1906; x_wconf 89' lang='lat' dir='ltr'><strong>nuntiatus,</strong></span> <span class='ocrx_word' id='word_1_156' title='bbox 1066 1847 1128 1890; x_wconf 92' lang='lat' dir='ltr'><strong>non</strong></span> <span class='ocrx_word' id='word_1_157' title='bbox 1152 1831 1278 1889; x_wconf 88' lang='grc'><strong>8888888</strong></span> <span class='ocrx_word' id='word_1_158' title='bbox 1300 1825 1456 1887; x_wconf 89' lang='grc'><strong>888848888</strong></span> <span class='ocrx_word' id='word_1_159' title='bbox 1476 1843 1496 1884; x_wconf 86' lang='grc'><strong>8</strong></span> <span class='ocrx_word' id='word_1_160' title='bbox 1510 1822 1667 1884; x_wconf 86' lang='lat' dir='ltr'><strong>consortio</strong></span> 
     </span>
     <span class='ocr_line' id='line_1_16' title="bbox 49 1905 1665 1997; baseline -0.003 -22"><span class='ocrx_word' id='word_1_161' title='bbox 49 1905 154 1969; x_wconf 74' lang='lat' dir='ltr'><strong>undeet</strong></span> <span class='ocrx_word' id='word_1_162' title='bbox 173 1925 268 1988; x_wconf 76' lang='lat' dir='ltr'><strong>egere</strong></span> <span class='ocrx_word' id='word_1_163' title='bbox 291 1923 363 1968; x_wconf 86' lang='lat' dir='ltr'><strong>oum</strong></span> <span class='ocrx_word' id='word_1_164' title='bbox 378 1908 487 1984; x_wconf 83' lang='lat' dir='ltr'><strong>altero,</strong></span> <span class='ocrx_word' id='word_1_165' title='bbox 513 1908 589 1987; x_wconf 82' lang='lat' dir='ltr'><strong>quio</strong></span> <span class='ocrx_word' id='word_1_166' title='bbox 607 1909 667 1970; x_wconf 87' lang='lat' dir='ltr'><strong>hoc</strong></span> <span class='ocrx_word' id='word_1_167' title='bbox 683 1913 730 1971; x_wconf 84' lang='lat' dir='ltr'><strong>est</strong></span> <span class='ocrx_word' id='word_1_168' title='bbox 744 1926 815 1970; x_wconf 87' lang='lat' dir='ltr'><strong>oon·</strong></span> <span class='ocrx_word' id='word_1_169' title='bbox 870 1918 1060 1990; x_wconf 63' lang='lat' dir='ltr'><strong>infidelium</strong></span> <span class='ocrx_word' id='word_1_170' title='bbox 1079 1917 1152 1997; x_wconf 86' lang='lat' dir='ltr'><strong>quia</strong></span> <span class='ocrx_word' id='word_1_171' title='bbox 1167 1917 1198 1976; x_wconf 86' lang='lat' dir='ltr'><strong>hi</strong></span> <span class='ocrx_word' id='word_1_172' title='bbox 1224 1933 1286 1976; x_wconf 85' lang='lat' dir='ltr'><strong>non</strong></span> <span class='ocrx_word' id='word_1_173' title='bbox 1304 1912 1482 1974; x_wconf 82' lang='lat' dir='ltr'><strong>subduntur</strong></span> <span class='ocrx_word' id='word_1_174' title='bbox 1503 1909 1665 1986; x_wconf 73' lang='lat' dir='ltr'><strong>Ecclesia,</strong></span> 
     </span>
     <span class='ocr_line' id='line_1_17' title="bbox 50 1995 1669 2084; baseline -0.004 -20"><span class='ocrx_word' id='word_1_175' title='bbox 50 2009 147 2053; x_wconf 75' lang='lat' dir='ltr'><strong>asom</strong></span> <span class='ocrx_word' id='word_1_176' title='bbox 165 1996 197 2054; x_wconf 84' lang='lat' dir='ltr'><strong>iu</strong></span> <span class='ocrx_word' id='word_1_177' title='bbox 217 1995 359 2056; x_wconf 80' lang='lat' dir='ltr'><strong>favorem</strong></span> <span class='ocrx_word' id='word_1_178' title='bbox 374 1995 507 2056; x_wconf 79' lang='lat' dir='ltr'><strong>oiiorom</strong></span> <span class='ocrx_word' id='word_1_179' title='bbox 521 1995 661 2056; x_wconf 79' lang='lat' dir='ltr'><strong>fidelium</strong></span> <span class='ocrx_word' id='word_1_180' title='bbox 687 2015 749 2058; x_wconf 84' lang='lat' dir='ltr'><strong>non</strong></span> <span class='ocrx_word' id='word_1_181' title='bbox 765 2013 816 2056; x_wconf 81' lang='lat' dir='ltr'><strong>ox·</strong></span> <span class='ocrx_word' id='word_1_182' title='bbox 871 2011 902 2067; x_wconf 86' lang='lat' dir='ltr'><strong>oi</strong></span> <span class='ocrx_word' id='word_1_183' title='bbox 915 2005 1083 2084; x_wconf 83' lang='lat' dir='ltr'><strong>prohibitio</strong></span> <span class='ocrx_word' id='word_1_184' title='bbox 1099 2005 1194 2065; x_wconf 79' lang='lat' dir='ltr'><strong>habeo</strong></span> <span class='ocrx_word' id='word_1_185' title='bbox 1212 2003 1251 2064; x_wconf 86' lang='lat' dir='ltr'><strong>de</strong></span> <span class='ocrx_word' id='word_1_186' title='bbox 1266 2000 1422 2064; x_wconf 80' lang='lat' dir='ltr'><strong>consortio</strong></span> <span class='ocrx_word' id='word_1_187' title='bbox 1436 1999 1576 2061; x_wconf 79' lang='lat' dir='ltr'><strong>odonam</strong></span> <span class='ocrx_word' id='word_1_188' title='bbox 1593 2018 1601 2073; x_wconf 91' lang='lat'>;</span> <span class='ocrx_word' id='word_1_189' title='bbox 1618 1997 1669 2058; x_wconf 82' lang='lat' dir='ltr'><strong>ui-</strong></span> 
     </span>
     <span class='ocr_line' id='line_1_18' title="bbox 49 2080 1132 2161; baseline 0.003 -23"><span class='ocrx_word' id='word_1_190' title='bbox 49 2080 334 2157; x_wconf 86' lang='lat' dir='ltr'><strong>commnuicetornm,</strong></span> <span class='ocrx_word' id='word_1_191' title='bbox 354 2081 468 2144; x_wconf 90' lang='lat' dir='ltr'><strong>Dicast.</strong></span> <span class='ocrx_word' id='word_1_192' title='bbox 485 2101 515 2144; x_wconf 90' lang='lat' dir='ltr'><strong>n.</strong></span> <span class='ocrx_word' id='word_1_193' title='bbox 531 2086 601 2161; x_wconf 91' lang='grc'><strong>474,</strong></span> <span class='ocrx_word' id='word_1_194' title='bbox 618 2086 696 2156; x_wconf 90' lang='grc'><strong>494;</strong></span> <span class='ocrx_word' id='word_1_195' title='bbox 715 2081 813 2144; x_wconf 89' lang='lat' dir='ltr'><strong>Gibal.</strong></span> <span class='ocrx_word' id='word_1_196' title='bbox 872 2095 948 2155; x_wconf 62' lang='lat' dir='ltr'><strong>cast,</strong></span> <span class='ocrx_word' id='word_1_197' title='bbox 965 2113 1045 2154; x_wconf 67' lang='lat' dir='ltr'><strong>num,</strong></span> <span class='ocrx_word' id='word_1_198' title='bbox 1063 2095 1132 2154; x_wconf 71' lang='grc'><strong>458,</strong></span> 
     </span>
     <span class='ocr_line' id='line_1_19' title="bbox 50 2167 1669 2260; baseline 0.004 -33"><span class='ocrx_word' id='word_1_199' title='bbox 50 2167 126 2229; x_wconf 76' lang='lat' dir='ltr'><strong>inm.</strong></span> <span class='ocrx_word' id='word_1_200' title='bbox 139 2189 166 2230; x_wconf 87' lang='lat' dir='ltr'><strong>n.</strong></span> <span class='ocrx_word' id='word_1_201' title='bbox 183 2173 272 2247; x_wconf 91' lang='grc'><strong>4869,</strong></span> <span class='ocrx_word' id='word_1_202' title='bbox 290 2173 378 2234; x_wconf 89' lang='grc'><strong>4998.</strong></span> <span class='ocrx_word' id='word_1_203' title='bbox 911 2181 929 2260; x_wconf 69' lang='grc'>5</span> <span class='ocrx_word' id='word_1_204' title='bbox 946 2182 977 2241; x_wconf 87' lang='grc'><strong>8.</strong></span> <span class='ocrx_word' id='word_1_205' title='bbox 1000 2179 1058 2252; x_wconf 85' lang='lat' dir='ltr'><strong>Oui</strong></span> <span class='ocrx_word' id='word_1_206' title='bbox 1082 2197 1154 2240; x_wconf 91' lang='lat' dir='ltr'><strong>cum</strong></span> <span class='ocrx_word' id='word_1_207' title='bbox 1176 2177 1445 2240; x_wconf 80' lang='lat' dir='ltr'><strong>excommunicato</strong></span> <span class='ocrx_word' id='word_1_208' title='bbox 1466 2175 1594 2238; x_wconf 89' lang='lat' dir='ltr'><strong>vitando</strong></span> <span class='ocrx_word' id='word_1_209' title='bbox 1622 2173 1669 2234; x_wconf 86' lang='lat' dir='ltr'><strong>lo-</strong></span> 
     </span>
     <span class='ocr_line' id='line_1_20' title="bbox 78 2256 1665 2348; baseline 0.003 -30"><span class='ocrx_word' id='word_1_210' title='bbox 78 2256 135 2334; x_wconf 62' lang='lat'><strong>53.</strong></span> <span class='ocrx_word' id='word_1_211' title='bbox 154 2259 325 2337; x_wconf 73' lang='lat' dir='ltr'><strong>vitandus,</strong></span> <span class='ocrx_word' id='word_1_212' title='bbox 351 2277 494 2321; x_wconf 87' lang='grc'><strong>888888</strong></span> <span class='ocrx_word' id='word_1_213' title='bbox 521 2262 692 2339; x_wconf 84' lang='lat' dir='ltr'><strong>toleratae,</strong></span> <span class='ocrx_word' id='word_1_214' title='bbox 724 2261 818 2322; x_wconf 91' lang='lat' dir='ltr'><strong>debet</strong></span> <span class='ocrx_word' id='word_1_215' title='bbox 873 2267 989 2348; x_wconf 89' lang='lat' dir='ltr'><strong>quitur,</strong></span> <span class='ocrx_word' id='word_1_216' title='bbox 1015 2267 1180 2328; x_wconf 85' lang='lat' dir='ltr'><strong>alliciendo</strong></span> <span class='ocrx_word' id='word_1_217' title='bbox 1206 2264 1396 2327; x_wconf 88' lang='lat' dir='ltr'><strong>eumverhis</strong></span> <span class='ocrx_word' id='word_1_218' title='bbox 1420 2262 1665 2338; x_wconf 86' lang='lat' dir='ltr'><strong>contumeliosis,</strong></span> 
     </span>
     <span class='ocr_line' id='line_1_21' title="bbox 50 2346 1670 2433; baseline 0.004 -29"><span class='ocrx_word' id='word_1_219' title='bbox 50 2361 101 2404; x_wconf 84' lang='lat' dir='ltr'><strong>ossa</strong></span> <span class='ocrx_word' id='word_1_220' title='bbox 117 2346 162 2406; x_wconf 80' lang='grc'><strong>884</strong></span> <span class='ocrx_word' id='word_1_221' title='bbox 183 2347 325 2409; x_wconf 90' lang='lat' dir='ltr'><strong>notorius</strong></span> <span class='ocrx_word' id='word_1_222' title='bbox 349 2347 459 2409; x_wconf 85' lang='lat' dir='ltr'><strong>Clerici</strong></span> <span class='ocrx_word' id='word_1_223' title='bbox 486 2366 670 2427; x_wconf 82' lang='lat' dir='ltr'><strong>percussor,</strong></span> <span class='ocrx_word' id='word_1_224' title='bbox 692 2349 742 2410; x_wconf 89' lang='lat' dir='ltr'><strong>vel</strong></span> <span class='ocrx_word' id='word_1_225' title='bbox 763 2367 819 2427; x_wconf 88' lang='lat' dir='ltr'><strong>pu·</strong></span> <span class='ocrx_word' id='word_1_226' title='bbox 873 2375 935 2419; x_wconf 90' lang='lat' dir='ltr'><strong>nnn</strong></span> <span class='ocrx_word' id='word_1_227' title='bbox 951 2357 1082 2418; x_wconf 89' lang='lat' dir='ltr'><strong>incurrit</strong></span> <span class='ocrx_word' id='word_1_228' title='bbox 1096 2373 1272 2431; x_wconf 81' lang='lat' dir='ltr'><strong>censuram,</strong></span> <span class='ocrx_word' id='word_1_229' title='bbox 1290 2353 1363 2433; x_wconf 88' lang='lat' dir='ltr'><strong>quia</strong></span> <span class='ocrx_word' id='word_1_230' title='bbox 1378 2353 1432 2414; x_wconf 89' lang='lat' dir='ltr'><strong>illa</strong></span> <span class='ocrx_word' id='word_1_231' title='bbox 1449 2371 1511 2413; x_wconf 91' lang='lat' dir='ltr'><strong>non</strong></span> <span class='ocrx_word' id='word_1_232' title='bbox 1528 2356 1670 2414; x_wconf 76' lang='lat' dir='ltr'><strong>estcom·</strong></span> 
     </span>
     <span class='ocr_line' id='line_1_22' title="bbox 48 2429 1670 2518; baseline -0.001 -16"><span class='ocrx_word' id='word_1_233' title='bbox 48 2429 119 2510; x_wconf 84' lang='lat' dir='ltr'><strong>iioo,</strong></span> <span class='ocrx_word' id='word_1_234' title='bbox 133 2451 288 2513; x_wconf 70' lang='lat' dir='ltr'><strong>expresse,</strong></span> <span class='ocrx_word' id='word_1_235' title='bbox 303 2440 335 2497; x_wconf 74' lang='lat' dir='ltr'><strong>et</strong></span> <span class='ocrx_word' id='word_1_236' title='bbox 350 2435 534 2497; x_wconf 73' lang='lat' dir='ltr'><strong>nominatim</strong></span> <span class='ocrx_word' id='word_1_237' title='bbox 548 2436 762 2498; x_wconf 74' lang='lat' dir='ltr'><strong>denuntiatus·</strong></span> <span class='ocrx_word' id='word_1_238' title='bbox 775 2440 819 2498; x_wconf 68' lang='lat' dir='ltr'><strong>De</strong></span> <span class='ocrx_word' id='word_1_239' title='bbox 873 2444 1042 2506; x_wconf 82' lang='lat' dir='ltr'><strong>munientia</strong></span> <span class='ocrx_word' id='word_1_240' title='bbox 1071 2443 1169 2505; x_wconf 86' lang='lat' dir='ltr'><strong>civilis</strong></span> <span class='ocrx_word' id='word_1_241' title='bbox 1191 2449 1222 2502; x_wconf 90' lang='lat' dir='ltr'><strong>et</strong></span> <span class='ocrx_word' id='word_1_242' title='bbox 1243 2443 1392 2518; x_wconf 88' lang='lat' dir='ltr'><strong>hnmana,</strong></span> <span class='ocrx_word' id='word_1_243' title='bbox 1416 2441 1472 2502; x_wconf 89' lang='lat' dir='ltr'><strong>sed</strong></span> <span class='ocrx_word' id='word_1_244' title='bbox 1495 2439 1598 2518; x_wconf 87' lang='lat' dir='ltr'><strong>potins</strong></span> <span class='ocrx_word' id='word_1_245' title='bbox 1623 2441 1670 2500; x_wconf 88' lang='lat' dir='ltr'><strong>est</strong></span> 
     </span>
     <span class='ocr_line' id='line_1_23' title="bbox 48 2524 1521 2606; baseline 0.006 -26"><span class='ocrx_word' id='word_1_246' title='bbox 48 2537 205 2598; x_wconf 78' lang='lat' dir='ltr'><strong>pomussore</strong></span> <span class='ocrx_word' id='word_1_247' title='bbox 220 2524 344 2602; x_wconf 84' lang='lat' dir='ltr'><strong>Clerici,</strong></span> <span class='ocrx_word' id='word_1_248' title='bbox 362 2525 463 2586; x_wconf 90' lang='lat' dir='ltr'><strong>dicam</strong></span> <span class='ocrx_word' id='word_1_249' title='bbox 478 2544 496 2584; x_wconf 86' lang='lat' dir='ltr'><strong>a</strong></span> <span class='ocrx_word' id='word_1_250' title='bbox 510 2545 592 2587; x_wconf 87' lang='lat' dir='ltr'><strong>num.</strong></span> <span class='ocrx_word' id='word_1_251' title='bbox 611 2528 681 2587; x_wconf 85' lang='lat'>300.</span> <span class='ocrx_word' id='word_1_252' title='bbox 703 2528 747 2586; x_wconf 88' lang='lat' dir='ltr'><strong>De</strong></span> <span class='ocrx_word' id='word_1_253' title='bbox 767 2524 820 2586; x_wconf 91' lang='lat' dir='ltr'><strong>de·</strong></span> <span class='ocrx_word' id='word_1_254' title='bbox 874 2533 996 2595; x_wconf 83' lang='lat' dir='ltr'><strong>aversio</strong></span> <span class='ocrx_word' id='word_1_255' title='bbox 1012 2536 1043 2593; x_wconf 92' lang='lat' dir='ltr'><strong>et</strong></span> <span class='ocrx_word' id='word_1_256' title='bbox 1057 2529 1251 2606; x_wconf 83' lang='lat' dir='ltr'><strong>dissociatas,</strong></span> <span class='ocrx_word' id='word_1_257' title='bbox 1268 2528 1383 2590; x_wconf 89' lang='lat' dir='ltr'><strong>Dicast.</strong></span> <span class='ocrx_word' id='word_1_258' title='bbox 1400 2545 1431 2588; x_wconf 86' lang='lat' dir='ltr'><strong>n.</strong></span> <span class='ocrx_word' id='word_1_259' title='bbox 1451 2531 1521 2589; x_wconf 80' lang='lat' dir='ltr'><strong>siin.</strong></span> 
     </span>
     <span class='ocr_line' id='line_1_24' title="bbox 49 2611 1741 2702; baseline 0.001 -32"><span class='ocrx_word' id='word_1_260' title='bbox 49 2611 215 2674; x_wconf 81' lang='lat' dir='ltr'><strong>nuntiatione</strong></span> <span class='ocrx_word' id='word_1_261' title='bbox 239 2632 393 2691; x_wconf 78' lang='lat' dir='ltr'><strong>censurae,</strong></span> <span class='ocrx_word' id='word_1_262' title='bbox 419 2613 481 2674; x_wconf 83' lang='lat' dir='ltr'><strong>dixi</strong></span> <span class='ocrx_word' id='word_1_263' title='bbox 505 2615 643 2694; x_wconf 83' lang='lat' dir='ltr'><strong>aliquae</strong></span> <span class='ocrx_word' id='word_1_264' title='bbox 660 2633 742 2676; x_wconf 86' lang='lat' dir='ltr'><strong>num.</strong></span> <span class='ocrx_word' id='word_1_265' title='bbox 766 2617 817 2691; x_wconf 80' lang='grc'><strong>78,</strong></span> <span class='ocrx_word' id='word_1_266' title='bbox 913 2623 973 2702; x_wconf 61' lang='grc'><strong>89.</strong></span> <span class='ocrx_word' id='word_1_267' title='bbox 991 2620 1023 2682; x_wconf 88' lang='lat' dir='ltr'><strong>si</strong></span> <span class='ocrx_word' id='word_1_268' title='bbox 1039 2619 1108 2700; x_wconf 90' lang='lat' dir='ltr'><strong>quis</strong></span> <span class='ocrx_word' id='word_1_269' title='bbox 1122 2617 1175 2680; x_wconf 90' lang='lat' dir='ltr'><strong>tali</strong></span> <span class='ocrx_word' id='word_1_270' title='bbox 1191 2617 1353 2694; x_wconf 89' lang='lat' dir='ltr'><strong>rescribat,</strong></span> <span class='ocrx_word' id='word_1_271' title='bbox 1378 2634 1457 2696; x_wconf 93' lang='lat' dir='ltr'><strong>pure</strong></span> <span class='ocrx_word' id='word_1_272' title='bbox 1472 2615 1555 2692; x_wconf 91' lang='lat' dir='ltr'><strong>idco,</strong></span> <span class='ocrx_word' id='word_1_273' title='bbox 1581 2633 1621 2675; x_wconf 88' lang='lat' dir='ltr'><strong>ne</strong></span> <span class='ocrx_word' id='word_1_274' title='bbox 1636 2631 1669 2676; x_wconf 90' lang='lat' dir='ltr'><strong>se</strong></span> <span class='ocrx_word' id='word_1_275' title='bbox 1697 2625 1741 2672; x_wconf 83' lang='lat' dir='ltr'><strong>icc</strong></span> 
     </span>
     <span class='ocr_line' id='line_1_25' title="bbox 48 2697 1669 2786; baseline -0.007 -10"><span class='ocrx_word' id='word_1_276' title='bbox 48 2697 135 2776; x_wconf 67' lang='lat' dir='ltr'><strong>eilim</strong></span> <span class='ocrx_word' id='word_1_277' title='bbox 148 2702 236 2779; x_wconf 80' lang='lat' dir='ltr'><strong>Plura</strong></span> <span class='ocrx_word' id='word_1_278' title='bbox 251 2703 384 2764; x_wconf 88' lang='lat' dir='ltr'><strong>addam.</strong></span> <span class='ocrx_word' id='word_1_279' title='bbox 875 2710 1020 2774; x_wconf 88' lang='lat' dir='ltr'><strong>ostendat</strong></span> <span class='ocrx_word' id='word_1_280' title='bbox 1033 2707 1234 2784; x_wconf 88' lang='lat' dir='ltr'><strong>inurbanum,</strong></span> <span class='ocrx_word' id='word_1_281' title='bbox 1247 2705 1335 2768; x_wconf 78' lang='lat' dir='ltr'><strong>Acila</strong></span> <span class='ocrx_word' id='word_1_282' title='bbox 1350 2705 1495 2767; x_wconf 89' lang='lat' dir='ltr'><strong>dicitnon</strong></span> <span class='ocrx_word' id='word_1_283' title='bbox 1509 2705 1669 2786; x_wconf 83' lang='lat' dir='ltr'><strong>incurrere</strong></span> 
     </span>
     <span class='ocr_line' id='line_1_26' title="bbox 77 2787 1671 2871; baseline -0.006 -10"><span class='ocrx_word' id='word_1_284' title='bbox 77 2787 127 2864; x_wconf 71' lang='grc'><strong>84·</strong></span> <span class='ocrx_word' id='word_1_285' title='bbox 139 2789 176 2851; x_wconf 74' lang='lat' dir='ltr'><strong>Ui</strong></span> <span class='ocrx_word' id='word_1_286' title='bbox 189 2789 264 2869; x_wconf 66' lang='lat' dir='ltr'>(1115ss</span> <span class='ocrx_word' id='word_1_287' title='bbox 273 2791 314 2851; x_wconf 70' lang='lat' dir='ltr'><strong>Sil</strong></span> <span class='ocrx_word' id='word_1_288' title='bbox 327 2791 485 2869; x_wconf 69' lang='lat' dir='ltr'><strong>vitandus,</strong></span> <span class='ocrx_word' id='word_1_289' title='bbox 496 2809 559 2852; x_wconf 92' lang='lat' dir='ltr'><strong>non</strong></span> <span class='ocrx_word' id='word_1_290' title='bbox 575 2795 623 2854; x_wconf 77' lang='lat' dir='ltr'><strong>est</strong></span> <span class='ocrx_word' id='word_1_291' title='bbox 636 2793 722 2870; x_wconf 71' lang='lat' dir='ltr'><strong>satis,</strong></span> <span class='ocrx_word' id='word_1_292' title='bbox 736 2790 821 2871; x_wconf 92' lang='lat' dir='ltr'><strong>quod</strong></span> <span class='ocrx_word' id='word_1_293' title='bbox 875 2794 1241 2871; x_wconf 79' lang='lat' dir='ltr'><strong>excommunicationem,</strong></span> <span class='ocrx_word' id='word_1_294' title='bbox 1259 2793 1314 2853; x_wconf 89' lang='lat' dir='ltr'><strong>sed</strong></span> <span class='ocrx_word' id='word_1_295' title='bbox 1329 2793 1435 2854; x_wconf 88' lang='lat' dir='ltr'><strong>Dicast</strong></span> <span class='ocrx_word' id='word_1_296' title='bbox 1457 2811 1488 2854; x_wconf 89' lang='lat' dir='ltr'><strong>n.</strong></span> <span class='ocrx_word' id='word_1_297' title='bbox 1513 2795 1583 2868; x_wconf 87' lang='grc'><strong>464,</strong></span> <span class='ocrx_word' id='word_1_298' title='bbox 1599 2810 1671 2870; x_wconf 92' lang='lat' dir='ltr'><strong>pro·</strong></span> 
     </span>
     <span class='ocr_line' id='line_1_27' title="bbox 48 2876 1672 2960; baseline 0.002 -25"><span class='ocrx_word' id='word_1_299' title='bbox 48 2876 78 2936; x_wconf 86' lang='lat' dir='ltr'><strong>sit</strong></span> <span class='ocrx_word' id='word_1_300' title='bbox 89 2876 280 2940; x_wconf 88' lang='grc'><strong>88888848888</strong></span> <span class='ocrx_word' id='word_1_301' title='bbox 295 2899 362 2940; x_wconf 89' lang='grc'><strong>8888</strong></span> <span class='ocrx_word' id='word_1_302' title='bbox 383 2900 414 2941; x_wconf 84' lang='lat' dir='ltr'><strong>v.</strong></span> <span class='ocrx_word' id='word_1_303' title='bbox 431 2899 462 2960; x_wconf 92' lang='lat' dir='ltr'><strong>g.</strong></span> <span class='ocrx_word' id='word_1_304' title='bbox 485 2879 671 2957; x_wconf 82' lang='lat' dir='ltr'><strong>haereticus,</strong></span> <span class='ocrx_word' id='word_1_305' title='bbox 694 2881 748 2941; x_wconf 87' lang='lat' dir='ltr'><strong>sed</strong></span> <span class='ocrx_word' id='word_1_306' title='bbox 767 2880 822 2940; x_wconf 86' lang='lat' dir='ltr'><strong>de·</strong></span> <span class='ocrx_word' id='word_1_307' title='bbox 874 2885 1009 2948; x_wconf 85' lang='lat' dir='ltr'><strong>babillus</strong></span> <span class='ocrx_word' id='word_1_308' title='bbox 1019 2881 1096 2944; x_wconf 91' lang='lat' dir='ltr'><strong>dicit</strong></span> <span class='ocrx_word' id='word_1_309' title='bbox 1109 2882 1281 2957; x_wconf 88' lang='lat' dir='ltr'><strong>incurrere,</strong></span> <span class='ocrx_word' id='word_1_310' title='bbox 1299 2879 1445 2960; x_wconf 82' lang='lat' dir='ltr'><strong>quiajam</strong></span> <span class='ocrx_word' id='word_1_311' title='bbox 1461 2879 1535 2940; x_wconf 88' lang='lat' dir='ltr'><strong>satis</strong></span> <span class='ocrx_word' id='word_1_312' title='bbox 1550 2883 1672 2942; x_wconf 88' lang='lat' dir='ltr'><strong>constat</strong></span> 
     </span>
     <span class='ocr_line' id='line_1_28' title="bbox 17 2961 1672 3046; baseline -0.005 -11"><span class='ocrx_word' id='word_1_313' title='bbox 17 2968 24 2983; x_wconf 90' lang='lat'>&#39;</span> <span class='ocrx_word' id='word_1_314' title='bbox 48 2961 88 3025; x_wconf 70' lang='grc'><strong>484</strong></span> <span class='ocrx_word' id='word_1_315' title='bbox 106 2981 167 3026; x_wconf 74' lang='lat'><strong>0⁸8⁰</strong></span> <span class='ocrx_word' id='word_1_316' title='bbox 186 2965 391 3029; x_wconf 76' lang='lat' dir='ltr'><strong>denuntiatus</strong></span> <span class='ocrx_word' id='word_1_317' title='bbox 412 2966 711 3046; x_wconf 75' lang='lat' dir='ltr'><strong>excommunicatus,</strong></span> <span class='ocrx_word' id='word_1_318' title='bbox 737 2968 821 3029; x_wconf 79' lang='lat' dir='ltr'><strong>unde</strong></span> <span class='ocrx_word' id='word_1_319' title='bbox 874 2974 950 3037; x_wconf 90' lang='lat' dir='ltr'><strong>talia</strong></span> <span class='ocrx_word' id='word_1_320' title='bbox 973 2968 1249 3033; x_wconf 87' lang='lat' dir='ltr'><strong>excommunicatis</strong></span> <span class='ocrx_word' id='word_1_321' title='bbox 1268 2985 1336 3028; x_wconf 89' lang='lat' dir='ltr'><strong>esse</strong></span> <span class='ocrx_word' id='word_1_322' title='bbox 1351 2968 1497 3046; x_wconf 86' lang='lat' dir='ltr'><strong>neganda</strong></span> <span class='ocrx_word' id='word_1_323' title='bbox 1512 2967 1552 3028; x_wconf 92' lang='lat' dir='ltr'><strong>ob</strong></span> <span class='ocrx_word' id='word_1_324' title='bbox 1566 2966 1672 3028; x_wconf 80' lang='grc'><strong>88848.</strong></span> 
     </span>
     <span class='ocr_line' id='line_1_29' title="bbox 48 3053 1668 3140; baseline 0.001 -30"><span class='ocrx_word' id='word_1_325' title='bbox 48 3069 96 3112; x_wconf 88' lang='grc'><strong>888</strong></span> <span class='ocrx_word' id='word_1_326' title='bbox 110 3053 217 3115; x_wconf 87' lang='lat' dir='ltr'><strong>snificit</strong></span> <span class='ocrx_word' id='word_1_327' title='bbox 231 3055 428 3116; x_wconf 84' lang='lat' dir='ltr'><strong>denuntiatio</strong></span> <span class='ocrx_word' id='word_1_328' title='bbox 452 3055 618 3131; x_wconf 88' lang='lat' dir='ltr'><strong>censurati,</strong></span> <span class='ocrx_word' id='word_1_329' title='bbox 635 3059 667 3116; x_wconf 90' lang='lat' dir='ltr'><strong>et</strong></span> <span class='ocrx_word' id='word_1_330' title='bbox 683 3053 822 3116; x_wconf 90' lang='lat' dir='ltr'><strong>criminis</strong></span> <span class='ocrx_word' id='word_1_331' title='bbox 875 3062 929 3124; x_wconf 63' lang='grc'><strong>888</strong></span> <span class='ocrx_word' id='word_1_332' title='bbox 944 3063 1148 3140; x_wconf 74' lang='lat' dir='ltr'><strong>praeoepium‚</strong></span> <span class='ocrx_word' id='word_1_333' title='bbox 1166 3056 1250 3137; x_wconf 88' lang='lat' dir='ltr'><strong>quod</strong></span> <span class='ocrx_word' id='word_1_334' title='bbox 1264 3055 1366 3136; x_wconf 85' lang='lat' dir='ltr'><strong>magis</strong></span> <span class='ocrx_word' id='word_1_335' title='bbox 1380 3055 1599 3117; x_wconf 87' lang='lat' dir='ltr'><strong>honorandum</strong></span> <span class='ocrx_word' id='word_1_336' title='bbox 1611 3057 1668 3114; x_wconf 87' lang='lat' dir='ltr'><strong>est.</strong></span> 
     </span>
     <span class='ocr_line' id='line_1_30' title="bbox 47 3137 1669 3224; baseline 0.001 -24"><span class='ocrx_word' id='word_1_337' title='bbox 47 3137 134 3218; x_wconf 85' lang='lat' dir='ltr'><strong>ipsios,</strong></span> <span class='ocrx_word' id='word_1_338' title='bbox 157 3141 212 3203; x_wconf 90' lang='lat' dir='ltr'><strong>sed</strong></span> <span class='ocrx_word' id='word_1_339' title='bbox 236 3143 412 3222; x_wconf 85' lang='lat' dir='ltr'><strong>requiritur</strong></span> <span class='ocrx_word' id='word_1_340' title='bbox 433 3143 628 3204; x_wconf 86' lang='lat' dir='ltr'><strong>denuntiatio</strong></span> <span class='ocrx_word' id='word_1_341' title='bbox 645 3159 822 3203; x_wconf 81' lang='grc'><strong>88888888-</strong></span> <span class='ocrx_word' id='word_1_342' title='bbox 876 3151 984 3212; x_wconf 80' lang='lat' dir='ltr'><strong>Posset</strong></span> <span class='ocrx_word' id='word_1_343' title='bbox 1010 3151 1115 3208; x_wconf 78' lang='lat' dir='ltr'><strong>tamen</strong></span> <span class='ocrx_word' id='word_1_344' title='bbox 1138 3143 1207 3224; x_wconf 85' lang='lat' dir='ltr'><strong>quis</strong></span> <span class='ocrx_word' id='word_1_345' title='bbox 1226 3160 1391 3220; x_wconf 74' lang='lat' dir='ltr'><strong>assurgam</strong></span> <span class='ocrx_word' id='word_1_346' title='bbox 1405 3161 1435 3203; x_wconf 82' lang='lat' dir='ltr'><strong>r.</strong></span> <span class='ocrx_word' id='word_1_347' title='bbox 1453 3161 1484 3220; x_wconf 88' lang='lat' dir='ltr'><strong>g.</strong></span> <span class='ocrx_word' id='word_1_348' title='bbox 1502 3141 1669 3220; x_wconf 79' lang='lat' dir='ltr'><strong>Episcopo,</strong></span> 
     </span>
     <span class='ocr_line' id='line_1_31' title="bbox 46 3225 1672 3311; baseline 0.001 -25"><span class='ocrx_word' id='word_1_349' title='bbox 46 3225 187 3290; x_wconf 86' lang='grc'><strong>8488448848</strong></span> <span class='ocrx_word' id='word_1_350' title='bbox 197 3231 272 3292; x_wconf 87' lang='grc'><strong>4888</strong></span> <span class='ocrx_word' id='word_1_351' title='bbox 287 3231 431 3308; x_wconf 76' lang='lat' dir='ltr'><strong>incursae,</strong></span> <span class='ocrx_word' id='word_1_352' title='bbox 448 3233 562 3292; x_wconf 87' lang='lat' dir='ltr'><strong>Novar.</strong></span> <span class='ocrx_word' id='word_1_353' title='bbox 580 3230 696 3292; x_wconf 88' lang='lat' dir='ltr'><strong>Sanch.</strong></span> <span class='ocrx_word' id='word_1_354' title='bbox 709 3230 819 3309; x_wconf 82' lang='lat' dir='ltr'><strong>Regin.</strong></span> <span class='ocrx_word' id='word_1_355' title='bbox 876 3241 931 3298; x_wconf 71' lang='lat' dir='ltr'><strong>aut</strong></span> <span class='ocrx_word' id='word_1_356' title='bbox 958 3233 1010 3297; x_wconf 74' lang='lat' dir='ltr'><strong>aiii</strong></span> <span class='ocrx_word' id='word_1_357' title='bbox 1035 3231 1195 3311; x_wconf 80' lang='lat' dir='ltr'><strong>Superiori</strong></span> <span class='ocrx_word' id='word_1_358' title='bbox 1224 3229 1510 3306; x_wconf 81' lang='lat' dir='ltr'><strong>excommunicato,</strong></span> <span class='ocrx_word' id='word_1_359' title='bbox 1540 3235 1607 3288; x_wconf 90' lang='lat' dir='ltr'><strong>tum</strong></span> <span class='ocrx_word' id='word_1_360' title='bbox 1632 3227 1672 3289; x_wconf 91' lang='lat' dir='ltr'><strong>ob</strong></span> 
     </span>
     <span class='ocr_line' id='line_1_32' title="bbox 47 3315 1671 3397; baseline -0.001 -19"><span class='ocrx_word' id='word_1_361' title='bbox 47 3315 125 3378; x_wconf 78' lang='lat' dir='ltr'><strong>asor.</strong></span> <span class='ocrx_word' id='word_1_362' title='bbox 143 3318 240 3380; x_wconf 87' lang='grc'><strong>64884.</strong></span> <span class='ocrx_word' id='word_1_363' title='bbox 259 3319 358 3380; x_wconf 87' lang='lat' dir='ltr'><strong>Krim.</strong></span> <span class='ocrx_word' id='word_1_364' title='bbox 375 3341 405 3380; x_wconf 87' lang='lat' dir='ltr'><strong>n.</strong></span> <span class='ocrx_word' id='word_1_365' title='bbox 424 3322 512 3396; x_wconf 91' lang='grc'><strong>4864,</strong></span> <span class='ocrx_word' id='word_1_366' title='bbox 524 3321 753 3380; x_wconf 80' lang='lat' dir='ltr'><strong>contrassovar.</strong></span> <span class='ocrx_word' id='word_1_367' title='bbox 767 3319 821 3380; x_wconf 89' lang='lat' dir='ltr'><strong>Sa·</strong></span> <span class='ocrx_word' id='word_1_368' title='bbox 876 3322 1152 3397; x_wconf 89' lang='lat' dir='ltr'><strong>consuetudinem,</strong></span> <span class='ocrx_word' id='word_1_369' title='bbox 1173 3323 1242 3380; x_wconf 90' lang='lat' dir='ltr'><strong>tum</strong></span> <span class='ocrx_word' id='word_1_370' title='bbox 1257 3318 1475 3380; x_wconf 83' lang='lat' dir='ltr'><strong>adnitendum</strong></span> <span class='ocrx_word' id='word_1_371' title='bbox 1498 3315 1671 3395; x_wconf 91' lang='lat' dir='ltr'><strong>periculum</strong></span> 
     </span>
     <span class='ocr_line' id='line_1_33' title="bbox 45 3399 1673 3483; baseline -0.009 -5"><span class='ocrx_word' id='word_1_372' title='bbox 45 3399 180 3478; x_wconf 63' lang='lat' dir='ltr'><strong>¹¹bstuli·</strong></span> <span class='ocrx_word' id='word_1_373' title='bbox 206 3406 292 3468; x_wconf 75' lang='lat' dir='ltr'><strong>Avil·</strong></span> <span class='ocrx_word' id='word_1_374' title='bbox 318 3408 436 3468; x_wconf 71' lang='grc' dir='ltr'>Βῠηᾶθ·</span> <span class='ocrx_word' id='word_1_375' title='bbox 461 3408 604 3468; x_wconf 73' lang='lat' dir='ltr'><strong>Sanctar-</strong></span> <span class='ocrx_word' id='word_1_376' title='bbox 630 3405 823 3466; x_wconf 74' lang='lat' dir='ltr'><strong>Neesuffioit</strong></span> <span class='ocrx_word' id='word_1_377' title='bbox 876 3413 1001 3473; x_wconf 82' lang='lat' dir='ltr'><strong>offensae</strong></span> <span class='ocrx_word' id='word_1_378' title='bbox 1029 3413 1061 3470; x_wconf 91' lang='lat' dir='ltr'><strong>et</strong></span> <span class='ocrx_word' id='word_1_379' title='bbox 1081 3406 1199 3468; x_wconf 89' lang='lat' dir='ltr'><strong>damni.</strong></span> <span class='ocrx_word' id='word_1_380' title='bbox 1221 3407 1378 3467; x_wconf 73' lang='lat' dir='ltr'><strong>Praeterea</strong></span> <span class='ocrx_word' id='word_1_381' title='bbox 1396 3408 1527 3483; x_wconf 89' lang='lat' dir='ltr'><strong>possunt</strong></span> <span class='ocrx_word' id='word_1_382' title='bbox 1551 3420 1673 3464; x_wconf 87' lang='lat' dir='ltr'><strong>excom·</strong></span> 
     </span>
     <span class='ocr_line' id='line_1_34' title="bbox 47 3492 1674 3574; baseline -0.001 -22"><span class='ocrx_word' id='word_1_383' title='bbox 47 3505 188 3554; x_wconf 78' lang='lat' dir='ltr'><strong>cromnam</strong></span> <span class='ocrx_word' id='word_1_384' title='bbox 203 3512 275 3556; x_wconf 87' lang='lat' dir='ltr'><strong>esse</strong></span> <span class='ocrx_word' id='word_1_385' title='bbox 294 3495 325 3555; x_wconf 92' lang='grc'><strong>48</strong></span> <span class='ocrx_word' id='word_1_386' title='bbox 340 3494 487 3556; x_wconf 90' lang='lat' dir='ltr'><strong>tribunali</strong></span> <span class='ocrx_word' id='word_1_387' title='bbox 503 3494 745 3574; x_wconf 87' lang='lat' dir='ltr'><strong>promulgatam,</strong></span> <span class='ocrx_word' id='word_1_388' title='bbox 763 3492 821 3552; x_wconf 84' lang='lat' dir='ltr'><strong>nisi</strong></span> <span class='ocrx_word' id='word_1_389' title='bbox 876 3497 1033 3560; x_wconf 89' lang='lat' dir='ltr'><strong>municeto</strong></span> <span class='ocrx_word' id='word_1_390' title='bbox 1049 3494 1137 3556; x_wconf 89' lang='lat' dir='ltr'><strong>reddi</strong></span> <span class='ocrx_word' id='word_1_391' title='bbox 1153 3493 1251 3555; x_wconf 88' lang='lat' dir='ltr'><strong>verba</strong></span> <span class='ocrx_word' id='word_1_392' title='bbox 1267 3492 1525 3571; x_wconf 74' lang='lat' dir='ltr'><strong>deprecatoriae.</strong></span> <span class='ocrx_word' id='word_1_393' title='bbox 1542 3511 1574 3570; x_wconf 57' lang='lat' dir='ltr'><strong>gs</strong></span> <span class='ocrx_word' id='word_1_394' title='bbox 1590 3493 1674 3552; x_wconf 89' lang='lat' dir='ltr'><strong>Deus</strong></span> 
     </span>
     <span class='ocr_line' id='line_1_35' title="bbox 47 3577 1674 3661; baseline 0 -21"><span class='ocrx_word' id='word_1_395' title='bbox 47 3577 79 3640; x_wconf 79' lang='lat' dir='ltr'><strong>m</strong></span> <span class='ocrx_word' id='word_1_396' title='bbox 95 3597 146 3658; x_wconf 87' lang='lat' dir='ltr'><strong>per</strong></span> <span class='ocrx_word' id='word_1_397' title='bbox 165 3584 338 3645; x_wconf 86' lang='lat' dir='ltr'><strong>cadolones</strong></span> <span class='ocrx_word' id='word_1_398' title='bbox 361 3583 559 3661; x_wconf 86' lang='lat' dir='ltr'><strong>denuntiata,</strong></span> <span class='ocrx_word' id='word_1_399' title='bbox 584 3587 711 3645; x_wconf 86' lang='lat' dir='ltr'><strong>Govarr.</strong></span> <span class='ocrx_word' id='word_1_400' title='bbox 738 3581 819 3644; x_wconf 85' lang='lat' dir='ltr'><strong>Aril.</strong></span> <span class='ocrx_word' id='word_1_401' title='bbox 876 3588 906 3644; x_wconf 88' lang='lat' dir='ltr'><strong>te</strong></span> <span class='ocrx_word' id='word_1_402' title='bbox 922 3585 1083 3644; x_wconf 87' lang='lat' dir='ltr'><strong>convertat</strong></span> <span class='ocrx_word' id='word_1_403' title='bbox 1097 3587 1128 3643; x_wconf 91' lang='grc'><strong>88</strong></span> <span class='ocrx_word' id='word_1_404' title='bbox 1142 3580 1288 3644; x_wconf 89' lang='lat' dir='ltr'><strong>emendet</strong></span> <span class='ocrx_word' id='word_1_405' title='bbox 1302 3583 1376 3653; x_wconf 89' lang='grc'><strong>888.;</strong></span> <span class='ocrx_word' id='word_1_406' title='bbox 1398 3579 1443 3641; x_wconf 92' lang='grc'><strong>848</strong></span> <span class='ocrx_word' id='word_1_407' title='bbox 1459 3579 1543 3640; x_wconf 90' lang='lat' dir='ltr'><strong>enim</strong></span> <span class='ocrx_word' id='word_1_408' title='bbox 1558 3583 1606 3641; x_wconf 91' lang='lat' dir='ltr'><strong>est</strong></span> <span class='ocrx_word' id='word_1_409' title='bbox 1619 3597 1674 3658; x_wconf 90' lang='lat' dir='ltr'><strong>po·</strong></span> 
     </span>
     <span class='ocr_line' id='line_1_36' title="bbox 47 3661 1671 3751; baseline -0.001 -23"><span class='ocrx_word' id='word_1_410' title='bbox 47 3661 120 3730; x_wconf 78' lang='grc'><strong>8888.</strong></span> <span class='ocrx_word' id='word_1_411' title='bbox 134 3671 241 3750; x_wconf 85' lang='lat' dir='ltr'><strong>Laym.</strong></span> <span class='ocrx_word' id='word_1_412' title='bbox 259 3671 383 3751; x_wconf 84' lang='lat' dir='ltr'><strong>Pigeat.</strong></span> <span class='ocrx_word' id='word_1_413' title='bbox 401 3680 470 3732; x_wconf 83' lang='lat' dir='ltr'><strong>tom.</strong></span> <span class='ocrx_word' id='word_1_414' title='bbox 482 3675 512 3748; x_wconf 91' lang='grc'><strong>4,</strong></span> <span class='ocrx_word' id='word_1_415' title='bbox 524 3689 600 3732; x_wconf 85' lang='lat' dir='ltr'><strong>cons.</strong></span> <span class='ocrx_word' id='word_1_416' title='bbox 619 3674 687 3744; x_wconf 87' lang='grc'><strong>433,</strong></span> <span class='ocrx_word' id='word_1_417' title='bbox 704 3691 733 3732; x_wconf 85' lang='grc'><strong>8.</strong></span> <span class='ocrx_word' id='word_1_418' title='bbox 750 3675 780 3732; x_wconf 75' lang='lat'><strong>2.</strong></span> <span class='ocrx_word' id='word_1_419' title='bbox 876 3673 937 3735; x_wconf 88' lang='lat' dir='ltr'><strong>tius</strong></span> <span class='ocrx_word' id='word_1_420' title='bbox 951 3671 1066 3733; x_wconf 89' lang='grc'><strong>4888848</strong></span> <span class='ocrx_word' id='word_1_421' title='bbox 1082 3689 1154 3732; x_wconf 91' lang='lat' dir='ltr'><strong>cum</strong></span> <span class='ocrx_word' id='word_1_422' title='bbox 1173 3673 1250 3738; x_wconf 86' lang='lat' dir='ltr'><strong>Deo,</strong></span> <span class='ocrx_word' id='word_1_423' title='bbox 1267 3671 1367 3732; x_wconf 86' lang='lat' dir='ltr'><strong>Gastr.</strong></span> <span class='ocrx_word' id='word_1_424' title='bbox 1392 3667 1423 3730; x_wconf 90' lang='lat' dir='ltr'><strong>d.</strong></span> <span class='ocrx_word' id='word_1_425' title='bbox 1450 3671 1479 3744; x_wconf 78' lang='grc'><strong>3,</strong></span> <span class='ocrx_word' id='word_1_426' title='bbox 1498 3676 1602 3748; x_wconf 82' lang='lat' dir='ltr'><strong>ponci.</strong></span> <span class='ocrx_word' id='word_1_427' title='bbox 1622 3670 1671 3743; x_wconf 87' lang='grc'><strong>47,</strong></span> 
     </span>
     <span class='ocr_line' id='line_1_37' title="bbox 77 3755 1675 3838; baseline -0.001 -22"><span class='ocrx_word' id='word_1_428' title='bbox 77 3755 125 3832; x_wconf 66' lang='lat'><strong>55.</strong></span> <span class='ocrx_word' id='word_1_429' title='bbox 140 3758 171 3820; x_wconf 89' lang='lat' dir='ltr'><strong>Si</strong></span> <span class='ocrx_word' id='word_1_430' title='bbox 191 3760 263 3838; x_wconf 88' lang='lat' dir='ltr'><strong>quis</strong></span> <span class='ocrx_word' id='word_1_431' title='bbox 279 3760 319 3823; x_wconf 91' lang='lat' dir='ltr'><strong>sit</strong></span> <span class='ocrx_word' id='word_1_432' title='bbox 333 3778 395 3821; x_wconf 92' lang='lat' dir='ltr'><strong>uno</strong></span> <span class='ocrx_word' id='word_1_433' title='bbox 410 3761 478 3822; x_wconf 93' lang='lat' dir='ltr'><strong>loco</strong></span> <span class='ocrx_word' id='word_1_434' title='bbox 494 3758 704 3836; x_wconf 88' lang='lat' dir='ltr'><strong>denuntiatus,</strong></span> <span class='ocrx_word' id='word_1_435' title='bbox 726 3757 820 3820; x_wconf 84' lang='lat' dir='ltr'><strong>Hear.</strong></span> <span class='ocrx_word' id='word_1_436' title='bbox 876 3781 957 3822; x_wconf 86' lang='lat' dir='ltr'><strong>num.</strong></span> <span class='ocrx_word' id='word_1_437' title='bbox 974 3763 1002 3821; x_wconf 77' lang='lat'><strong>2.</strong></span> <span class='ocrx_word' id='word_1_438' title='bbox 1019 3759 1135 3820; x_wconf 89' lang='lat' dir='ltr'><strong>Dicast.</strong></span> <span class='ocrx_word' id='word_1_439' title='bbox 1152 3778 1171 3821; x_wconf 87' lang='lat' dir='ltr'><strong>a</strong></span> <span class='ocrx_word' id='word_1_440' title='bbox 1190 3777 1272 3820; x_wconf 82' lang='lat' dir='ltr'><strong>anm.</strong></span> <span class='ocrx_word' id='word_1_441' title='bbox 1296 3760 1366 3819; x_wconf 77' lang='lat' dir='ltr'><strong>ciii.</strong></span> <span class='ocrx_word' id='word_1_442' title='bbox 1392 3760 1457 3817; x_wconf 86' lang='grc'><strong>4888</strong></span> <span class='ocrx_word' id='word_1_443' title='bbox 1478 3755 1675 3816; x_wconf 86' lang='lat' dir='ltr'><strong>resalutatio-</strong></span> 
     </span>
     <span class='ocr_line' id='line_1_38' title="bbox 53 3837 1674 3928; baseline 0 -26"><span class='ocrx_word' id='word_1_444' title='bbox 53 3837 121 3924; x_wconf 73' lang='lat' dir='ltr'><strong>inq.</strong></span> <span class='ocrx_word' id='word_1_445' title='bbox 136 3845 258 3909; x_wconf 79' lang='lat' dir='ltr'><strong>iiiiioo.</strong></span> <span class='ocrx_word' id='word_1_446' title='bbox 277 3849 353 3909; x_wconf 87' lang='lat' dir='ltr'><strong>Bon.</strong></span> <span class='ocrx_word' id='word_1_447' title='bbox 371 3853 402 3908; x_wconf 88' lang='grc'><strong>88</strong></span> <span class='ocrx_word' id='word_1_448' title='bbox 420 3847 472 3908; x_wconf 88' lang='grc'><strong>8444</strong></span> <span class='ocrx_word' id='word_1_449' title='bbox 492 3847 600 3908; x_wconf 86' lang='grc'><strong>848888</strong></span> <span class='ocrx_word' id='word_1_450' title='bbox 614 3864 681 3907; x_wconf 85' lang='grc'><strong>8888</strong></span> <span class='ocrx_word' id='word_1_451' title='bbox 707 3845 822 3926; x_wconf 90' lang='lat' dir='ltr'><strong>ubique</strong></span> <span class='ocrx_word' id='word_1_452' title='bbox 877 3867 949 3911; x_wconf 88' lang='lat' dir='ltr'><strong>nem</strong></span> <span class='ocrx_word' id='word_1_453' title='bbox 963 3848 1030 3910; x_wconf 89' lang='lat' dir='ltr'><strong>iieri</strong></span> <span class='ocrx_word' id='word_1_454' title='bbox 1055 3867 1146 3928; x_wconf 88' lang='lat' dir='ltr'><strong>posse</strong></span> <span class='ocrx_word' id='word_1_455' title='bbox 1160 3851 1312 3926; x_wconf 87' lang='lat' dir='ltr'><strong>tanquam</strong></span> <span class='ocrx_word' id='word_1_456' title='bbox 1327 3846 1467 3907; x_wconf 89' lang='lat' dir='ltr'><strong>debitam</strong></span> <span class='ocrx_word' id='word_1_457' title='bbox 1481 3847 1598 3922; x_wconf 79' lang='lat' dir='ltr'><strong>praeter</strong></span> <span class='ocrx_word' id='word_1_458' title='bbox 1612 3845 1674 3904; x_wconf 85' lang='lat' dir='ltr'><strong>Bu-</strong></span> 
     </span>
     <span class='ocr_line' id='line_1_39' title="bbox 41 3925 1673 4014; baseline 0.001 -25"><span class='ocrx_word' id='word_1_459' title='bbox 41 3925 198 4010; x_wconf 76' lang='lat' dir='ltr'><strong>mundum,</strong></span> <span class='ocrx_word' id='word_1_460' title='bbox 224 3934 303 4014; x_wconf 86' lang='lat' dir='ltr'><strong>quia</strong></span> <span class='ocrx_word' id='word_1_461' title='bbox 325 3939 373 3995; x_wconf 90' lang='lat' dir='ltr'><strong>est</strong></span> <span class='ocrx_word' id='word_1_462' title='bbox 400 3933 581 4012; x_wconf 87' lang='lat' dir='ltr'><strong>simpliciter</strong></span> <span class='ocrx_word' id='word_1_463' title='bbox 608 3932 820 4007; x_wconf 88' lang='lat' dir='ltr'><strong>denuntiatus,</strong></span> <span class='ocrx_word' id='word_1_464' title='bbox 877 3939 975 4000; x_wconf 76' lang='lat' dir='ltr'><strong>semh,</strong></span> <span class='ocrx_word' id='word_1_465' title='bbox 1002 3940 1109 3999; x_wconf 80' lang='lat' dir='ltr'><strong>tenent</strong></span> <span class='ocrx_word' id='word_1_466' title='bbox 1132 3939 1228 3998; x_wconf 78' lang='lat' dir='ltr'><strong>Hono.</strong></span> <span class='ocrx_word' id='word_1_467' title='bbox 1254 3935 1311 3996; x_wconf 78' lang='lat' dir='ltr'><strong>Fil.</strong></span> <span class='ocrx_word' id='word_1_468' title='bbox 1337 3935 1436 3996; x_wconf 85' lang='lat' dir='ltr'><strong>Krim.</strong></span> <span class='ocrx_word' id='word_1_469' title='bbox 1457 3954 1487 3994; x_wconf 86' lang='lat' dir='ltr'><strong>n.</strong></span> <span class='ocrx_word' id='word_1_470' title='bbox 1505 3935 1593 3994; x_wconf 79' lang='lat'><strong>2000.</strong></span> <span class='ocrx_word' id='word_1_471' title='bbox 1625 3932 1673 3991; x_wconf 78' lang='lat' dir='ltr'><strong>An</strong></span> 
     </span>
     <span class='ocr_line' id='line_1_40' title="bbox 41 4018 1671 4105; baseline 0.001 -28"><span class='ocrx_word' id='word_1_472' title='bbox 41 4025 124 4098; x_wconf 58' lang='lat' dir='ltr'><strong>quem</strong></span> <span class='ocrx_word' id='word_1_473' title='bbox 135 4021 151 4081; x_wconf 86' lang='lat' dir='ltr'>J</span> <span class='ocrx_word' id='word_1_474' title='bbox 155 4039 211 4082; x_wconf 88' lang='lat' dir='ltr'><strong>ura</strong></span> <span class='ocrx_word' id='word_1_475' title='bbox 224 4022 336 4083; x_wconf 87' lang='grc'><strong>848888</strong></span> <span class='ocrx_word' id='word_1_476' title='bbox 360 4039 427 4082; x_wconf 89' lang='lat' dir='ltr'><strong>csse</strong></span> <span class='ocrx_word' id='word_1_477' title='bbox 450 4021 633 4101; x_wconf 88' lang='lat' dir='ltr'><strong>simpliciter</strong></span> <span class='ocrx_word' id='word_1_478' title='bbox 646 4020 820 4082; x_wconf 85' lang='lat' dir='ltr'><strong>vitandum.</strong></span> <span class='ocrx_word' id='word_1_479' title='bbox 877 4031 983 4087; x_wconf 91' lang='lat' dir='ltr'><strong>autem</strong></span> <span class='ocrx_word' id='word_1_480' title='bbox 1000 4042 1057 4105; x_wconf 92' lang='lat' dir='ltr'><strong>pro</strong></span> <span class='ocrx_word' id='word_1_481' title='bbox 1073 4023 1235 4088; x_wconf 86' lang='grc'><strong>8488448884</strong></span> <span class='ocrx_word' id='word_1_482' title='bbox 1251 4023 1349 4102; x_wconf 86' lang='lat' dir='ltr'><strong>possit</strong></span> <span class='ocrx_word' id='word_1_483' title='bbox 1365 4022 1469 4097; x_wconf 87' lang='lat' dir='ltr'><strong>Missa,</strong></span> <span class='ocrx_word' id='word_1_484' title='bbox 1487 4019 1551 4079; x_wconf 84' lang='lat' dir='ltr'><strong>dixi</strong></span> <span class='ocrx_word' id='word_1_485' title='bbox 1574 4018 1624 4080; x_wconf 76' lang='lat' dir='ltr'><strong>iia</strong></span> <span class='ocrx_word' id='word_1_486' title='bbox 1641 4021 1671 4095; x_wconf 88' lang='grc'><strong>6,</strong></span> 
     </span>
     <span class='ocr_line' id='line_1_41' title="bbox 34 4105 1148 4195; baseline -0.001 -28"><span class='ocrx_word' id='word_1_487' title='bbox 34 4125 35 4128; x_wconf 68' lang='grc'><strong>’</strong></span> <span class='ocrx_word' id='word_1_488' title='bbox 56 4105 251 4170; x_wconf 88' lang='lat' dir='ltr'><strong>tradicunt</strong></span> <span class='ocrx_word' id='word_1_489' title='bbox 273 4109 362 4170; x_wconf 86' lang='lat' dir='ltr'><strong>valde</strong></span> <span class='ocrx_word' id='word_1_490' title='bbox 385 4108 589 4188; x_wconf 85' lang='lat' dir='ltr'><strong>probabiliter</strong></span> <span class='ocrx_word' id='word_1_491' title='bbox 611 4107 720 4170; x_wconf 79' lang='lat' dir='ltr'><strong>Sonat.</strong></span> <span class='ocrx_word' id='word_1_492' title='bbox 743 4107 820 4168; x_wconf 86' lang='lat' dir='ltr'><strong>Auc&#39;l.</strong></span> <span class='ocrx_word' id='word_1_493' title='bbox 874 4133 906 4195; x_wconf 79' lang='lat' dir='ltr'><strong>p,</strong></span> <span class='ocrx_word' id='word_1_494' title='bbox 923 4117 952 4190; x_wconf 76' lang='lat'><strong>2,</strong></span> <span class='ocrx_word' id='word_1_495' title='bbox 969 4131 1083 4175; x_wconf 76' lang='lat' dir='ltr'><strong>anum,</strong></span> <span class='ocrx_word' id='word_1_496' title='bbox 1099 4115 1148 4173; x_wconf 83' lang='grc'><strong>34.</strong></span> 
     </span>
     <span class='ocr_line' id='line_1_42' title="bbox 39 4172 1742 4280; baseline 0.002 -25"><span class='ocrx_word' id='word_1_497' title='bbox 39 4172 159 4274; x_wconf 65' lang='lat' dir='ltr'><strong>lUttrcp.</strong></span> <span class='ocrx_word' id='word_1_498' title='bbox 184 4194 288 4256; x_wconf 82' lang='lat' dir='ltr'><strong>Krim.</strong></span> <span class='ocrx_word' id='word_1_499' title='bbox 316 4195 432 4273; x_wconf 88' lang='grc'><strong>888444,</strong></span> <span class='ocrx_word' id='word_1_500' title='bbox 457 4195 531 4276; x_wconf 91' lang='lat' dir='ltr'><strong>quia</strong></span> <span class='ocrx_word' id='word_1_501' title='bbox 546 4215 583 4256; x_wconf 91' lang='lat' dir='ltr'><strong>ex</strong></span> <span class='ocrx_word' id='word_1_502' title='bbox 597 4196 668 4273; x_wconf 90' lang='lat' dir='ltr'><strong>hoc,</strong></span> <span class='ocrx_word' id='word_1_503' title='bbox 685 4196 769 4276; x_wconf 92' lang='lat' dir='ltr'><strong>quod</strong></span> <span class='ocrx_word' id='word_1_504' title='bbox 784 4196 824 4257; x_wconf 88' lang='lat' dir='ltr'><strong>sit</strong></span> <span class='ocrx_word' id='word_1_505' title='bbox 917 4201 998 4280; x_wconf 72' lang='lat' dir='ltr'><strong>§lb</strong></span> <span class='ocrx_word' id='word_1_506' title='bbox 1030 4199 1325 4262; x_wconf 81' lang='lat' dir='ltr'><strong>Excommunicatus</strong></span> <span class='ocrx_word' id='word_1_507' title='bbox 1348 4195 1441 4258; x_wconf 87' lang='lat' dir='ltr'><strong>etiam</strong></span> <span class='ocrx_word' id='word_1_508' title='bbox 1463 4194 1621 4270; x_wconf 84' lang='lat' dir='ltr'><strong>vitandus,</strong></span> <span class='ocrx_word' id='word_1_509' title='bbox 1647 4192 1671 4254; x_wconf 91' lang='lat' dir='ltr'><strong>si</strong></span> <span class='ocrx_word' id='word_1_510' title='bbox 1700 4209 1742 4259; x_wconf 79' lang='lat' dir='ltr'><strong>eii</strong></span> 
     </span>
     <span class='ocr_line' id='line_1_43' title="bbox 35 4280 1673 4368; baseline 0.001 -27"><span class='ocrx_word' id='word_1_511' title='bbox 35 4312 56 4326; x_wconf 32' lang='lat' dir='ltr'>v</span> <span class='ocrx_word' id='word_1_512' title='bbox 70 4306 71 4319; x_wconf 67' lang='lat'>2</span> <span class='ocrx_word' id='word_1_513' title='bbox 87 4280 383 4347; x_wconf 87' lang='lat' dir='ltr'><strong>licusdenuntiatus</strong></span> <span class='ocrx_word' id='word_1_514' title='bbox 396 4284 429 4344; x_wconf 94' lang='lat' dir='ltr'><strong>in</strong></span> <span class='ocrx_word' id='word_1_515' title='bbox 444 4283 599 4360; x_wconf 90' lang='grc'><strong>8884888,</strong></span> <span class='ocrx_word' id='word_1_516' title='bbox 612 4300 674 4344; x_wconf 89' lang='grc'><strong>888</strong></span> <span class='ocrx_word' id='word_1_517' title='bbox 690 4284 761 4345; x_wconf 85' lang='grc'><strong>4888</strong></span> <span class='ocrx_word' id='word_1_518' title='bbox 776 4290 824 4345; x_wconf 86' lang='grc'><strong>888</strong></span> <span class='ocrx_word' id='word_1_519' title='bbox 878 4287 1022 4350; x_wconf 86' lang='lat' dir='ltr'><strong>trahatur</strong></span> <span class='ocrx_word' id='word_1_520' title='bbox 1042 4288 1081 4348; x_wconf 89' lang='lat' dir='ltr'><strong>ad</strong></span> <span class='ocrx_word' id='word_1_521' title='bbox 1103 4287 1258 4368; x_wconf 88' lang='lat' dir='ltr'><strong>judicium</strong></span> <span class='ocrx_word' id='word_1_522' title='bbox 1281 4288 1316 4346; x_wconf 89' lang='lat' dir='ltr'><strong>ut</strong></span> <span class='ocrx_word' id='word_1_523' title='bbox 1339 4301 1424 4362; x_wconf 86' lang='lat' dir='ltr'><strong>reus,</strong></span> <span class='ocrx_word' id='word_1_524' title='bbox 1450 4287 1554 4362; x_wconf 80' lang='lat' dir='ltr'><strong>potest</strong></span> <span class='ocrx_word' id='word_1_525' title='bbox 1577 4282 1673 4344; x_wconf 88' lang='lat' dir='ltr'><strong>etiam</strong></span> 
     </span>
     <span class='ocr_line' id='line_1_44' title="bbox 36 4367 1671 4456; baseline 0.002 -31"><span class='ocrx_word' id='word_1_526' title='bbox 36 4375 47 4425; x_wconf 84' lang='grc'><strong>“,</strong></span> <span class='ocrx_word' id='word_1_527' title='bbox 70 4367 167 4431; x_wconf 77' lang='lat' dir='ltr'><strong>dicus</strong></span> <span class='ocrx_word' id='word_1_528' title='bbox 186 4372 391 4435; x_wconf 87' lang='lat' dir='ltr'><strong>denuntiatus</strong></span> <span class='ocrx_word' id='word_1_529' title='bbox 409 4371 529 4432; x_wconf 89' lang='grc'><strong>488448.</strong></span> <span class='ocrx_word' id='word_1_530' title='bbox 545 4373 745 4433; x_wconf 88' lang='lat' dir='ltr'><strong>Juraautem</strong></span> <span class='ocrx_word' id='word_1_531' title='bbox 761 4391 823 4434; x_wconf 92' lang='lat' dir='ltr'><strong>non</strong></span> <span class='ocrx_word' id='word_1_532' title='bbox 878 4395 935 4456; x_wconf 88' lang='lat' dir='ltr'><strong>per</strong></span> <span class='ocrx_word' id='word_1_533' title='bbox 958 4395 991 4436; x_wconf 92' lang='lat' dir='ltr'><strong>se</strong></span> <span class='ocrx_word' id='word_1_534' title='bbox 1018 4375 1121 4454; x_wconf 88' lang='lat' dir='ltr'><strong>ipsum</strong></span> <span class='ocrx_word' id='word_1_535' title='bbox 1149 4391 1344 4453; x_wconf 88' lang='lat' dir='ltr'><strong>comparere,</strong></span> <span class='ocrx_word' id='word_1_536' title='bbox 1370 4377 1402 4434; x_wconf 90' lang='grc'><strong>88</strong></span> <span class='ocrx_word' id='word_1_537' title='bbox 1429 4389 1462 4432; x_wconf 92' lang='grc'><strong>88</strong></span> <span class='ocrx_word' id='word_1_538' title='bbox 1490 4370 1671 4446; x_wconf 80' lang='lat' dir='ltr'><strong>defendere,</strong></span> 
     </span>
     <span class='ocr_line' id='line_1_45' title="bbox 36 4457 1670 4544; baseline 0 -25"><span class='ocrx_word' id='word_1_539' title='bbox 36 4469 37 4474; x_wconf 75' lang='grc'><strong>’</strong></span> <span class='ocrx_word' id='word_1_540' title='bbox 62 4488 64 4501; x_wconf 87' lang='lat'><em>·</em></span> <span class='ocrx_word' id='word_1_541' title='bbox 93 4461 136 4519; x_wconf 64' lang='lat' dir='ltr'><strong>*rt</strong></span> <span class='ocrx_word' id='word_1_542' title='bbox 148 4459 411 4542; x_wconf 88' lang='lat' dir='ltr'><strong>qualemcumque</strong></span> <span class='ocrx_word' id='word_1_543' title='bbox 435 4461 491 4522; x_wconf 90' lang='lat' dir='ltr'><strong>scd</strong></span> <span class='ocrx_word' id='word_1_544' title='bbox 511 4460 636 4539; x_wconf 90' lang='lat' dir='ltr'><strong>publice</strong></span> <span class='ocrx_word' id='word_1_545' title='bbox 660 4460 825 4522; x_wconf 87' lang='lat' dir='ltr'><strong>denuntia·</strong></span> <span class='ocrx_word' id='word_1_546' title='bbox 879 4464 973 4526; x_wconf 88' lang='lat' dir='ltr'><strong>ctiam</strong></span> <span class='ocrx_word' id='word_1_547' title='bbox 984 4463 1175 4544; x_wconf 88' lang='lat' dir='ltr'><strong>juramento,</strong></span> <span class='ocrx_word' id='word_1_548' title='bbox 1192 4465 1268 4542; x_wconf 86' lang='lat' dir='ltr'><strong>Gap.</strong></span> <span class='ocrx_word' id='word_1_549' title='bbox 1285 4459 1394 4522; x_wconf 74' lang='lat' dir='ltr'><strong>niueo</strong></span> <span class='ocrx_word' id='word_1_550' title='bbox 1412 4457 1486 4541; x_wconf 57' lang='lat' dir='ltr'><strong>iiiii,</strong></span> <span class='ocrx_word' id='word_1_551' title='bbox 1502 4461 1532 4537; x_wconf 90' lang='lat'><strong>8,</strong></span> <span class='ocrx_word' id='word_1_552' title='bbox 1550 4460 1581 4519; x_wconf 90' lang='lat' dir='ltr'><strong>et</strong></span> <span class='ocrx_word' id='word_1_553' title='bbox 1594 4459 1670 4537; x_wconf 85' lang='lat' dir='ltr'><strong>Gap.</strong></span> 
     </span>
     <span class='ocr_line' id='line_1_46' title="bbox 13 4547 1671 4631; baseline -0.001 -23"><span class='ocrx_word' id='word_1_554' title='bbox 13 4547 14 4550; x_wconf 70' lang='grc'>’</span> <span class='ocrx_word' id='word_1_555' title='bbox 42 4572 45 4577; x_wconf 94' lang='grc'><strong><em>·</em></strong></span> <span class='ocrx_word' id='word_1_556' title='bbox 71 4570 92 4593; x_wconf 48' lang='grc' dir='ltr'><strong>ἰ·</strong></span> <span class='ocrx_word' id='word_1_557' title='bbox 111 4547 824 4628; x_wconf 83' lang='lat' dir='ltr'><strong>cssevitandum,bicnonteneturvitarepri·</strong></span> <span class='ocrx_word' id='word_1_558' title='bbox 880 4554 934 4614; x_wconf 91' lang='lat' dir='ltr'><strong>ult.</strong></span> <span class='ocrx_word' id='word_1_559' title='bbox 965 4553 1004 4614; x_wconf 92' lang='lat' dir='ltr'><strong>de</strong></span> <span class='ocrx_word' id='word_1_560' title='bbox 1032 4556 1152 4631; x_wconf 84' lang='lat' dir='ltr'><strong>except.</strong></span> <span class='ocrx_word' id='word_1_561' title='bbox 1184 4551 1302 4614; x_wconf 80' lang='grc'><strong>448888.</strong></span> <span class='ocrx_word' id='word_1_562' title='bbox 1329 4549 1428 4613; x_wconf 86' lang='lat' dir='ltr'><strong>Gibal.</strong></span> <span class='ocrx_word' id='word_1_563' title='bbox 1464 4548 1563 4610; x_wconf 87' lang='lat' dir='ltr'><strong>Krim.</strong></span> <span class='ocrx_word' id='word_1_564' title='bbox 1588 4567 1671 4608; x_wconf 81' lang='lat' dir='ltr'><strong>nani.</strong></span> 
     </span>
     <span class='ocr_line' id='line_1_47' title="bbox 68 4634 968 4717; baseline 0.01 -23.71"><span class='ocrx_word' id='word_1_565' title='bbox 68 4648 125 4694; x_wconf 55' lang='lat' dir='ltr'><strong>rm</strong></span> <span class='ocrx_word' id='word_1_566' title='bbox 144 4634 377 4712; x_wconf 86' lang='lat' dir='ltr'><strong>denuntiatum,</strong></span> <span class='ocrx_word' id='word_1_567' title='bbox 403 4635 574 4717; x_wconf 89' lang='lat' dir='ltr'><strong>requiritur</strong></span> <span class='ocrx_word' id='word_1_568' title='bbox 597 4637 680 4698; x_wconf 90' lang='lat' dir='ltr'><strong>enim</strong></span> <span class='ocrx_word' id='word_1_569' title='bbox 704 4637 825 4698; x_wconf 86' lang='lat' dir='ltr'><strong>denun-</strong></span> <span class='ocrx_word' id='word_1_570' title='bbox 879 4643 968 4704; x_wconf 86' lang='grc'><strong>4989.</strong></span> 
     </span>
     <span class='ocr_line' id='line_1_48' title="bbox 79 4719 1845 4809; baseline 0.006 -27"><span class='ocrx_word' id='word_1_571' title='bbox 79 4719 274 4798; x_wconf 77' lang='lat' dir='ltr'><strong>¹·&#39;onotoria;</strong></span> <span class='ocrx_word' id='word_1_572' title='bbox 294 4741 368 4804; x_wconf 86' lang='lat' dir='ltr'><strong>ergo</strong></span> <span class='ocrx_word' id='word_1_573' title='bbox 393 4724 446 4785; x_wconf 90' lang='lat' dir='ltr'><strong>nbi</strong></span> <span class='ocrx_word' id='word_1_574' title='bbox 470 4741 533 4785; x_wconf 92' lang='lat' dir='ltr'><strong>non</strong></span> <span class='ocrx_word' id='word_1_575' title='bbox 557 4727 604 4786; x_wconf 90' lang='lat' dir='ltr'><strong>est</strong></span> <span class='ocrx_word' id='word_1_576' title='bbox 626 4725 765 4798; x_wconf 88' lang='lat' dir='ltr'><strong>notoria;</strong></span> <span class='ocrx_word' id='word_1_577' title='bbox 781 4725 824 4786; x_wconf 91' lang='lat' dir='ltr'><strong>ibi</strong></span> <span class='ocrx_word' id='word_1_578' title='bbox 918 4729 991 4809; x_wconf 66' lang='grc'><strong>844.</strong></span> <span class='ocrx_word' id='word_1_579' title='bbox 1008 4727 1223 4808; x_wconf 82' lang='lat' dir='ltr'><strong>Quamvisper</strong></span> <span class='ocrx_word' id='word_1_580' title='bbox 1237 4724 1552 4790; x_wconf 87' lang='lat' dir='ltr'><strong>exeommunitionem</strong></span> <span class='ocrx_word' id='word_1_581' title='bbox 1566 4725 1674 4788; x_wconf 86' lang='lat' dir='ltr'><strong>videa·</strong></span> <span class='ocrx_word' id='word_1_582' title='bbox 1700 4743 1741 4791; x_wconf 78' lang='lat' dir='ltr'><strong>oia</strong></span> <span class='ocrx_word' id='word_1_583' title='bbox 1842 4719 1845 4724; x_wconf 66' lang='grc'><strong>’</strong></span> 
     </span>
     <span class='ocr_line' id='line_1_49' title="bbox 13 4810 1675 4896; baseline 0.002 -24"><span class='ocrx_word' id='word_1_584' title='bbox 13 4817 14 4822; x_wconf 77' lang='grc'>’</span> <span class='ocrx_word' id='word_1_585' title='bbox 39 4876 45 4887; x_wconf 98' lang='grc'><strong>,</strong></span> <span class='ocrx_word' id='word_1_586' title='bbox 118 4836 121 4844; x_wconf 55' lang='lat'><em>2</em></span> <span class='ocrx_word' id='word_1_587' title='bbox 141 4829 201 4873; x_wconf 92' lang='lat' dir='ltr'><strong>non</strong></span> <span class='ocrx_word' id='word_1_588' title='bbox 218 4815 341 4874; x_wconf 78' lang='lat' dir='ltr'><strong>teneor.</strong></span> <span class='ocrx_word' id='word_1_589' title='bbox 359 4810 535 4880; x_wconf 81' lang='lat' dir='ltr'><strong>Necobctot,</strong></span> <span class='ocrx_word' id='word_1_590' title='bbox 553 4812 638 4892; x_wconf 92' lang='lat' dir='ltr'><strong>quod</strong></span> <span class='ocrx_word' id='word_1_591' title='bbox 651 4813 825 4874; x_wconf 88' lang='lat' dir='ltr'><strong>seeundum</strong></span> <span class='ocrx_word' id='word_1_592' title='bbox 878 4822 930 4880; x_wconf 90' lang='lat' dir='ltr'><strong>tur</strong></span> <span class='ocrx_word' id='word_1_593' title='bbox 943 4816 1104 4896; x_wconf 89' lang='lat' dir='ltr'><strong>prohiberi</strong></span> <span class='ocrx_word' id='word_1_594' title='bbox 1119 4817 1256 4878; x_wconf 82' lang='lat' dir='ltr'><strong>domnine</strong></span> <span class='ocrx_word' id='word_1_595' title='bbox 1270 4817 1302 4877; x_wconf 90' lang='lat' dir='ltr'><strong>in</strong></span> <span class='ocrx_word' id='word_1_596' title='bbox 1317 4815 1532 4892; x_wconf 89' lang='lat' dir='ltr'><strong>eodemlecto,</strong></span> <span class='ocrx_word' id='word_1_597' title='bbox 1550 4833 1612 4876; x_wconf 92' lang='lat' dir='ltr'><strong>non</strong></span> <span class='ocrx_word' id='word_1_598' title='bbox 1627 4815 1675 4874; x_wconf 88' lang='lat' dir='ltr'><strong>ri-</strong></span> 
     </span>
     <span class='ocr_line' id='line_1_50' title="bbox 103 4897 1674 4984; baseline 0.005 -27.677"><span class='ocrx_word' id='word_1_599' title='bbox 103 4922 106 4947; x_wconf 81' lang='lat'>:</span> <span class='ocrx_word' id='word_1_600' title='bbox 124 4897 173 4960; x_wconf 85' lang='lat' dir='ltr'><strong>iic.</strong></span> <span class='ocrx_word' id='word_1_601' title='bbox 189 4903 220 4976; x_wconf 88' lang='grc'><strong>6,</strong></span> <span class='ocrx_word' id='word_1_602' title='bbox 235 4918 273 4981; x_wconf 86' lang='lat' dir='ltr'><strong>p.</strong></span> <span class='ocrx_word' id='word_1_603' title='bbox 290 4901 319 4978; x_wconf 89' lang='grc'><strong>3,</strong></span> <span class='ocrx_word' id='word_1_604' title='bbox 336 4919 365 4961; x_wconf 86' lang='lat' dir='ltr'><strong>a.</strong></span> <span class='ocrx_word' id='word_1_605' title='bbox 382 4901 452 4976; x_wconf 83' lang='grc'><strong>984,</strong></span> <span class='ocrx_word' id='word_1_606' title='bbox 464 4899 490 4959; x_wconf 87' lang='grc'><strong>84</strong></span> <span class='ocrx_word' id='word_1_607' title='bbox 502 4899 624 4978; x_wconf 88' lang='lat' dir='ltr'><strong>quidllt</strong></span> <span class='ocrx_word' id='word_1_608' title='bbox 637 4899 667 4959; x_wconf 94' lang='lat' dir='ltr'><strong>in</strong></span> <span class='ocrx_word' id='word_1_609' title='bbox 678 4919 741 4962; x_wconf 89' lang='lat' dir='ltr'><strong>uno</strong></span> <span class='ocrx_word' id='word_1_610' title='bbox 755 4901 825 4962; x_wconf 91' lang='lat' dir='ltr'><strong>loco</strong></span> <span class='ocrx_word' id='word_1_611' title='bbox 879 4905 971 4966; x_wconf 90' lang='lat' dir='ltr'><strong>detur</strong></span> <span class='ocrx_word' id='word_1_612' title='bbox 985 4910 1089 4967; x_wconf 89' lang='lat' dir='ltr'><strong>tamen</strong></span> <span class='ocrx_word' id='word_1_613' title='bbox 1113 4905 1308 4984; x_wconf 88' lang='lat' dir='ltr'><strong>prohibitum</strong></span> <span class='ocrx_word' id='word_1_614' title='bbox 1332 4903 1469 4966; x_wconf 89' lang='lat' dir='ltr'><strong>dormire</strong></span> <span class='ocrx_word' id='word_1_615' title='bbox 1490 4903 1522 4962; x_wconf 91' lang='lat' dir='ltr'><strong>in</strong></span> <span class='ocrx_word' id='word_1_616' title='bbox 1542 4903 1674 4964; x_wconf 83' lang='lat' dir='ltr'><strong>diversis</strong></span> 
     </span>
     <span class='ocr_line' id='line_1_51' title="bbox 69 4983 1674 5071; baseline 0.004 -25"><span class='ocrx_word' id='word_1_617' title='bbox 69 5012 80 5031; x_wconf 67' lang='lat' dir='ltr'><strong>r</strong></span> <span class='ocrx_word' id='word_1_618' title='bbox 95 4983 192 5064; x_wconf 78' lang='lat' dir='ltr'><strong>nium,</strong></span> <span class='ocrx_word' id='word_1_619' title='bbox 211 4989 323 5048; x_wconf 78' lang='lat' dir='ltr'><strong>Rome</strong></span> <span class='ocrx_word' id='word_1_620' title='bbox 345 4987 499 5049; x_wconf 89' lang='lat' dir='ltr'><strong>habeatur</strong></span> <span class='ocrx_word' id='word_1_621' title='bbox 512 4992 663 5068; x_wconf 91' lang='lat' dir='ltr'><strong>tanquam</strong></span> <span class='ocrx_word' id='word_1_622' title='bbox 677 4988 826 5067; x_wconf 85' lang='lat' dir='ltr'><strong>simplici·</strong></span> <span class='ocrx_word' id='word_1_623' title='bbox 878 4993 966 5054; x_wconf 89' lang='lat' dir='ltr'><strong>lectis</strong></span> <span class='ocrx_word' id='word_1_624' title='bbox 980 4993 1090 5071; x_wconf 90' lang='lat' dir='ltr'><strong>positis</strong></span> <span class='ocrx_word' id='word_1_625' title='bbox 1104 4994 1135 5053; x_wconf 93' lang='lat' dir='ltr'><strong>in</strong></span> <span class='ocrx_word' id='word_1_626' title='bbox 1151 4993 1262 5055; x_wconf 87' lang='lat' dir='ltr'><strong>eodem</strong></span> <span class='ocrx_word' id='word_1_627' title='bbox 1284 4991 1389 5070; x_wconf 89' lang='lat' dir='ltr'><strong>cubili,</strong></span> <span class='ocrx_word' id='word_1_628' title='bbox 1415 4991 1586 5053; x_wconf 89' lang='lat' dir='ltr'><strong>dummodo</strong></span> <span class='ocrx_word' id='word_1_629' title='bbox 1602 4990 1674 5052; x_wconf 87' lang='lat' dir='ltr'><strong>illue</strong></span> 
     </span>
     <span class='ocr_line' id='line_1_52' title="bbox 63 5074 1674 5160; baseline 0.004 -28"><span class='ocrx_word' id='word_1_630' title='bbox 63 5094 73 5123; x_wconf 62' lang='lat' dir='ltr'><strong>a</strong></span> <span class='ocrx_word' id='word_1_631' title='bbox 103 5075 276 5149; x_wconf 80' lang='lat' dir='ltr'><strong>notorium3</strong></span> <span class='ocrx_word' id='word_1_632' title='bbox 298 5093 370 5136; x_wconf 91' lang='lat' dir='ltr'><strong>nam</strong></span> <span class='ocrx_word' id='word_1_633' title='bbox 392 5074 424 5136; x_wconf 92' lang='lat' dir='ltr'><strong>id</strong></span> <span class='ocrx_word' id='word_1_634' title='bbox 443 5074 621 5154; x_wconf 87' lang='lat' dir='ltr'><strong>specialiter</strong></span> <span class='ocrx_word' id='word_1_635' title='bbox 643 5077 826 5138; x_wconf 90' lang='lat' dir='ltr'><strong>observatur</strong></span> <span class='ocrx_word' id='word_1_636' title='bbox 879 5079 1142 5142; x_wconf 87' lang='lat' dir='ltr'><strong>nonconveniant</strong></span> <span class='ocrx_word' id='word_1_637' title='bbox 1156 5101 1213 5160; x_wconf 92' lang='lat' dir='ltr'><strong>per</strong></span> <span class='ocrx_word' id='word_1_638' title='bbox 1226 5082 1355 5143; x_wconf 89' lang='lat' dir='ltr'><strong>modum</strong></span> <span class='ocrx_word' id='word_1_639' title='bbox 1371 5079 1539 5155; x_wconf 88' lang='lat' dir='ltr'><strong>societatis,</strong></span> <span class='ocrx_word' id='word_1_640' title='bbox 1559 5081 1614 5139; x_wconf 88' lang='lat' dir='ltr'><strong>aut</strong></span> <span class='ocrx_word' id='word_1_641' title='bbox 1634 5075 1674 5139; x_wconf 87' lang='grc'><strong>88</strong></span> 
     </span>
     <span class='ocr_line' id='line_1_53' title="bbox 70 5161 1676 5248; baseline 0.004 -26"><span class='ocrx_word' id='word_1_642' title='bbox 70 5172 71 5175; x_wconf 75' lang='grc'><strong>’</strong></span> <span class='ocrx_word' id='word_1_643' title='bbox 103 5188 126 5213; x_wconf 87' lang='lat'><strong>-·</strong></span> <span class='ocrx_word' id='word_1_644' title='bbox 152 5161 405 5242; x_wconf 86' lang='lat' dir='ltr'><strong>dispensationes</strong></span> <span class='ocrx_word' id='word_1_645' title='bbox 426 5181 445 5224; x_wconf 90' lang='lat' dir='ltr'><strong>a</strong></span> <span class='ocrx_word' id='word_1_646' title='bbox 467 5161 501 5226; x_wconf 90' lang='lat' dir='ltr'><strong>S.</strong></span> <span class='ocrx_word' id='word_1_647' title='bbox 525 5162 752 5225; x_wconf 78' lang='lat' dir='ltr'><strong>Peniientzbrio</strong></span> <span class='ocrx_word' id='word_1_648' title='bbox 773 5182 825 5243; x_wconf 90' lang='lat' dir='ltr'><strong>pe·</strong></span> <span class='ocrx_word' id='word_1_649' title='bbox 880 5165 963 5226; x_wconf 90' lang='lat' dir='ltr'><strong>idern</strong></span> <span class='ocrx_word' id='word_1_650' title='bbox 979 5168 1140 5246; x_wconf 89' lang='lat' dir='ltr'><strong>negotium</strong></span> <span class='ocrx_word' id='word_1_651' title='bbox 1154 5169 1339 5248; x_wconf 86' lang='lat' dir='ltr'><strong>gerendum,</strong></span> <span class='ocrx_word' id='word_1_652' title='bbox 1357 5165 1501 5247; x_wconf 86' lang='lat' dir='ltr'><strong>quamvis</strong></span> <span class='ocrx_word' id='word_1_653' title='bbox 1516 5165 1599 5228; x_wconf 92' lang='lat' dir='ltr'><strong>enim</strong></span> <span class='ocrx_word' id='word_1_654' title='bbox 1614 5165 1676 5228; x_wconf 91' lang='lat' dir='ltr'><strong>sint</strong></span> 
     </span>
     <span class='ocr_line' id='line_1_54' title="bbox 79 5248 1676 5335; baseline 0.002 -25.976"><span class='ocrx_word' id='word_1_655' title='bbox 79 5274 150 5326; x_wconf 73' lang='lat'><strong>-1::</strong></span> <span class='ocrx_word' id='word_1_656' title='bbox 166 5250 317 5312; x_wconf 88' lang='lat' dir='ltr'><strong>neciden</strong></span> <span class='ocrx_word' id='word_1_657' title='bbox 333 5251 455 5314; x_wconf 82' lang='lat' dir='ltr'><strong>extendi</strong></span> <span class='ocrx_word' id='word_1_658' title='bbox 471 5252 565 5314; x_wconf 90' lang='lat' dir='ltr'><strong>debet</strong></span> <span class='ocrx_word' id='word_1_659' title='bbox 578 5253 618 5314; x_wconf 88' lang='lat' dir='ltr'><strong>ad</strong></span> <span class='ocrx_word' id='word_1_660' title='bbox 634 5252 705 5315; x_wconf 89' lang='lat' dir='ltr'><strong>alia.</strong></span> <span class='ocrx_word' id='word_1_661' title='bbox 880 5253 911 5314; x_wconf 92' lang='lat' dir='ltr'><strong>in</strong></span> <span class='ocrx_word' id='word_1_662' title='bbox 928 5253 1039 5316; x_wconf 89' lang='lat' dir='ltr'><strong>eodem</strong></span> <span class='ocrx_word' id='word_1_663' title='bbox 1053 5257 1133 5334; x_wconf 90' lang='lat' dir='ltr'><strong>loco,</strong></span> <span class='ocrx_word' id='word_1_664' title='bbox 1157 5255 1183 5317; x_wconf 89' lang='lat' dir='ltr'><strong>si</strong></span> <span class='ocrx_word' id='word_1_665' title='bbox 1206 5257 1320 5335; x_wconf 90' lang='lat' dir='ltr'><strong>singuli</strong></span> <span class='ocrx_word' id='word_1_666' title='bbox 1336 5255 1467 5317; x_wconf 86' lang='lat' dir='ltr'><strong>diversis</strong></span> <span class='ocrx_word' id='word_1_667' title='bbox 1481 5255 1614 5334; x_wconf 87' lang='lat' dir='ltr'><strong>negotiis</strong></span> <span class='ocrx_word' id='word_1_668' title='bbox 1627 5248 1676 5313; x_wconf 86' lang='lat' dir='ltr'><strong>in-</strong></span> 
     </span>
     <span class='ocr_line' id='line_1_55' title="bbox 74 5331 1675 5420; baseline 0.002 -22"><span class='ocrx_word' id='word_1_669' title='bbox 74 5331 130 5416; x_wconf 63' lang='lat' dir='ltr'><strong>fit.</strong></span> <span class='ocrx_word' id='word_1_670' title='bbox 146 5337 178 5402; x_wconf 86' lang='lat' dir='ltr'><strong>si</strong></span> <span class='ocrx_word' id='word_1_671' title='bbox 193 5339 392 5402; x_wconf 86' lang='lat' dir='ltr'><strong>denuntiatio</strong></span> <span class='ocrx_word' id='word_1_672' title='bbox 407 5341 563 5419; x_wconf 86' lang='lat' dir='ltr'><strong>sitdubia,</strong></span> <span class='ocrx_word' id='word_1_673' title='bbox 576 5343 827 5404; x_wconf 89' lang='lat' dir='ltr'><strong>excommunica·</strong></span> <span class='ocrx_word' id='word_1_674' title='bbox 880 5341 1021 5420; x_wconf 87' lang='lat' dir='ltr'><strong>tendant,</strong></span> <span class='ocrx_word' id='word_1_675' title='bbox 1047 5361 1110 5406; x_wconf 88' lang='lat' dir='ltr'><strong>non</strong></span> <span class='ocrx_word' id='word_1_676' title='bbox 1133 5349 1300 5406; x_wconf 85' lang='lat' dir='ltr'><strong>censentur</strong></span> <span class='ocrx_word' id='word_1_677' title='bbox 1322 5343 1566 5420; x_wconf 87' lang='lat' dir='ltr'><strong>commonicare,</strong></span> <span class='ocrx_word' id='word_1_678' title='bbox 1591 5340 1675 5402; x_wconf 91' lang='lat' dir='ltr'><strong>unde</strong></span> 
     </span>
     <span class='ocr_line' id='line_1_56' title="bbox 79 5427 1675 5511; baseline 0.003 -25.95"><span class='ocrx_word' id='word_1_679' title='bbox 79 5468 80 5471; x_wconf 63' lang='lat'><strong>,</strong></span> <span class='ocrx_word' id='word_1_680' title='bbox 105 5443 165 5487; x_wconf 93' lang='lat' dir='ltr'><strong>non</strong></span> <span class='ocrx_word' id='word_1_681' title='bbox 187 5432 239 5489; x_wconf 87' lang='lat' dir='ltr'><strong>est</strong></span> <span class='ocrx_word' id='word_1_682' title='bbox 263 5427 421 5507; x_wconf 86' lang='lat' dir='ltr'><strong>vitandus,</strong></span> <span class='ocrx_word' id='word_1_683' title='bbox 443 5429 527 5510; x_wconf 90' lang='lat' dir='ltr'><strong>qnia,</strong></span> <span class='ocrx_word' id='word_1_684' title='bbox 551 5446 621 5511; x_wconf 83' lang='lat' dir='ltr'><strong>qnae</strong></span> <span class='ocrx_word' id='word_1_685' title='bbox 645 5437 718 5492; x_wconf 90' lang='grc'><strong>8888</strong></span> <span class='ocrx_word' id='word_1_686' title='bbox 740 5431 825 5508; x_wconf 85' lang='grc'><strong>48884,</strong></span> <span class='ocrx_word' id='word_1_687' title='bbox 880 5431 906 5490; x_wconf 90' lang='grc'><strong>84</strong></span> <span class='ocrx_word' id='word_1_688' title='bbox 927 5430 1022 5490; x_wconf 87' lang='lat' dir='ltr'><strong>etiam</strong></span> <span class='ocrx_word' id='word_1_689' title='bbox 1046 5429 1173 5492; x_wconf 87' lang='grc'><strong>888848</strong></span> <span class='ocrx_word' id='word_1_690' title='bbox 1198 5431 1309 5493; x_wconf 87' lang='lat' dir='ltr'><strong>codem</strong></span> <span class='ocrx_word' id='word_1_691' title='bbox 1333 5429 1494 5507; x_wconf 88' lang='lat' dir='ltr'><strong>stramine,</strong></span> <span class='ocrx_word' id='word_1_692' title='bbox 1517 5430 1567 5491; x_wconf 85' lang='lat' dir='ltr'><strong>rel</strong></span> <span class='ocrx_word' id='word_1_693' title='bbox 1593 5430 1675 5490; x_wconf 91' lang='lat' dir='ltr'><strong>lecto</strong></span> 
     </span>
     <span class='ocr_line' id='line_1_57' title="bbox 70 5515 1675 5600; baseline 0.001 -23"><span class='ocrx_word' id='word_1_694' title='bbox 70 5517 355 5594; x_wconf 67' lang='grc'><strong>11888888888888,</strong></span> <span class='ocrx_word' id='word_1_695' title='bbox 376 5521 406 5580; x_wconf 90' lang='grc'><strong>88</strong></span> <span class='ocrx_word' id='word_1_696' title='bbox 423 5519 578 5596; x_wconf 85' lang='lat' dir='ltr'><strong>possessio</strong></span> <span class='ocrx_word' id='word_1_697' title='bbox 601 5523 647 5583; x_wconf 89' lang='lat' dir='ltr'><strong>est</strong></span> <span class='ocrx_word' id='word_1_698' title='bbox 661 5537 717 5600; x_wconf 94' lang='lat' dir='ltr'><strong>pro</strong></span> <span class='ocrx_word' id='word_1_699' title='bbox 736 5517 827 5581; x_wconf 90' lang='lat' dir='ltr'><strong>liber·</strong></span> <span class='ocrx_word' id='word_1_700' title='bbox 881 5517 1095 5596; x_wconf 87' lang='lat' dir='ltr'><strong>convenirent,</strong></span> <span class='ocrx_word' id='word_1_701' title='bbox 1120 5526 1175 5584; x_wconf 89' lang='lat' dir='ltr'><strong>aut</strong></span> <span class='ocrx_word' id='word_1_702' title='bbox 1197 5519 1223 5582; x_wconf 87' lang='lat' dir='ltr'><strong>si</strong></span> <span class='ocrx_word' id='word_1_703' title='bbox 1247 5539 1309 5583; x_wconf 93' lang='lat' dir='ltr'><strong>non</strong></span> <span class='ocrx_word' id='word_1_704' title='bbox 1330 5520 1370 5583; x_wconf 89' lang='lat' dir='ltr'><strong>sit</strong></span> <span class='ocrx_word' id='word_1_705' title='bbox 1392 5515 1449 5580; x_wconf 89' lang='grc'><strong>8484</strong></span> <span class='ocrx_word' id='word_1_706' title='bbox 1474 5537 1555 5580; x_wconf 88' lang='grc'><strong>8888</strong></span> <span class='ocrx_word' id='word_1_707' title='bbox 1576 5518 1675 5581; x_wconf 90' lang='lat' dir='ltr'><strong>lectus</strong></span> 
     </span>
    </p>
   </div>
   <div class='ocr_carea' id='block_1_3' title="bbox 35 5617 1596 5685">
    <p class='ocr_par' dir='ltr' id='par_1_3' title="bbox 35 5617 1596 5685">
     <span class='ocr_line' id='line_1_58' title="bbox 35 5617 1596 5685; baseline 0.003 -4"><span class='ocrx_word' id='word_1_708' title='bbox 35 5672 40 5681; x_wconf 95' lang='lat'><em>.</em></span> <span class='ocrx_word' id='word_1_709' title='bbox 112 5617 145 5680; x_wconf 77' lang='lat'><strong>¹1¹·</strong></span> <span class='ocrx_word' id='word_1_710' title='bbox 168 5619 224 5684; x_wconf 87' lang='lat' dir='ltr'><strong>IV.</strong></span> <span class='ocrx_word' id='word_1_711' title='bbox 1556 5625 1596 5685; x_wconf 76' lang='grc'><strong>89</strong></span> 
     </span>
    </p>
   </div>
   <div class='ocr_carea' id='block_1_4' title="bbox 0 0 1992 6341">
    <p class='ocr_par' dir='ltr' id='par_1_4' title="bbox 0 0 1992 6341">
     <span class='ocr_line' id='line_1_59' title="bbox 0 0 1992 6341; baseline 0 0"><span class='ocrx_word' id='word_1_712' title='bbox 0 0 1992 6341; x_wconf 95' lang='lat' dir='ltr'><strong> </strong></span> 
     </span>
    </p>
   </div>
  </div>
 </body>
</html>
