3986 6350
336 554 394 614 371

375 742 405 801 6.
422 741 537 802 Gentra
556 739 734 801 Trullench.
751 738 842 810 Quod
855 737 887 798 in
901 734 1040 799 Ecclesia
1054 752 1123 814 spe·

335 827 455 889 cialiter
476 827 641 889 interdicta
670 831 800 908 possunt
828 826 979 887 habentes
1002 823 1124 885 Bullam

335 915 444 976 audire
458 916 595 992 Missam,
611 915 637 976 si
652 915 820 997 aliquande
835 915 866 974 in
881 913 935 975 illa
949 911 1125 974 celebratur

336 1003 376 1064 ad
397 1005 610 1066 renovandam
629 1003 877 1076 Eucharistiam3
901 1001 975 1082 quia
998 999 1124 1079 quande

334 1091 425 1154 Balla
445 1093 589 1155 concedit
602 1093 800 1174 privilegium
821 1091 916 1167 istud,
932 1107 994 1151 nen
1015 1087 1124 1149 distin-

335 1179 404 1259 guit
417 1179 498 1242 inter
512 1181 712 1243 interdictum
727 1180 873 1260 generale
888 1182 919 1240 et
932 1176 1041 1238 locale.

375 1271 404 1328 7.
431 1268 520 1339 Quod
544 1271 730 1348 Presbytero
759 1287 822 1329 nen
849 1264 1041 1328 concedatur
1067 1281 1124 1344 per

333 1355 455 1418 Bullam
469 1356 677 1436 privilegium,
694 1360 883 1436 attempero
903 1355 961 1416 isto
985 1352 1124 1413 celebret

334 1443 471 1521 Missam,
488 1449 519 1506 et
537 1446 646 1506 Ollinia
660 1446 781 1522 Divina,
799 1443 873 1525 quia
887 1443 982 1503 habet
996 1439 1096 1520 ajuro
1112 1458 1120 1512 ;

334 1532 389 1593 sed
404 1532 595 1594 concedatur
608 1533 662 1610 illi,
680 1538 714 1595 ut
728 1533 826 1612 possit
840 1531 1010 1605 celebrare,
1028 1533 1058 1589 ct
1072 1547 1123 1588 ce·

334 1619 449 1681 lebrari
463 1620 565 1681 facere
576 1639 681 1683 cerem
696 1622 760 1682 suis
775 1618 990 1692 familiaribus,
1004 1623 1034 1677 et
1048 1634 1123 1677 con-

333 1709 523 1788 sanguineis.

373 1802 402 1860 8.
420 1796 477 1874 llli,
496 1797 548 1877 qni
568 1797 655 1859 dedit
668 1816 795 1860 causam
810 1796 986 1873 interdicto,
1002 1796 1051 1855 vel
1066 1811 1122 1872 per

334 1903 428 1966 quem
442 1889 513 1962 stat,
531 1889 565 1947 ut
579 1903 640 1947 non
656 1888 794 1964 tollatur,
807 1905 870 1948 non
884 1885 1013 1947 concedi
1028 1883 1121 1963 privi-

332 1973 416 2054 legia
429 1973 498 2036 ista.

372 2067 401 2124 c.
419 2064 508 2136 Quod
523 2065 576 2146 qui
592 2065 688 2127 utitur
702 2066 844 2127 Oratorie
859 2064 900 2125 ad
915 2064 1014 2126 dictes
1030 2064 1121 2124 ellec-

332 2155 393 2227 tus,
410 2151 505 2213 debet
524 2171 614 2214 orare
631 2154 820 2230 mentaliter,
836 2158 891 2214 aut
911 2153 1060 2214 vocaliter
1081 2151 1121 2212 ad

332 2239 496 2300 arbitrium
510 2259 602 2302 suum
616 2260 673 2321 pro
694 2243 836 2319 victoria,
854 2247 884 2303 et
905 2241 1018 2302 unione
1033 2257 1121 2319 repe·

331 2326 415 2401 titis;
437 2328 492 2388 sed
507 2329 531 2388 si
552 2347 614 2390 nen
629 2330 775 2408 oraverit,
793 2348 854 2391 nen
870 2329 940 2390 ideo
956 2327 1120 2388 audiendas

332 2413 432 2475 Missae
447 2421 604 2496 praecepto
620 2435 681 2478 nen
697 2418 876 2495 satisfaciet,
893 2436 996 2498 neque
1012 2434 1120 2494 peeca-

331 2493 377 2556 bit
391 2495 473 2558 ultra
485 2497 617 2574 veniale,
635 2498 709 2578 quia
723 2504 770 2560 est
788 2503 980 2578 praeceptum
995 2496 1120 2557 Pontifi-

331 2581 422 2644 eisin
437 2585 569 2646 materia
582 2585 653 2646 levi.
678 2588 773 2648 Henr.
796 2586 897 2662 Avila,
914 2585 1011 2647 Trull.
1028 2584 1118 2646 Dian.

330 2670 466 2749 Juristae,
484 2676 515 2734 et
529 2674 624 2735 Thus.
642 2675 738 2738 Salm.
756 2681 787 2736 et
805 2675 934 2755 quidem
948 2692 1029 2736 cem.
1046 2675 1120 2736 Cru-

330 2759 420 2822 ciatae
435 2761 527 2841 alleg.
544 2762 706 2838 aMendo,
722 2783 753 2824 n.
771 2766 819 2824 17.

373 2847 532 2926 (lecenter,
548 2869 588 2910 aa
603 2850 708 2914 tabens
729 2851 851 2914 Batiam
872 2859 1005 2913 tenentur
1018 2851 1122 2914 audire

330 2933 449 2998 Missam
470 2936 567 3000 diebus
585 2937 669 3018 festis
687 2946 813 3021 tempere
830 2939 1006 3002 interdicti?
1024 2943 1118 3018 Resp.

329 3025 492 3103 probabile
512 3031 702 3108 essentque
724 3047 870 3090 securum
888 3029 919 3089 in
941 3029 1040 3108 praxi,
1057 3047 1119 3090 nen

329 3115 441 3177 teneri.
454 3117 554 3194 Ratio,
568 3119 643 3198 quia
656 3135 747 3180 neme
764 3122 887 3181 tenetur
897 3119 940 3181 uti
956 3116 1119 3198 privilegio

330 3219 490 3282 concesse,
507 3204 659 3286 quiajam
678 3225 741 3268 nen
763 3211 844 3268 essct
864 3207 1073 3286 privilegium,
1090 3211 1122 3268 et

331 3289 443 3360 honor,
457 3292 515 3353 ced
530 3310 628 3366 cnus;
645 3294 700 3354 sed
715 3293 919 3371 probabilior,
937 3299 967 3356 et
981 3294 1121 3356 securior

331 3378 436 3457 opinio
451 3380 648 3442 affirmativa.
665 3381 773 3444 ltatie:
790 3383 916 3462 quande
929 3387 1121 3462 praeceptum

331 3464 436 3543 instat,
460 3468 580 3549 etquis
601 3474 702 3548 petest
726 3471 908 3549 adimplere,
934 3476 1057 3533 tenetur
1079 3471 1120 3533 ad

331 3551 562 3631 impletionem;
574 3557 629 3618 sed
644 3557 676 3617 in
691 3557 741 3618 die
755 3557 864 3619 festivo
875 3559 970 3620 instat
984 3577 1120 3637 precep-

330 3645 398 3702 tum
420 3643 568 3706 audiendi
593 3645 731 3724 Missam,
750 3651 781 3707 et
803 3647 857 3727 qui
881 3647 976 3710 habet
998 3648 1120 3709 bullam

330 3733 434 3808 petest
447 3731 618 3812 adimplere
631 3753 638 3808 ;
652 3753 726 3815 ergo
741 3739 865 3798 tenetur
878 3735 998 3796 andire.
1016 3737 1122 3797 Ratio·

331 3817 363 3878 ni
391 3819 546 3898 opinionis
566 3824 730 3884 contrariae
759 3824 965 3902 respondetur
998 3827 1120 3905 privile·

330 3905 417 3986 giem
431 3925 494 3970 uon
515 3911 656 3991 obligare
670 3912 710 3972 ad
725 3930 815 3972 usum
831 3912 908 3993 ejus,
926 3914 980 3974 sed
996 3933 1121 3976 cences-

330 4013 401 4056 sum
416 3995 485 4078 jam
508 4003 539 4060 et
553 4003 761 4079 acceptatum,
779 4000 803 4060 si
828 4006 968 4064 removet
990 4003 1121 4082 impedi-

329 4088 472 4148 mentum
486 4088 625 4168 aliquod,
642 4093 676 4150 ut
694 4092 886 4168 preceptum
904 4091 1003 4168 possit
1016 4091 1121 4152 obser-

330 4173 415 4251 vari,
441 4175 580 4256 obligare
603 4183 678 4240 tunc
705 4177 935 4240 observantium
958 4179 1117 4258 praecepti,

329 4261 406 4341 quia
420 4263 496 4326 nihil
510 4270 567 4342 est,
585 4267 669 4347 qued
684 4267 836 4346 impediat
849 4267 945 4329 illam.
957 4268 1070 4329 Mende
1086 4288 1117 4330 n.

331 4351 379 4427 19,
396 4355 428 4412 et
441 4352 503 4414 alii.
521 4354 599 4415 Hinc
613 4355 779 4417 resolvitur
796 4375 802 4416 :

373 4442 401 4500 1.
427 4441 517 4512 Quod
539 4440 572 4502 in
594 4443 654 4504 bac
682 4442 821 4504 secunde
844 4442 989 4521 opinione
1014 4461 1119 4504 cense-

330 4531 463 4607 quenter
481 4529 595 4592 debeat
613 4531 721 4608 asseri,
739 4531 919 4607 familiares,
941 4536 972 4594 ct
990 4549 1120 4594 censan-

330 4617 462 4698 guinees
476 4616 628 4680 habentes
642 4619 763 4681 Bullam
781 4619 890 4695 teneri,
911 4620 1054 4699 quamvis
1069 4621 1117 4683 isti

330 4723 393 4766 nen
408 4705 546 4767 habeant
559 4706 654 4783 illam,
672 4707 781 4768 audire
795 4707 922 4769 Missam
937 4706 1047 4770 dicbus
1062 4709 1121 4769 fes·

329 4793 401 4856 tivis
423 4797 565 4872 tempere
587 4794 764 4872 interdicti,
795 4795 869 4874 quia
889 4796 1051 4875 aqualiter
1073 4816 1121 4857 re·

329 4885 449 4943 motum
478 4881 596 4944 habent
618 4883 877 4963 impedimentum
900 4901 937 4944 ac
965 4884 1036 4962 ille,
1066 4884 1120 4964 qui

329 4970 453 5033 Bullam
466 4970 571 5032 habet.
590 4972 652 5034 Sed
666 4971 691 5032 si
707 4990 769 5032 nen
790 4976 921 5051 pessunt
939 4973 988 5036 isti
1010 4973 1119 5035 audire

329 5058 468 5136 Missam,
485 5077 581 5139 quam
595 5060 646 5121 ille
668 5060 766 5138 audit,
783 5061 874 5121 simul
889 5078 961 5122 cum
975 5060 1040 5138 illo,
1057 5079 1120 5122 non

328 5145 487 5210 tenebitur
509 5147 560 5208 ille
579 5147 688 5210 audire
712 5148 893 5226 secundam,
919 5153 973 5210 aut
995 5149 1120 5212 tertiam

328 5234 467 5313 Missam,
484 5236 576 5298 atilli
591 5237 738 5313 audiant;
750 5237 805 5298 sed
815 5236 973 5299 tenebitur
987 5255 1049 5299 non
1064 5237 1120 5298 im-

328 5328 437 5408 pedire
452 5326 521 5390 illos
535 5326 601 5388 sine
619 5325 705 5407 justa
725 5343 831 5402 causa,
848 5343 887 5385 ne
906 5325 1037 5394 audiant
1050 5343 1122 5386 eam

329 5414 469 5492 Missam,
485 5431 581 5495 quam
600 5413 666 5494 ipse
681 5415 780 5476 audit.
796 5415 835 5476 nt
856 5412 999 5492 peccabit
1018 5413 1120 5492 gravi-

329 5509 389 5582 ter,
414 5502 441 5564 si
465 5501 661 5590 impedierit,
688 5506 721 5565 ut
743 5505 891 5596 peccaret
911 5500 943 5562 in
968 5505 1119 5588 tempere,

1035 547 1151 612 LIBER
1179 546 1258 608 Vlll.

1182 749 1245 813 qno
1261 748 1323 793 non
1345 731 1429 794 leret
1451 731 1663 809 interdictum,
1689 731 1888 812 impediendo
1908 733 1960 794 sine

1181 838 1277 882 causa
1295 819 1392 901 justa,
1409 838 1448 880 nc
1464 819 1619 899 obligatus
1642 819 1693 882 die
1714 820 1841 896 festivo,
1870 823 1963 900 potem

1180 911 1212 970 ct
1226 908 1335 969 velens
1349 907 1475 969 audiret
1491 907 1629 968 Missam.

1219 999 1249 1057 2.
1266 999 1419 1074 Tempore
1435 994 1619 1056 cessationis
1633 1012 1653 1054 a
1667 992 1801 1070 Divinis,
1819 1010 1879 1054 non
1891 998 1964 1054 tenc-

1179 1086 1204 1144 ri
1219 1084 1390 1145 habentem
1405 1083 1528 1144 Bullam
1543 1081 1653 1144 audire
1672 1081 1816 1157 Missam,
1839 1080 1964 1160 quamvis

1178 1171 1209 1232 iu
1225 1171 1331 1252 aliqua
1346 1170 1486 1232 Ecclesia
1494 1170 1681 1242 celebratum
1693 1167 1963 1249 quiaprivilegiun

1178 1259 1331 1321 duntaxat
1344 1276 1528 1320 concessum
1542 1264 1589 1318 est
1603 1257 1644 1318 ed
1661 1263 1791 1336 tempus
1810 1256 1962 1330 interdicte

1178 1347 1253 1428 quia
1267 1346 1408 1427 quamvis
1424 1345 1538 1406 liceant
1552 1344 1658 1424 aliqua
1671 1343 1705 1404 in
1719 1347 1867 1422 tempere
1880 1360 1964 1404 cesse

1177 1435 1272 1497 tionis
1295 1453 1315 1495 a
1335 1432 1465 1509 Divinis,
1490 1450 1560 1513 quae
1583 1431 1679 1494 etiam
1701 1430 1823 1492 liceant
1840 1433 1964 1510 tempere

1178 1519 1346 1596 interdicti,
1363 1520 1419 1580 sed
1434 1537 1491 1580 nee
1506 1537 1554 1596 ea,
1571 1537 1642 1599 quae
1653 1518 1841 1598 dependent
1854 1535 1873 1577 a
1885 1516 1964 1596 privi-

1180 1607 1273 1686 legio,
1303 1611 1377 1670 Cov.
1408 1611 1485 1669 Nav.
1515 1607 1621 1670 Mend.
1650 1608 1728 1684 Lep.
1761 1608 1861 1666 Henr.
1880 1607 1961 1668 Trull.

1177 1695 1270 1757 ltedr.
1284 1701 1314 1757 et
1328 1695 1380 1756 alii
1398 1695 1483 1758 citati
1499 1694 1657 1769 aMende,
1674 1713 1707 1754 n.
1724 1695 1779 1754 25.

1216 1788 1246 1847 3.
1286 1783 1442 1846 Habentes
1466 1783 1563 1860 aliud,
1587 1799 1684 1863 quam
1718 1781 1823 1843 Bnllae
1854 1779 1963 1860 privile-

1176 1875 1265 1953 gium
1278 1873 1319 1933 ad
1333 1872 1524 1934 audiendam
1537 1871 1665 1933 Missam
1674 1877 1824 1950 tempore
1835 1868 1962 1928 interdic

1183 1963 1217 2038 ti,
1237 1979 1297 2023 nen
1310 1959 1410 2022 teneri
1421 1960 1530 2021 audire
1540 1959 1667 2020 Missam
1677 1959 1729 2019 die
1740 1956 1868 2034 festivo,
1879 1975 1961 2036 nequa

1180 2049 1284 2110 adbuc
1299 2065 1390 2128 pesse
1412 2047 1521 2108 audire
1536 2046 1622 2108 illam
1643 2047 1694 2107 die
1709 2046 1834 2126 aliquo,
1850 2045 1960 2105 durante

1183 2135 1361 2212 interdicte,
1378 2136 1404 2196 si
1418 2153 1481 2196 nen
1497 2134 1761 2211 babentBullam,
1775 2132 1961 2214 quiaqundli-

1182 2226 1236 2287 bet
1263 2224 1461 2304 privilegium
1488 2223 1652 2302 suspendit
1673 2223 1961 2294 commissariuset

1177 2313 1331 2374 revalidat
1352 2317 1463 2392 postea
1484 2312 1511 2372 ei
1534 2311 1586 2391 qui
1606 2311 1721 2388 accipit
1735 2311 1874 2372 Bullam.
1890 2308 1960 2370 dxci·

1174 2401 1303 2481 piuntur
1325 2400 1490 2479 privilegia
1516 2417 1661 2476 onerosa,
1688 2403 1721 2460 et
1744 2398 1909 2474 lucrativa,
1934 2401 1959 2457 ct

1175 2488 1339 2568 privilegia
1354 2488 1563 2568 Religionum,
1579 2485 1752 2568 dequibus
1776 2489 1885 2567 postea
1900 2503 1960 2564 nge
1989 2519 1990 2524 κ

1175 2595 1256 2639 mus.

1394 2875 1660 2938 ARTIGULUS
1704 2875 1754 2938 11.

1175 3105 1220 3168 ne
1227 3105 1388 3187 priuilegio
1403 3102 1565 3185 ecepteadi
1573 3103 1788 3172 Sacramenta,
1805 3113 1833 3166 ct
1842 3121 1917 3184 posse
1927 3119 1958 3162 rc
1989 3125 1990 3128 ¹

1209 3195 1300 3276 peliri¹
1312 3195 1345 3254 ia
1360 3192 1422 3254 lece
1435 3211 1591 3254 senecam
1604 3191 1759 3254 moderate
1768 3193 1956 3274 succrepan-
1988 3197 1989 3248 J

1209 3301 1253 3362 pe
1266 3290 1396 3362 tempore
1409 3278 1572 3340 interdicti.
1988 3275 1989 3300 ³

1214 3477 1427 3552 Sacramenta,
1445 3490 1514 3553 quae
1530 3475 1670 3551 tempere
1686 3472 1852 3534 interdicti
1873 3472 1956 3550 accipi
1986 3463 1988 3571 ᾗ

1175 3584 1237 3628 εοε
1251 3566 1392 3644 possunt,
1408 3567 1481 3622 sunt
1493 3559 1702 3636 Eucharistia,
1712 3562 1815 3638 Ordo,
1829 3563 1957 3623 Extrema
1985 3581 1988 3667 ι

1175 3652 1286 3718 Unctio
1304 3654 1335 3712 ct
1350 3648 1585 3712 benedictiones
1595 3647 1756 3727 nuptiales
1765 3648 1955 3720 Matrimonii;
1985 3667 1987 3722 g

1178 3747 1210 3804 et
1224 3747 1258 3802 ut
1272 3739 1332 3800 ista
1345 3737 1465 3818 possint
1478 3735 1589 3814 accipi,
1610 3736 1762 3797 concedit
1773 3737 1864 3798 Bulla
1884 3733 1957 3814 priri-
1985 3723 1987 3798 t

1179 3829 1307 3909 legium,
1339 3826 1433 3887 medo
1462 3831 1648 3904 accepturus
1676 3823 1744 3902 illa,
1777 3844 1837 3888 nec
1858 3823 1958 3886 dederit
1985 3859 1987 3921 4

1180 3932 1307 3976 eausam
1331 3912 1510 3989 interdicte,
1531 3929 1589 3972 nec
1604 3929 1661 3990 per
1679 3911 1790 3990 ipsum
1809 3917 1876 3989 stet,
1891 3909 1956 3992 qued
1984 3939 1986 3994 ς

1178 4022 1240 4066 non
1256 4001 1398 4064 tollatur.
1414 4001 1493 4062 Lud.
1511 4001 1634 4075 aCruz,
1650 4000 1753 4061 Trull.
1766 4003 1894 4075 Suarez,
1909 3999 1957 4059 fil·
1984 4001 1986 4062 i

1175 4093 1230 4154 lal.
1246 4093 1343 4152 fleur.
1364 4107 1436 4151 cum
1451 4089 1530 4165 aliis,
1548 4107 1628 4168 quos
1643 4087 1720 4151 citat
1734 4090 1863 4168 Mende,
1875 4086 1902 4150 d.
1916 4090 1953 4162 23,

1175 4201 1204 4244 n.
1222 4184 1272 4243 36.
1289 4181 1376 4241 Circa
1391 4179 1475 4259 qued
1485 4176 1672 4238 resolvitur:

1218 4273 1247 4331 1.
1264 4267 1466 4347 Privilegium
1488 4265 1663 4344 accipiendi
1683 4265 1890 4328 Sacramenta
1907 4279 1955 4324 nen

1174 4356 1277 4420 solum
1290 4354 1419 4416 concedi
1435 4353 1475 4414 ed
1490 4370 1600 4414 cerum
1613 4352 1837 4431 acceptionem
1851 4351 1880 4412 in
1892 4353 1952 4413 ora-

1173 4445 1265 4520 torio,
1291 4442 1434 4522 quamvis
1456 4445 1592 4520 ponatur
1614 4445 1686 4520 pest
1700 4441 1899 4522 privilegiam
1910 4457 1954 4500 aa·

1175 4531 1280 4594 diendi
1295 4531 1421 4592 Missam
1435 4529 1467 4590 in
1482 4528 1603 4606 ecdem,
1620 4527 1678 4588 sed
1693 4528 1795 4590 etiam
1804 4521 1954 4606 accipiendi

1175 4621 1379 4683 Sacramenta
1393 4616 1425 4676 in
1439 4616 1579 4678 Ecclesia
1592 4614 1754 4696 qualibet;
1769 4616 1844 4696 quia
1853 4629 1955 4676 coecas

1174 4725 1209 4768 sc
1231 4724 1279 4783 ee,
1302 4705 1386 4786 qued
1409 4703 1511 4784 majus
1532 4708 1590 4778 cst,
1616 4703 1809 4766 conceditur
1830 4703 1870 4780 id,
1887 4697 1954 4782 quud
1981 4723 1983 4808 i

1176 4795 1295 4869 minus;
1312 4797 1344 4856 et
1357 4794 1460 4856 minus
1475 4793 1675 4873 privilegium
1700 4797 1762 4872 est,
1788 4792 1870 4874 quod
1889 4787 1954 4852 acci-

1175 4880 1302 4959 piantur
1316 4879 1347 4941 in
1362 4881 1511 4958 Ecclesia,
1528 4898 1624 4960 quam
1638 4881 1670 4940 in
1687 4883 1846 4946 oratorie.

1214 4969 1244 5028 2.
1261 4969 1324 5028 llas
1334 4967 1508 5044 facultates,
1521 4985 1591 5046 quac
1601 4968 1827 5031 conceduntur
1835 4973 1953 5044 tempere
1981 4975 1982 4990 *

1176 5055 1346 5133 interdicti,
1377 5073 1440 5117 non
1461 5053 1603 5132 concedi,
1628 5055 1688 5116 nisi
1714 5075 1755 5120 eo
1780 5055 1880 5132 mede,
1904 5065 1953 5132 quc

1176 5149 1248 5206 sunt
1262 5144 1353 5207 licitae
1378 5145 1409 5206 in
1428 5143 1495 5223 ipsc
1514 5143 1672 5206 interdicti
1692 5149 1847 5225 tempore.
1865 5145 1952 5220 laque

1176 5233 1414 5296 Benedictioncs
1442 5231 1598 5312 nuptiales
1620 5250 1686 5294 nen
1715 5236 1849 5313 possunt
1871 5222 1953 5308 accipi

1176 5319 1291 5382 virtute
1306 5321 1460 5401 privilegii
1474 5323 1507 5382 in
1521 5325 1663 5402 tempere
1678 5321 1844 5384 Adventus
1853 5318 1952 5388 etone·

1177 5409 1374 5490 dragesimae,
1391 5410 1446 5472 sed
1461 5411 1493 5472 in
1507 5414 1660 5490 tempere,
1677 5429 1745 5492 que
1760 5403 1949 5478 fercntlicitt,

1177 5498 1204 5560 si
1220 5499 1421 5571 interdictum
1435 5518 1497 5562 nen
1512 5499 1663 5568 obstaret,
1680 5503 1750 5570 Nec
1765 5499 1883 5562 ordines
1893 5507 1949 5576 11⁰⁵r
