3986 6350
576 571 627 634 DE
648 569 813 632 OFFlCllS
835 567 1106 632 conuussnttlt.
1611 569 1668 630 ιιι

47 757 91 829 εει,
106 753 171 833 qnia
185 753 352 830 sententia,
379 771 448 834 quae
472 753 634 816 evidenter
652 755 730 816 falsa
753 773 816 816 non
870 771 1008 834 numque
1031 753 1199 833 impiorum
1223 755 1254 815 et
1273 754 1424 832 imperitae
1452 752 1659 816 multitudinis

47 847 92 917 est,
106 840 157 900 etsi
171 841 361 921 quibusdam
384 841 600 920 improbabilis
623 847 654 904 et
677 843 708 902 in
727 841 815 922 praxi
869 842 1004 904 ludibrio
1014 842 1189 922 exponere?
1202 843 1383 924 Silenique
1399 848 1434 906 ut
1443 843 1542 905 multa
1552 842 1661 922 paucis

46 928 198 1007 periculosa
220 928 376 1005 videatur,
399 929 468 990 aliis
486 933 593 991 tamen
621 949 684 991 non
711 930 816 991 minus
870 930 1071 1009 complectar,
1089 931 1211 1010 quoties
1225 937 1329 1010 potest
1342 931 1483 992 accidere
1500 932 1660 994 Confessa-

45 1015 125 1096 cquis
146 1034 250 1077 rerum
279 1017 521 1078 estimatoribus
543 1023 612 1079 tuta
634 1035 762 1096 prorsus
785 1023 817 1079 ct
869 1019 950 1080 rium
967 1037 1004 1078 ex
1019 1019 1207 1099 ignorantia,
1225 1019 1408 1098 pertinacia,
1421 1038 1518 1100 pravo
1533 1022 1658 1097 ellectu,

47 1103 164 1183 apposite
191 1105 386 1182 probabilior
415 1105 514 1167 videri
534 1111 646 1186 potest,
672 1125 709 1168 ac
733 1125 816 1186 saepe
869 1107 1027 1168 levissima
1051 1107 1189 1185 ratione,
1216 1108 1357 1189 adeoque
1380 1114 1518 1185 temere,
1543 1109 1606 1170 imo
1631 1111 1662 1170 ει

45 1211 72 1254 re
86 1192 145 1272 ipsa
159 1193 294 1255 videtur.
315 1195 416 1266 Quare
436 1193 532 1274 igitur
554 1194 708 1274 prenitens
727 1195 817 1255 abso·
870 1195 947 1256 falso
967 1195 1131 1276 judicare3
1155 1197 1360 1275 poenitentem
1385 1215 1469 1274 vern,
1486 1196 1661 1276 prasertim

44 1279 149 1342 lullonis
166 1281 319 1343 beneficio
347 1282 519 1361 privandus
548 1285 623 1360 erit,
647 1283 687 1344 ad
721 1301 816 1363 quam

42 1366 83 1448 jus
95 1367 289 1432 Confessione
303 1387 361 1431 sua
374 1370 549 1451 acquisivit,
567 1372 650 1451 quod
661 1391 732 1434 earn
746 1389 818 1432 son-

45 1456 153 1518 tentiam
167 1463 329 1537 sequatur,
346 1477 441 1538 quam
463 1459 495 1520 in
519 1460 609 1538 praxi
627 1463 726 1522 tutam
741 1479 816 1540 pru-

44 1545 136 1606 denter
145 1543 323 1608 existimat?
336 1547 414 1608 Cum
429 1546 512 1607 enim
527 1547 571 1610 sic
586 1549 743 1627 opinando
754 1565 817 1608 non

44 1636 144 1712 peccet,
168 1651 233 1694 nnn
249 1637 296 1697 est
310 1635 402 1714 culpa
417 1635 480 1696 ulla
494 1655 552 1698 sua
564 1637 757 1699 absolutionc
772 1637 816 1697 in-

44 1720 149 1800 dignus.

75 1809 129 1871 Sed
142 1813 217 1889 quot
241 1813 274 1872 et
295 1814 419 1891 quantis
442 1812 586 1892 opposita
606 1815 771 1892 sententia,
791 1813 816 1875 si

44 1897 68 1957 in
88 1916 170 1959 usum
190 1898 413 1977 adduceretur,
437 1901 519 1963 toret
540 1902 676 1965 obnoxia
698 1903 818 1964 incom-

43 1987 130 2048 modis
148 1991 179 2047 et
199 1987 357 2066 absurdis,
382 1989 434 2049 vix
457 1989 533 2068 fingi
558 1990 674 2068 animo,
701 1991 818 2052 nedum

44 2071 132 2132 verbis
144 2074 276 2153 exprimi
291 2078 417 2153 potest:
438 2079 463 2138 l.
488 2077 572 2138 enim
594 2097 748 2157 ponamus
771 2078 819 2160 εἰς

43 2177 101 2219 rum
113 2159 265 2240 imprimis
279 2161 406 2224 doctum
426 2167 458 2225 ει
479 2165 579 2244 pium,
595 2170 689 2247 atque
704 2167 734 2227 in
751 2185 818 2228 mo-

43 2265 101 2306 rum
125 2246 290 2326 disciplina
325 2250 584 2330 versatissimum,
609 2253 818 2316 confessionis

43 2351 123 2396 cansa
147 2335 301 2398 accedere
329 2338 370 2398 ad
397 2337 579 2420 imperitum
602 2343 817 2422 Sacerdotem,

43 2423 126 2503 iisque
139 2422 294 2484 imbutum
310 2425 521 2505 opinionibus,
548 2447 616 2509 quae
636 2429 688 2490 vix
706 2429 820 2510 probe-

42 2511 152 2573 bilitalis
166 2513 246 2573 lines
267 2511 448 2593 attingunt:
465 2515 565 2596 quid?
587 2515 637 2578 Ad
651 2518 819 2597 impetran-

43 2600 104 2660 dam
127 2599 357 2662 absolutionem
388 2609 518 2682 cogetur
546 2605 734 2667 sententiam
763 2606 820 2668 ali-

42 2705 123 2767 quam
142 2705 216 2749 eum
238 2705 302 2749 non
320 2689 381 2750 levi
405 2690 484 2752 torte
504 2691 702 2755 incommodo
723 2695 820 2773 depo-

42 2793 114 2852 nere,
134 2775 249 2855 qnippe
274 2791 344 2856 qua
366 2793 428 2838 non
451 2779 589 2841 arrideat
610 2780 659 2841 isti
679 2781 817 2859 indocto,

41 2861 81 2921 rel
94 2862 173 2940 apud
187 2861 286 2922 alium
300 2863 455 2941 prolixam
465 2865 633 2948 aliquando
649 2873 680 2930 et
693 2869 821 2931 intrica-

42 2954 95 3012 um
108 2949 340 3012 Confessiouem
354 2952 488 3015 iterare?
511 2955 593 3016 Nihil
605 2957 664 3018 boc
680 2958 819 3038 profecto

41 3036 172 3119 iniquius.
197 3041 228 3100 2.
256 3039 345 3118 Quia,
372 3043 457 3121 quod
480 3043 739 3105 absurdissimum
761 3050 818 3123 est,

41 3127 119 3188 toties
131 3133 255 3191 mutare
269 3130 458 3192 sententiam
479 3131 648 3213 aliquando
665 3133 821 3214 poenitens

41 3220 203 3296 cogeretur,
222 3217 345 3298 quoties
366 3219 491 3281 diversa
515 3222 592 3282 varii
617 3240 696 3302 quos
721 3223 822 3285 adiret

42 3305 216 3387 confessarii
239 3305 414 3370 sentirent:
442 3327 472 3369 v.
489 3328 519 3389 g.
549 3311 746 3373 Adolescens
762 3316 825 3374 sta-

41 3395 97 3456 tum
118 3394 312 3474 lleligiosum
335 3395 384 3456 vel
411 3397 592 3459 clericalem
620 3401 767 3479 amplecti
789 3401 822 3462 in

41 3483 131 3545 animo
146 3483 255 3560 babet,
272 3483 367 3564 idque
385 3485 453 3566 ejus
474 3487 638 3548 consilium
653 3507 822 3551 moerorem

42 3589 92 3633 non
105 3573 206 3634 levem
221 3571 406 3650 parentibus
427 3581 513 3634 creat
529 3593 536 3635 :
561 3595 658 3656 quare
674 3581 707 3640 ut
721 3577 824 3639 maxi-

40 3677 82 3720 me
100 3659 167 3739 pins
191 3662 251 3735 est,
281 3659 357 3722 illati
380 3660 510 3741 hujusce
533 3663 678 3724 moeroris
697 3665 823 3744 culpam

41 3745 92 3825 (sic
105 3748 186 3808 enim
200 3747 314 3826 putat),
332 3747 433 3810 defert
447 3750 532 3828 apud
542 3750 744 3813 Sacerdotem
760 3770 822 3813 non

40 3836 75 3896 ita
96 3835 231 3915 peritum
249 3836 301 3896 :is
325 3840 420 3916 negat
447 3857 481 3898 se
502 3856 594 3918 posse
618 3839 823 3903 absolutionis

39 3923 216 3985 beneficium
243 3923 428 4002 concedere,
452 3925 511 3985 nisi
532 3927 620 4005 prius
643 3931 823 4007 susceptum

41 4011 325 4075 consiliumsincere
340 4012 509 4093 abjecerit;
533 4033 635 4096 neque
660 4017 755 4095 enim,
776 4018 825 4078 in-

41 4102 108 4182 quil,
123 4103 170 4163 las
184 4103 233 4162 est
247 4101 447 4164 filiofamilias
462 4102 500 4162 de
515 4121 548 4163 se
564 4104 669 4166 invitis
683 4104 824 4185 parenti·

870 1282 895 1343 si
911 1283 1020 1344 doctus
1035 1284 1085 1361 sit,
1102 1283 1274 1363 prudentor
1284 1288 1315 1346 et
1329 1303 1401 1346 vere
1409 1284 1571 1365 judicare?
1581 1283 1661 1357 Quid

870 1375 976 1434 autem
1003 1372 1140 1452 iniquius
1162 1376 1193 1433 ct
1214 1392 1233 1433 a
1254 1373 1373 1435 ratione
1397 1373 1498 1453 magis
1525 1372 1662 1434 alienum

870 1479 965 1540 quam
990 1463 1059 1540 cogi
1083 1461 1286 1523 temerarium
1309 1469 1341 1524 et
1363 1463 1475 1524 falsum
1495 1461 1660 1543 judicium,

872 1547 1013 1629 quisquis
1028 1550 1155 1610 demum
1171 1549 1252 1611 illius
1271 1551 1312 1612 sit
1329 1559 1449 1628 auctor,
1466 1551 1663 1631 prudentiae

871 1655 945 1697 vero
960 1639 1129 1716 praeferre?
1142 1640 1189 1699 sin
1204 1640 1307 1702 minus
1331 1639 1534 1702 absolutionis
1548 1640 1664 1702 benefi-

871 1723 935 1802 cio,
959 1725 1116 1806 adquam
1144 1730 1249 1788 temen
1272 1746 1384 1788 verum
1401 1727 1453 1808 jus
1476 1727 1664 1807 acquisitum

871 1817 928 1889 est,
946 1831 1018 1874 cum
1042 1829 1104 1873 non
1128 1813 1188 1875 levi
1212 1814 1292 1876 torte
1317 1815 1502 1877 detrimento
1518 1814 1665 1876 excludi?

911 1900 980 1961 Dixi
996 1903 1102 1962 autem
1116 1901 1320 1980 poenitentem
1335 1903 1367 1963 in
1382 1921 1416 1963 re
1431 1919 1492 1964 non
1504 1902 1665 1963 evidentur

872 1988 950 2049 falsa
964 1993 1074 2048 contra
1088 1989 1275 2050 sententiam
1289 1989 1475 2053 confessarii
1494 1990 1665 2069 prudenter

872 2077 1064 2156 opinantem,
1091 2076 1317 2139 absolvendum
1342 2080 1469 2140 omnino
1494 2097 1573 2155 esse,
1599 2077 1664 2138 sivo

872 2163 1085 2226 Confessarius
1104 2163 1144 2225 sit
1164 2165 1309 2244 proprius
1332 2165 1399 2245 ejus
1417 2165 1581 2242 Sacerdos,
1598 2165 1664 2226 sivo

872 2251 1012 2324 alienus;
1029 2250 1104 2331 quia
1118 2251 1285 2312 discrimen
1305 2253 1387 2314 inter
1400 2257 1567 2333 utrumque
1581 2254 1665 2314 Auc-

871 2345 955 2401 toros
970 2338 1110 2400 nonnulli
1125 2339 1327 2402 constituunt.
1352 2343 1430 2402 Nam
1453 2340 1593 2402 Perocho
1609 2357 1664 2401 eeu

873 2427 1034 2491 Sacerdoti
1050 2427 1176 2507 proprio
1193 2428 1371 2508 impositam
1386 2449 1454 2490 esse
1469 2433 1598 2491 censent
1612 2447 1664 2489 ne-

873 2518 1050 2578 cessitatem
1077 2515 1259 2577 absolvendi
1288 2518 1510 2598 poenitentem,
1540 2517 1592 2597 qui
1621 2517 1665 2578 sic

872 2604 1018 2684 opinatur
1029 2624 1036 2664 :
1049 2607 1081 2665 at
1095 2604 1119 2664 si
1136 2605 1294 2666 Perochus
1306 2625 1367 2668 non
1379 2612 1435 2684 cst,
1448 2607 1553 2667 iacere
1565 2605 1597 2666 id
1607 2604 1666 2664 mi-

874 2692 957 2763 nime
972 2691 1088 2753 debere
1102 2695 1224 2770 putant.
1242 2693 1395 2774 Sacerdos
1415 2693 1603 2770 ordinarius,
1620 2691 1665 2752 in-

874 2780 996 2859 quiunt,
1018 2778 1174 2858 judicium
1197 2779 1285 2859 sequi
1308 2779 1402 2842 debet
1423 2779 1586 2857 Ecclesiae,
1603 2797 1666 2840 non

874 2886 981 2940 suum;
998 2869 1108 2927 contra
1121 2884 1196 2927 vero
1212 2867 1364 2929 Sacerdos
1376 2866 1428 2948 qui
1442 2885 1504 2928 non
1519 2872 1566 2930 εει
1581 2867 1668 2929 ordi-

874 2956 992 3017 narius.
1011 2956 1074 3017 Sed
1095 2955 1163 3017 baec
1187 2955 1344 3017 distinctio
1363 2956 1488 3017 videtur
1501 2957 1605 3035 potius
1619 2973 1667 3017 ar-

873 3044 968 3106 bitrio
996 3061 1092 3124 quam
1118 3043 1243 3106 ratione
1266 3045 1444 3124 excogitata
1460 3064 1467 3107 :
1484 3064 1556 3106 cunr
1584 3045 1668 3106 enim

875 3133 928 3212 qui
943 3133 961 3194 J
965 3131 1199 3193 urisdictionem
1209 3137 1334 3194 exercet
1342 3132 1375 3192 in
1386 3135 1590 3194 Sacramenta
1599 3135 1667 3194 Por·
1689 3152 1694 3160 ·

876 3219 1017 3280 pitantiae
1044 3220 1208 3300 (quisquis
1227 3221 1280 3280 illc
1299 3220 1371 3298 sit),
1394 3219 1536 3282 Minister
1561 3220 1617 3280 Dei
1630 3223 1669 3281 'ct

876 3307 1023 3370 Ecclesiae
1045 3308 1103 3381 sit3
1121 3309 1155 3369 si
1179 3311 1271 3370 recte·
1283 3309 1433 3389 judicare·
1445 3309 1530 3385 velit,
1555 3308 1668 3370 eodem

875 3397 970 3458 modo
982 3396 1148 3478 judicabit.
1165 3397 1255 3459 Adde
1271 3398 1442 3478 quodcum
1460 3396 1608 3458 Ecclesiae
1619 3396 1669 3477 ju·

876 3487 992 3548 dicium
1006 3504 1132 3565 semper
1144 3485 1185 3548 sii
1199 3489 1331 3563 rectum,
1349 3485 1416 3567 ejus
1427 3486 1583 3566 judicium
1597 3505 1670 3564 pra·

876 3591 950 3634 vum
966 3591 1033 3633 csse
1049 3576 1182 3653 oportet,
1205 3572 1289 3653 quod
1313 3576 1360 3634 εει
1382 3573 1528 3635 Ecclesiae
1550 3571 1669 3653 judicio

876 3661 1128 3739 disponteneum.
1141 3663 1206 3722 lloc
1217 3660 1376 3742 igiturqui
1387 3665 1582 3742 sequeretur,
1599 3679 1669 3740 pec·

877 3751 972 3811 caret.
992 3751 1081 3810 Retio
1105 3767 1162 3827 pro
1178 3753 1313 3829 utraque
1328 3752 1428 3828 perte,
1450 3752 1497 3810 est
1515 3748 1589 3829 quia
1602 3765 1671 3826 poe-

877 3837 987 3900 nitenti
1002 3837 1060 3898 rite
1076 3841 1185 3916 parato
1201 3838 1355 3900 Sacerdos
1370 3838 1423 3917 qui
1434 3836 1521 3897 illum
1536 3836 1667 3913 audivit,

877 3925 1066 4006 quicumque
1081 3925 1209 3985 demum
1227 3924 1278 3986 ille
1293 3925 1344 4000 sit,
1367 3923 1597 3985 absolutionem
1615 3923 1672 3984 de-

877 4032 993 4093 negare
1009 4013 1075 4074 sine
1090 4013 1206 4094 injuria
1220 4031 1281 4074 non
1298 4016 1411 4092 potest.
1437 4011 1518 4073 lllnd
1536 4013 1620 4072 cuim
1636 4031 1670 4072 re

876 4102 945 4180 ipsa
966 4100 1095 4162 interest
1120 4101 1201 4162 inter
1230 4099 1392 4179 proprium
1416 4099 1618 4161 Sacerdotem
1641 4101 1673 4160 et

8 4233 9 4236 ,
39 4189 250 4251 busstaluere.
268 4191 376 4270 ltaque
396 4190 586 4254 Adolescens
607 4193 666 4254 hac
680 4194 825 4255 admoni-
878 4188 1068 4267 delegatum,
1092 4187 1176 4267 quod
1198 4186 1248 4248 ille
1268 4186 1429 4248 subditum
1447 4205 1539 4247 snum
1562 4185 1672 4248 audire

8 4289 9 4292 ’
39 4276 112 4337 lione
125 4295 145 4338 a
158 4278 316 4338 sententia
330 4277 513 4356 deterrituS,
539 4297 573 4339 se
596 4279 688 4341 dictis
703 4281 825 4343 obtem·
877 4277 969 4338 toties
984 4275 1089 4353 debet,
1106 4273 1228 4354 quoties
1247 4273 1287 4334 ad
1309 4274 1412 4353 ipsum
1431 4273 1553 4335 accedit
1567 4272 1673 4353 eliqua

38 4370 213 4444 peraiurum
228 4364 308 4426 serio
322 4365 581 4447 promittitatque
595 4367 824 4431 absolutionem
878 4365 991 4426 saltem
1016 4363 1127 4424 ductus
1147 4361 1316 4424 confitendi
1341 4361 1546 4434 necessitate3
1577 4360 1618 4422 ed
1640 4360 1673 4421 id

8 4515 9 4518 ,
40 4453 158 4516 obtinet.
176 4457 220 4518 Αι
233 4453 341 4532 paucis
356 4454 469 4534 elapsis
484 4455 644 4517 mensibus
664 4457 823 4519 Poenitens
878 4455 963 4514 enim
975 4452 1104 4532 justitiae
1129 4451 1198 4529 lege
1223 4449 1438 4528 obstringitur.
1455 4452 1496 4512 At
1517 4466 1578 4510 uon
1597 4450 1673 4510 item

38 4543 182 4623 propositi
196 4543 279 4603 illius
294 4561 327 4603 se
341 4542 465 4606 incusat
479 4545 564 4624 apud
581 4542 681 4610 alium
696 4547 825 4608 Contes-
879 4541 1041 4620 delegatus
1070 4540 1236 4615 Sacerdos,
1269 4539 1322 4619 qui
1354 4543 1523 4617 propterea
1555 4537 1673 4598 dissen-

39 4633 158 4709 sarium,
176 4630 231 4712 qui
247 4633 367 4711 pariter
389 4637 484 4712 negat
502 4651 594 4711 posse
608 4651 641 4694 se
656 4634 825 4696 absolutio·
876 4629 965 4691 tienti
981 4648 1000 4689 a
1015 4647 1059 4705 se,
1076 4647 1148 4688 cum
1163 4628 1259 4689 semel
1275 4626 1431 4689 audiverit
1451 4630 1546 4706 atquc
1571 4626 1673 4687 absol-

38 4739 102 4780 ucm
116 4719 291 4800 impertire,
308 4719 366 4780 uisi
378 4719 536 4800 abjectum
547 4721 710 4783 consilium
721 4723 823 4784 denuo
877 4718 968 4793 verit,
985 4721 1089 4796 potest
1103 4716 1135 4776 in
1151 4721 1312 4796 posterum
1326 4715 1487 4777 'l'ribunali
1501 4732 1558 4776 suo
1579 4715 1672 4775 inter-

8 4807 10 4866 ζ
37 4807 192 4887 suscipiat.
209 4809 245 4868 ln
259 4825 293 4868 re
309 4807 393 4867 enim
403 4807 522 4884 salutis,
535 4807 647 4889 inquii,
661 4825 722 4869 non
737 4809 824 4869 carni
878 4806 993 4880 dicere,
1011 4804 1071 4864 nisi
1086 4805 1271 4866 asententia
1285 4803 1425 4879 desistat,
1438 4820 1476 4864 ac
1487 4801 1672 4862 denuntiare

37 4897 65 4958 ει
78 4895 236 4977 sanguini,
252 4895 307 4957 sed
322 4897 386 4956 Deo
400 4913 522 4957 morem
536 4915 647 4976 gerere
663 4896 824 4958 bominem
878 4893 903 4955 ei
918 4891 1021 4953 redire
1041 4909 1104 4953 non
1128 4891 1260 4969 dubitet,
1277 4911 1310 4953 se
1325 4907 1418 4952 aures
1433 4890 1460 4950 ei
1477 4907 1538 4951 uon
1558 4888 1672 4969 praebi-

38 4985 242 5047 Ghristianum
267 4986 400 5062 oportet.
426 4985 479 5045 llle
504 4984 544 5044 ad
572 4984 604 5044 id
626 4991 771 5062 paratum
790 5002 824 5044 sc
878 4985 994 5044 turum.

920 5069 1043 5150 Otjieies
1057 5069 1084 5130 t.
1102 5067 1315 5130 confessarius
1338 5068 1369 5129 in
1389 5071 1486 5132 Sacro
1506 5066 1671 5130 'tribunali

36 5073 198 5152 significat,
224 5075 318 5151 atque
342 5071 524 5134 absolvitur,
550 5071 669 5132 Deinde
698 5061 824 5133 tertium

8 5159 9 5162 ’
37 5161 97 5221 adit
109 5159 355 5236 Confessarium,
372 5158 424 5240 qui
439 5159 532 5238 primi
553 5159 741 5221 sententiam
756 5162 826 5220 tue·
878 5158 997 5224 Jndicis
1014 5175 1143 5218 munere
1167 5155 1318 5236 fungitur,
1339 5157 1389 5218 cui
1411 5155 1543 5236 proinde
1558 5154 1589 5215 in
1605 5154 1673 5234 opi·
1732 5157 1739 5172 '

8 5257 10 5304 ἶ
38 5247 100 5322 ιεε;
115 5253 186 5312 tum
202 5253 348 5328 quartum
362 5249 413 5328 qui
428 5249 568 5326 secundi,
582 5248 666 5310 etsie
677 5247 824 5327 deinceps
879 5247 971 5308 nione
994 5248 1197 5306 controversa
1220 5243 1434 5322 pronuntianti
1459 5242 1553 5303 debet
1574 5242 1673 5321 poeni·

8 5341 10 5402 ἱ
37 5337 212 5398 alternatim
221 5335 391 5397 multoties.
405 5335 482 5409 Ouid
494 5341 542 5398 est
551 5337 611 5398 hoc
622 5336 717 5414 aliud,
729 5353 825 5415 quam
878 5338 957 5409 tens,
974 5331 1027 5413 qui
1044 5349 1115 5392 reus
1130 5335 1187 5408 εει,
1204 5329 1358 5392 assentiri.
1377 5330 1409 5393 Si
1424 5329 1545 5406 minus,
1561 5332 1673 5407 peccat

8 5405 10 5476 ἶ
37 5425 274 5488 Sacramentum
288 5422 496 5504 poenitentia,
517 5443 585 5486 rem
609 5424 687 5486 adeo
710 5423 824 5485 seriam
878 5419 964 5482 haud
979 5419 1072 5481 dubie
1087 5423 1118 5480 et
1132 5425 1259 5498 peccato
1284 5437 1340 5480 suo
1364 5419 1484 5498 praebet
1497 5435 1531 5478 se
1546 5417 1670 5478 absolu-

37 5517 205 5578 ctsacram
229 5513 386 5576 adducere
409 5513 440 5575 in
464 5516 690 5595 contemptum,
723 5510 826 5575 homi·
878 5509 962 5572 tione
985 5507 1160 5591 indignum.
1189 5507 1386 5594 Respondeo.
1412 5505 1625 5569 confessarius
1640 5503 1671 5566 in
