3974 6348
701 568 752 632 DE
774 569 1035 634 MA'l’lthONlO.

13 737 14 760 ³
73 761 283 827 venerabilibus
307 763 469 826 Fratribus
492 763 695 841 Patriercbis,
720 764 837 826 Prima·

135 851 219 930 tibus,
242 851 507 931 Arebiepiscopis,
531 858 563 914 et
585 853 758 933 Episcopis.

208 1073 456 1138 BENEDICTUS
475 1077 579 1138 Pare
600 1078 680 1140 XIV.

13 1187 15 1288 P
75 1250 237 1316 l'mccetiles
261 1251 293 1316 F
293 1263 398 1324 ratres,
422 1255 557 1326 salutem,
587 1265 613 1320 et
640 1255 841 1339 Apostolr'ccm

13 1289 16 1492 ,
328 1360 566 1428 benedictionem.

13 1495 15 1530 l

13 1615 15 1638 ἱ
104 1577 116 1614 a
134 1555 209 1620 Satis
222 1557 322 1619 Vobis
337 1561 534 1636 compertum
554 1577 698 1620 essenon
721 1560 844 1622 dubita-

13 1639 16 1784 .
69 1661 134 1719 mua,
155 1642 338 1706 Venerabile
360 1643 492 1713 Fratres,
509 1665 580 1708 eam
601 1665 726 1726 semper
749 1649 843 1710 tuisse

13 1791 15 1820 Ι
69 1731 116 1808 pia
127 1733 392 1794 MatrisEcclesiae
407 1733 536 1813 vigilem
552 1753 671 1813 euram,
688 1741 722 1796 ut
736 1738 844 1799 Sacra-

13 1823 15 1910 t
69 1825 187 1881 neotum
218 1821 429 1898 Matrimonii,
454 1843 594 1904 mapsam
624 1824 664 1884 ab
694 1824 843 1902 Apostolo

13 1911 15 1968 3
69 1911 287 1986 nuncupatum,
310 1910 435 1989 publice
455 1914 487 1972 et
509 1912 615 1990 palam
638 1931 657 1972 a
684 1912 843 1975 Fidelibus

68 1995 231 2058 celebretur.
245 1998 339 2070 Quod
354 1999 482 2078 quidem
497 2003 531 2061 ut
545 2000 735 2080 diligentius,
749 2020 843 2081 quam

68 2085 145 2142 antea
156 2082 273 2144 laetum
293 2085 406 2162 fuerat,
422 2085 619 2164 inposterum
643 2087 683 2148 ab
698 2088 844 2150 omnibus

68 2169 288 2247 observaretur,
321 2173 436 2234 Sancta
464 2174 646 2237 Tridentina
675 2175 841 2253 Synodus,

67 2257 266 2319 lateranensis
280 2260 409 2320 concilii
424 2263 483 2322 sub
497 2263 679 2325 Innocentio
703 2265 744 2325 Ill
765 2264 844 2324 eele-

67 2343 133 2404 brati
164 2346 306 2424 vestigiis
339 2347 534 2427 inherendo,
560 2351 719 2430 praecepit,
746 2355 780 2412 ut
811 2352 843 2412 io

13 2467 16 2508 ,
66 2436 219 2512 postemm,
238 2439 409 2514 antequam
429 2439 665 2501 Matrimonium
680 2441 844 2502 contraba-

13 2511 15 2586 l
66 2523 122 2594 tur,
143 2527 231 2585 tera
259 2523 387 2602 proprie
421 2527 678 2590 Contrabentium
702 2527 843 2589 Peroebo

13 2615 17 2724 q
66 2604 149 2668 tribus
162 2610 318 2672 continuis
340 2611 451 2673 diebus
466 2613 585 2675 festivis
600 2615 630 2675 in
646 2614 785 2676 Ecclesia
799 2615 844 2676 in·

13 2727 17 2812 q
68 2695 276 2756 terMissarum
295 2698 449 2760 solemnia
468 2702 592 2779 publice
617 2703 841 2764 denuntietur:

13 2817 15 2862 ÷
67 2779 235 2862 deindeque,
252 2784 491 2864 nullolegitimo
518 2793 722 2852 concurrente
747 2789 844 2870 impe-

13 2869 15 2900 *
66 2867 198 2946 dimcnto,
214 2872 257 2932 ad
278 2871 361 2935 illius
380 2875 625 2938 celebrationem
641 2879 672 2939 in
692 2879 771 2941 facie
785 2883 844 2942 Ele-

67 2955 152 3018 clccice
165 2976 272 3020 coram
296 2961 452 3039 Paroeho,
470 2966 519 3026 vel
543 2966 604 3026 alio
620 2967 789 3028 Sacerdote
805 2966 843 3027 de

67 3041 148 3121 ipsius
161 3047 306 3123 Parocbi‚
324 3067 380 3111 seu
395 3050 551 3112 Ordinarii
567 3053 706 3122 lieentia,
723 3059 755 3117 et
769 3055 844 3116 duo-

13 3129 17 3200 t
67 3129 115 3193 bus
125 3135 171 3195 rel
184 3136 286 3198 tribus
300 3137 444 3201 'l'estibus
465 3142 673 3219 presentibus
688 3143 757 3220 rita,
774 3162 844 3222 pro-

13 3219 15 3268 l
66 3219 188 3284 cedatur.
204 3222 313 3284 Voluit
327 3225 423 3287 aliam
438 3227 551 3288 eadem
567 3229 683 3290 Sancta
698 3230 845 3308 Synodus

13 2147 17 2196 i

13 3273 18 3446 ΙΙ
67 3307 136 3404 apud
150 3310 327 3374 Parecbum
347 3313 515 3392 diligenter
536 3315 666 3377 Librum
680 3319 855 3397 custodiri,

67 3411 92 3452 ur
111 3413 167 3474 quo
189 3397 361 3478 conjugum
384 3405 416 3462 et
438 3402 578 3464 'restium
601 3405 740 3482 nomina,
765 3407 845 3468 dies-

68 3497 117 3558 qaa
130 3488 159 3544 et
168 3484 257 3548 loeus
270 3488 461 3552 Matrimonii
477 3490 705 3554 describantur.

97 3573 271 3635 anvidae
300 3581 406 3638 tamen
430 3578 610 3659 hujusmodi
635 3581 732 3660 leges,
757 3585 845 3646 tanta

67 3660 845 3746 auctontatesaluberrimeinstitutae,pravaberum

13 3763 15 3806 r
65 3749 533 3826 temporameonditionesensim
543 3757 664 3833 prolabi
674 3758 749 3820 vise
759 3763 842 3838 sunt,

13 3817 16 3914 i
66 3839 92 3896 et
102 3853 224 3900 enerves
238 3840 467 3918 propemodum
481 3843 582 3921 reddi,
595 3843 635 3906 ob
646 3845 845 3908 Matrimonia

66 3939 114 3983 usu
126 3925 214 3988 nimis
228 3931 365 4006 recepta,
380 3949 450 4010 quae
460 3931 581 3994 occulte
592 3932 671 3994 adeo
682 3929 845 3996 eelebren-

13 4011 15 4074 t
66 4013 117 4088 tur,
130 4017 162 4074 ut
176 4015 300 4078 illerum
318 4017 440 4094 notitia,
466 4025 617 4099 quantum
640 4021 706 4081 fieri
728 4027 842 4101 potest,

66 4097 241 4196 obliteratur,
259 4106 290 4164 et
304 4104 335 4164 in
351 4106 680 4187 tenebrisignorantice
691 4113 843 4188 perpetuo

13 4209 16 4304 q
63 4195 153 4264 taceat
178 4192 370 4272 consepulta.
394 4195 429 4255 ln
452 4213 539 4256 more
563 4195 679 4256 etenim
707 4198 844 4275 positum

65 4282 114 4351 est,
129 4275 179 4338 illa
192 4277 343 4341 celebrari
358 4281 451 4343 nullis
465 4282 588 4361 praeviis
610 4282 699 4345 laetis
720 4285 844 4346 Denun-

65 4360 245 4444 tictionibus,
263 4386 369 4430 eoram
384 4371 449 4431 solo
465 4370 617 4438 Parocho,
633 4371 684 4432 vel
707 4371 767 4434 alio
788 4375 845 4436 Sa-

64 4451 178 4514 cerdote
199 4454 238 4515 de
261 4455 329 4536 ejus
349 4456 487 4535 lieentia,
510 4458 651 4522 adbibita
678 4462 844 4538 prasentia

65 4541 173 4602 tautum
180 4542 314 4606 duomm
324 4546 463 4608 Testium
471 4547 613 4626 apposite
625 4547 845 4610 atlantraban-

66 4627 137 4690 tibus
150 4629 382 4711 advocatarum,
401 4652 535 4714 quorum
549 4635 627 4696 fides
643 4636 761 4697 nemini
777 4636 845 4698 illo-

65 4733 126 4776 mm
138 4723 184 4781 est
196 4727 357 4800 suspecta;
374 4741 503 4804 remque
523 4724 631 4802 peragi
653 4743 735 4803 saepe
757 4727 845 4786 extra

65 4801 224 4868 Ecclesiam
238 4809 427 4889 quandoque
437 4809 531 4872 etiam
543 4811 730 4889 immittam,
739 4811 845 4892 januis

64 4895 159 4954 tamen
174 4897 314 4974 occlusis,
329 4899 380 4958 vel
395 4915 431 4959 eo
442 4897 759 4977 temporismomento
769 4918 843 4978 quo,

65 4987 174 5044 semota
200 4983 325 5046 alterius
353 4985 489 5066 cujusvis
517 4987 694 5065 prasentia,
716 4987 847 5050 scientia

67 5065 124 5130 initi
137 5071 334 5150 Matrimonii,
351 5077 465 5152 prater
485 5074 628 5151 Parocbi,
654 5073 845 5137 contrahen-

67 5151 145 5254 tium,
160 5159 359 5240 'testiumque
374 5179 524 5240 personas
538 5162 616 5224 alios
631 5162 754 5242 penitus
769 5165 846 5224 etlu-

67 5249 123 5318 ΚΜ

1634 583 1690 644 tib

895 761 930 820 ut
944 759 1113 838 plurimum
1127 761 1327 840 abhorreant,
1346 763 1420 827 satis
1435 783 1591 847 superque
1617 785 1693 830 ceo-

892 847 990 928 jieere
1005 847 1075 927 quis
1089 851 1213 928 poterit,
1231 851 1284 931 qui
1299 853 1412 914 mentis
1423 854 1523 915 aciem
1534 855 1574 917 ad
1584 857 1693 918 exitio-

895 953 946 996 sos
961 935 1084 998 illorum
1099 941 1226 1002 effeetus
1240 946 1414 1005 convertat.
1432 944 1512 1005 lline
1522 945 1607 1008 enim
1621 962 1692 1025 gra·

896 1025 947 1086 via
962 1029 1065 1087 ortum
1079 1024 1196 1090 habent
1210 1035 1349 1106 peccata,
1366 1031 1626 1109 praesertimvaro
1642 1050 1693 1094 eo·

896 1131 967 1175 rum
982 1114 1046 1198 qui,
1063 1115 1164 1178 Divini
1179 1117 1293 1180 ludicii
1303 1119 1557 1183 interminatione
1566 1120 1693 1202 postba-

896 1202 973 1279 bita,
988 1205 1092 1282 priore
1108 1207 1222 1282 Urere,
1247 1225 1319 1268 eum
1343 1227 1406 1288 qua
1429 1210 1509 1272 elam
1530 1215 1692 1273 contraxe-

897 1295 981 1366 runt,
1007 1292 1126 1369 relicta,
1149 1312 1220 1355 eum
1239 1297 1301 1357 alia
1315 1315 1370 1377 spe
1392 1298 1487 1360 futuri
1502 1299 1692 1360 Matrimonii

898 1379 1040 1458 decepta,
1058 1386 1088 1442 et
1101 1382 1134 1442 in
1144 1387 1268 1460 turpem
1279 1402 1386 1445 seeum
1399 1385 1524 1446 vivendi
1533 1385 1693 1448 licentiam

898 1469 1044 1542 abducta,
1057 1470 1160 1548 palam
1175 1471 1361 1533 contrahere
1386 1473 1583 1552 promittunt.
1610 1475 1694 1544 Ouo-

898 1557 1043 1619 rumdam
1057 1575 1131 1618 vero
1155 1561 1294 1619 mentem
1309 1559 1354 1620 ita
1377 1578 1483 1639 pravae
1507 1560 1694 1639 cupiditates

899 1649 1069 1722 excaecant,
1100 1649 1134 1707 ut
1165 1663 1281 1706 novum
1318 1649 1503 1709 contrahere
1538 1651 1722 1708 secretum·

899 1731 1132 1794 Matrimonium
1155 1733 1292 1794 audeant
1314 1741 1386 1812 post
1410 1734 1543 1796 alterum
1574 1738 1694 1796 secreto

898 1819 1006 1880 itidem
1021 1823 1227 1898 contractum,
1245 1821 1431 1883 etnondum
1446 1821 1559 1900 prioris
1580 1820 1696 1900 Gonju·

898 1910 946 1989 gis
973 1914 1073 1970 morte
1101 1909 1249 1986 solutum,
1276 1928 1407 1990 seseque
1432 1926 1547 1989 magno
1578 1909 1695 1970 scelera

898 1998 1082 2076 polygamos
1097 1996 1241 2058 reddant.
1258 1997 1319 2058 Alii
1335 1999 1431 2058 etiam
1446 2016 1482 2059 eo
1493 1995 1694 2076 impudentia

898 2087 1065 2162 devenere,
1082 2087 1117 2146 ut
1130 2085 1162 2144 in
1177 2084 1271 2164 hujus
1285 2086 1392 2164 magni
1409 2085 1605 2148 sacramenti
1620 2101 1696 2145 con·

898 2179 1063 2254 temptum,
1079 2177 1150 2251 post
1168 2174 1285 2252 primas
1309 2178 1429 2236 secreto
1451 2173 1556 2250 initas,
1580 2173 1695 2236 alteras

898 2266 953 2324 aut
967 2261 1091 2340 publice
1101 2266 1156 2322 aut
1165 2261 1312 2340 privatim
1333 2262 1457 2341 nuptias
1468 2260 1693 2337 contrahendo,

899 2367 966 2410 sese
981 2348 1130 2410 audacius
1144 2349 1324 2428 polygamia
1338 2349 1457 2429 pariter
1467 2349 1617 2410 innodare
1633 2366 1696 2411 nou

899 2437 1146 2516 perhorrescant.
1165 2440 1232 2516 Aga
1247 2456 1322 2500 vero
1337 2457 1432 2518 quam
1453 2437 1574 2518 gravia,
1601 2454 1696 2516 quam

899 2525 983 2585 nullo
998 2529 1089 2603 paeto
1104 2524 1234 2586 ferenda
1258 2543 1296 2586 ex
1320 2524 1367 2585 bis
1392 2524 1599 2586 Matrimoniis
1613 2524 1697 2585 mala

900 2613 1049 2674 oriantur.
1061 2613 1093 2676 Si
1109 2613 1191 2674 enim
1202 2613 1242 2673 ad
1257 2631 1488 2694 quamcumque
1502 2611 1695 2676 Matrimonii

899 2701 1107 2779 suspicionem
1121 2701 1391 2778 summovendam,
1409 2702 1519 2764 Virum
1533 2699 1666 2762 seorsim
1676 2719 1697 2760 a

898 2787 1027 2850 Muliere
1042 2789 1148 2850 vivere
1162 2788 1333 2867 contingat,
1351 2789 1475 2850 sublata
1489 2792 1537 2850 est
1551 2788 1634 2849 illico
1650 2788 1696 2848 in·

899 2874 1028 2938 dividua
1047 2875 1119 2939 vitae
1138 2877 1343 2952 consuetudo,
1365 2881 1397 2938 et
1415 2879 1632 2954 contemptum
1646 2880 1697 2936 est

899 2963 1030 3024 verbum
1044 2963 1167 3024 Domini
1185 2983 1192 3023 :
1209 2961 1378 3026 Adbaerebit
1391 2961 1487 3024 Homo
1505 2962 1604 3026 Ueteri
1622 2983 1692 3033 aare,

899 3060 927 3114 et
940 3059 1025 3113 erum
1047 3051 1103 3112 duc
1117 3052 1147 3112 cic
1160 3070 1246 3114 camec
1259 3071 1318 3112 unc
1338 3069 1348 3111 .·
1368 3051 1415 3112 sin
1439 3051 1507 3112 bare
1530 3050 1602 3114 vitre
1623 3067 1698 3112 con-

899 3139 1030 3200 suetudo
1045 3143 1197 3215 servetur,
1215 3155 1307 3200 nemo
1323 3142 1370 3200 est
1389 3137 1441 3218 qui
1463 3138 1549 3198 illam
1560 3137 1698 3198 criminis

899 3245 961 3286 non
977 3231 1100 3306 arguat,
1117 3231 1148 3289 et
1171 3229 1278 3305 utpote
1301 3226 1530 3303 detestabilem,
1556 3225 1588 3286 in
1609 3243 1698 3288 sean-

900 3314 962 3377 dali
977 3315 1141 3378 materiam
1156 3335 1219 3376 non
1233 3316 1389 3378 traducat.
1406 3317 1512 3394 Neque
1533 3315 1621 3378 illata
1639 3331 1697 3394 per

899 3405 1082 3464 scandalum
1097 3405 1261 3483 dispendia
1274 3403 1419 3482 rependit
1433 3403 1602 3465 subsecuta
1616 3403 1698 3464 cale·

899 3491 1000 3552 beatio
1029 3491 1141 3553 occulti
1163 3491 1364 3566 Matrimonii,
1389 3490 1474 3569 quod
1498 3491 1530 3550 in
1559 3490 1698 3553 tenebris

899 3578 1063 3655 delitescit,
1080 3582 1112 3640 et
1126 3579 1166 3639 ab
1181 3578 1326 3640 omnibus
1340 3577 1514 3657 ignoratur.

939 3666 1112 3729 »Leviora
1138 3685 1264 3747 quoque
1294 3665 1411 3726 damna
1438 3683 1501 3726 non
1520 3669 1604 3742 sunt,
1628 3683 1698 3746 qua

899 3760 1051 3834 susceptae
1066 3755 1147 3816 Proli
1163 3756 1358 3833 irrogantur.
1383 3755 1473 3831 Saepe
1496 3755 1580 3814 enim
1603 3755 1699 3816 conti·

900 3844 956 3924 git,
973 3845 1058 3905 illam
1072 3864 1091 3906 a
1105 3843 1301 3919 Parentibus,
1319 3846 1350 3904 et
1364 3861 1383 3902 a
1397 3843 1497 3904 Matre
1521 3842 1699 3921 praesertim

900 3936 1049 4009 amotam,
1067 3950 1124 3994 nee
1149 3932 1199 4012 pie
1221 3951 1279 3992 nae
1295 3929 1468 3992 liberaliter
1492 3929 1623 4006 institui,
1640 3929 1698 3992 sed

900 4019 1027 4081 incertis
1061 4019 1193 4081 fortuna
1217 4019 1342 4080 casibus
1367 4017 1521 4097 objectam
1545 4016 1697 4096 relinqui;

900 4105 959 4166 nisi
975 4105 1069 4168 etiam
1084 4108 1232 4166 Parentes
1255 4105 1314 4184 ipsi
1338 4108 1449 4165 eontra
1473 4108 1593 4166 naturae
1614 4104 1699 4182 leges

900 4211 978 4256 ausu
993 4192 1112 4254 nefario
1127 4193 1208 4254 illius
1223 4192 1294 4252 vitas
1314 4190 1512 4252 insidientur.
1539 4191 1599 4253 Ubi
1623 4206 1699 4252 vero

899 4287 965 4344 tam
980 4281 1116 4342 immane
1130 4280 1251 4342 facinus
1266 4283 1417 4342 Parentes
1432 4278 1600 4356 deterreat,
1617 4278 1699 4342 illos·

901 4388 961 4449 que
991 4368 1031 4429 ad
1058 4367 1199 4429 sobolem
1227 4367 1372 4428 alendam
1408 4366 1700 4446 instituendamque

900 4455 1079 4518 humanitas
1093 4456 1161 4534 ipsa
1175 4456 1357 4535 compellat3
1374 4455 1438 4518 alia
1452 4455 1595 4516 imminet
1608 4455 1700 4517 Libe-

900 4546 943 4607 ris
965 4544 1117 4622 susceptis
1141 4563 1179 4606 ex
1199 4545 1321 4605 occulto
1346 4541 1547 4605 Matrimonia
1562 4543 1700 4622 lugenda

900 4633 1064 4697 Avitacum
1079 4631 1264 4694 facultatum
1274 4637 1306 4693 et
1326 4631 1483 4692 bonorum
1494 4629 1629 4709 jactura,
1641 4649 1698 4709 pro

901 4737 1035 4802 quorum
1050 4721 1245 4798 possessione
1261 4719 1461 4800 assequenda
1475 4719 1621 4798 quamvis
1636 4719 1700 4782 ela·

900 4809 1070 4890 mentjura
1084 4809 1255 4889 sanguinis,
1283 4809 1343 4870 illis
1365 4813 1470 4870 tamen
1495 4811 1626 4869 careant
1647 4826 1700 4868 ne·

901 4917 986 4961 cesse
1003 4902 1186 4976 estpropter
1201 4899 1324 4960 occulta
1347 4898 1517 4958 Parentum
1537 4895 1700 4956 Matrimo-

901 4986 977 5062 nia,
1009 4989 1040 5047 et
1066 4985 1214 5064 adeptam
1241 4984 1446 5064 legitimitatis
1470 4986 1504 5044 et
1538 4981 1700 5042 filiationis

901 5073 1129 5154 probationem.
1159 5072 1238 5134 Huic
1266 5072 1361 5134 etiam
1390 5071 1547 5132 malorum
1583 5067 1699 5146 origini

901 5166 973 5226 suut
988 5161 1153 5222 reserenda
1175 5161 1244 5239 ipsa
1258 5178 1384 5240 quoque
1399 5160 1521 5220 secreta
1534 5155 1700 5231 Matrimo-

901 5253 954 5313 nia
981 5252 1183 5312 contractaa
1215 5247 1437 5310 Filiistamilias
1461 5247 1571 5306 contra
1598 5242 1700 5306 Patris

100 5288 322 5404 c'ouancuma
345 5336 539 5401 Sacramenti
562 5337 731 5418 dignitate,
757 5341 788 5400 et
806 5341 847 5402 ab
898 5341 981 5421 juste
1015 5337 1226 5400 dissentientis
1262 5337 1471 5406 voluntatem
1513 5351 1552 5393 ex
1586 5332 1700 5411 quibua

68 5409 341 5482 Ecclesiasticarum
372 5423 480 5504 legum
514 5423 695 5504 praecripto
726 5427 848 5488 occulta
902 5445 997 5507 quam
1018 5425 1128 5505 gravia
1148 5424 1348 5486 incommoda
1367 5421 1481 5486 exoriri
1497 5421 1629 5496 soleant,
1647 5437 1702 5483 ne-

69 5496 128 5565 hee
135 5505 340 5589 Matrimonia,
354 5511 642 5594 Cerea'eetioevulgo
654 5519 846 5594 nuncupata,

902 5515 1021 5576 minem
1034 5514 1121 5576 latet.
1140 5512 1220 5585 Ouid
1234 5509 1349 5590 plura?
1363 5511 1452 5572 Adeo
1467 5509 1600 5572 invaluit
1614 5505 1701 5570 mali·
