3986 6350
360 592 421 652 460
1088 583 1205 646 LIBER
1227 583 1279 643 IX.

362 774 431 836 titia
444 773 484 835 ad
500 773 617 854 aliquid
632 773 810 835 faciendum
825 771 875 832 vcl
889 769 1096 832 omittendum
1111 768 1155 828 in·
1211 764 1464 842 sacramentalis,
1489 782 1551 845 quo
1572 769 1742 845 peccatum
1762 765 1883 846 aliquod
1898 761 1991 847 paui-‘³

363 854 497 930 ducitur,
515 871 552 914 ex
567 871 629 933 quo
644 871 736 914 nemo
752 869 891 932 prorsus,
905 869 944 910 ne
958 850 990 910 in
1005 848 1156 927 suspicio-
1211 855 1289 918 terti
1312 853 1406 935 objici
1427 871 1464 916 aa
1487 854 1669 932 exprobrari
1692 853 1835 927 videtum
1854 853 1908 915 imo
1926 875 1971 934 qur
1989 869 1991 934 j

363 959 435 1002 nem
450 941 578 1022 quidem
593 941 637 1001 rei
653 939 840 1021 cujuspiam,
856 955 926 1018 quae
947 937 1006 998 sub
1021 935 1156 1014 sigillum
1212 941 1288 1003 illud
1310 943 1338 1003 ei
1359 943 1392 1002 in
1409 942 1596 1003 memoriam
1615 942 1769 1004 duntaxat
1791 959 1862 1003 cum
1880 942 1971 1020 pudore
1989 939 1991 1016 ζ

364 1030 465 1108 cadat,
481 1029 592 1091 merito
608 1029 715 1090 venire
730 1027 828 1107 possit
844 1047 850 1088 :
868 1047 898 1087 v.
915 1045 946 1104 g.
963 1025 988 1085 si
1004 1023 1157 1086 Sacerdos
1212 1031 1316 1109 aliquo
1332 1036 1508 1106 revocatur,
1525 1030 1582 1091 etsi
1598 1030 1683 1092 solus
1698 1029 1766 1109 ipse
1789 1030 1822 1091 id
1842 1031 1925 1109 possit
1934 1030 1971 1090 ad·
1989 1025 1991 1088 i

364 1117 530 1179 advertens
544 1117 576 1176 in
590 1117 789 1179 confessione
804 1113 1008 1194 prenitentem
1022 1111 1053 1170 in
1068 1109 1157 1189 gravi
1211 1123 1345 1180 vertere,
1370 1121 1452 1197 Ergo
1472 1119 1586 1196 potiori
1605 1117 1677 1197 jure
1693 1137 1769 1179 urus
1789 1118 1840 1180 ille
1858 1120 1901 1180 est
1910 1117 1972 1178 illia-

363 1205 570 1286 prolapsionis
584 1205 702 1266 versari
718 1202 915 1277 discrimine,
933 1199 973 1260 ad
994 1198 1070 1259 illud
1084 1214 1158 1276 pro·
1212 1211 1273 1282 tus,
1290 1225 1327 1266 ex
1342 1223 1404 1286 quo
1426 1209 1529 1285 potest,
1542 1205 1665 1283 eidem,
1681 1205 1856 1286 temporale
1874 1204 1972 1286 aliquod

363 1293 553 1374 pulsandum
576 1310 686 1372 preces
712 1289 833 1370 superis
861 1290 1040 1369 frequenter
1068 1283 1158 1347 adiri·
1212 1295 1434 1356 detrimentum
1449 1295 1602 1356 arridere,

363 1382 448 1458 beai,
465 1381 549 1459 piam
563 1379 712 1457 suscipiat
726 1377 1022 1457 peregrinationem,
1036 1372 1156 1452 jejunio
1252 1382 1327 1443 Dico
1342 1383 1372 1442 3,
1397 1381 1525 1442 lllioitus
1547 1384 1594 1442 esi
1610 1381 1662 1441 isse
1681 1399 1757 1441 usus
1773 1381 1886 1444 notitiae
1898 1401 1972 1443 sacrd-

364 1487 478 1548 corpus
493 1469 623 1547 aliisque
639 1465 740 1546 poenis
753 1466 834 1527 ultro
853 1463 1007 1541 susceptis
1026 1460 1154 1538 affliget.
1211 1467 1367 1544 mentalis,
1391 1485 1428 1528 ex
1452 1486 1514 1548 quo
1536 1467 1700 1547 poenitenti
1714 1468 1864 1529 damnum
1877 1469 1972 1550 aliquod

365 1556 482 1618 Notitia
500 1556 530 1615 in
555 1555 754 1618 Confessione
770 1555 952 1631 comparata
966 1550 1064 1610 utitur
1082 1553 1158 1607 tunc
1212 1555 1306 1616 etiam
1332 1556 1454 1616 nonnisi
1479 1558 1663 1635 temporale,
1688 1562 1744 1618 rut
1767 1557 1870 1636 reipsa
1889 1557 1972 1622 arrjffir

364 1644 416 1704 ille
432 1643 578 1723 quidem,
602 1647 635 1703 at
653 1641 732 1702 citra
750 1659 876 1701 omnem
889 1655 1017 1716 prorsus
1039 1635 1158 1696 revela·
1212 1647 1267 1703 aut
1289 1644 1431 1704 arridere
1455 1662 1580 1723 quoquo
1603 1645 1699 1706 modo
1723 1649 1838 1724 potest,
1860 1647 1973 1706 rarum

365 1731 492 1793 tionem.
510 1731 585 1802 Quis
600 1729 684 1789 enim
698 1746 765 1789 esse
781 1725 960 1808 hujusmodi
975 1724 1064 1786 factis
1081 1721 1157 1782 illud
1212 1731 1263 1792 ilie
1278 1731 1322 1792 ira
1336 1733 1417 1792 clam
1431 1731 1576 1794 omnihus
1590 1733 1792 1810 adhiheatur,
1809 1740 1844 1795 ut
1856 1752 1890 1794 nr
1902 1733 1986 1812 prra-

367 1819 528 1881 Sacerdoti
546 1817 726 1893 consilium,
749 1816 892 1895 adeoque
916 1813 1077 1894 poenitenti
1097 1811 1158 1872 dis·
1212 1825 1280 1880 tens
1295 1819 1422 1898 quidem
1437 1821 1534 1898 possit
1542 1821 1573 1879 in
1586 1820 1667 1882 illins
1678 1823 1728 1882 vel
1742 1821 1973 1883 levissimansns

366 1907 504 1982 crimen,
530 1907 695 1982 delictum,
715 1905 875 1980 habitum,
895 1902 1154 1983 propensionem,
1211 1908 1367 1986 picionem
1390 1909 1508 1972 venire.
1536 1911 1578 1971 Ut
1592 1915 1699 1970 autem
1714 1914 1817 1972 status
1829 1906 1972 1990 questionis

365 1999 421 2056 aut
435 1994 520 2056 aliud
544 1994 636 2075 hujus
650 1993 793 2073 generia,
810 1993 924 2072 poterit
937 1992 986 2052 vel
1001 1990 1157 2052 levissime
1213 1995 1326 2056 clarior
1338 1996 1404 2073 frat,
1425 1998 1602 2076 exemplum
1617 1997 1761 2077 subjicio.

367 2081 543 2160 suspicari?
1252 2083 1350 2146 'fitius
1375 2085 1528 2147 Sacerdos
1549 2086 1667 2164 optimo
1689 2105 1754 2166 quo
1778 2087 1891 2166 gaudet
1901 2087 1972 2148 Bene·

357 2235 359 2240 ,
406 2173 435 2230 2.
453 2168 546 2230 Aliud
562 2171 608 2230 est
622 2168 752 2229 revelari
768 2167 887 2247 aliquid
909 2167 939 2227 in
958 2167 1157 2229 confessione
1211 2171 1282 2232 ficio
1297 2170 1329 2229 in
1344 2171 1479 2249 gratiam
1489 2171 1704 2234 Adolescentia
1714 2172 1781 2234 Caii
1796 2189 1904 2252 paucos
1914 2171 1972 2231 ictrr

366 2258 519 2334 auditum,
536 2257 621 2319 aliud
636 2257 844 2319 confessionis
868 2257 1004 2336 sigillum
1028 2257 1157 2336 praecise
1213 2257 1280 2319 dies
1303 2259 1449 2319 abdicare
1473 2277 1506 2319 se
1530 2264 1681 2321 statutum
1705 2277 1837 2338 prorsus
1851 2259 1971 2320 sesninc

366 2345 475 2407 violari
492 2367 499 2406 :
525 2345 581 2406 elsi
597 2346 679 2405 enim
694 2345 774 2406 bene
788 2347 887 2406 multa
901 2361 964 2406 non
979 2345 1100 2424 possint
1116 2345 1157 2406 ci·
1213 2345 1419 2407 deliberatum
1443 2345 1548 2407 habet.
1575 2347 1684 2408 Caium
1709 2351 1818 2408 autem
1835 2345 1972 2407 interbeue

365 2439 415 2498 tra
428 2435 519 2514 sigilli
534 2433 734 2495 violationem
752 2433 903 2509 revelari,
926 2438 1027 2513 potest
1050 2437 1157 2494 tamen
1212 2430 1327 2492 multos
1350 2431 1546 2509 potissimum
1569 2431 1667 2512 eligit,
1688 2434 1777 2512 quod
1792 2433 1873 2494 illum
1886 2439 1972 2508 tcrope

366 2523 502 2602 sigillum
517 2522 634 2602 absque
649 2520 742 2583 ullius
756 2523 882 2584 omnino
897 2523 942 2583 rei
954 2541 1023 2602 quse
1034 2521 1065 2582 in
1080 2523 1158 2582 Gon·
1213 2526 1280 2578 rato
1296 2517 1412 2595 animo,
1429 2517 1566 2597 ingenio,
1582 2519 1737 2595 doctrina,
1755 2519 1881 2598 pietate,
1894 2518 1973 2578 cerus-

366 2610 500 2672 fessione
515 2610 623 2671 audita
636 2611 676 2672 sit
697 2611 886 2672 revelatione
902 2610 1023 2672 violari.
1047 2611 1158 2671 Sacer·
1213 2625 1274 2684 que
1296 2605 1420 2666 dotibus
1441 2623 1509 2666 esse
1533 2610 1679 2668 ornatum
1701 2606 1867 2683 existimet,
1889 2605 1971 2686 quibu

367 2698 424 2758 dos
439 2696 553 2758 etenim
570 2743 577 2773 ,
595 2715 624 2757 v.
642 2717 673 2776 g.
697 2698 749 2776 qui
765 2699 955 2777 depereatis
976 2699 1007 2758 in
1032 2697 1159 2758 Confes-
1213 2693 1323 2756 Clerici
1337 2694 1472 2755 maxime
1483 2694 1756 2758 commendantur.
1774 2699 1984 2758 caumana*

366 2785 453 2848 sione
468 2786 581 2847 auditis
605 2804 676 2847 cum
691 2786 728 2846 iis
742 2787 890 2866 loquitur,
907 2787 1020 2866 quibus
1035 2805 1072 2848 ea
1091 2803 1158 2845 esse
1214 2781 1317 2842 silium
1340 2782 1417 2844 illud
1438 2801 1530 2843 suum
1554 2783 1671 2845 nemini
1686 2801 1819 2863 prorsus
1831 2781 1973 2845 monalium

366 2873 620 2954 perspectissime
642 2878 727 2936 certo
752 2877 854 2950 norit,
885 2874 1060 2956 cujusmodi
1087 2875 1160 2935 sunt
1214 2869 1370 2949 patefecit,
1392 2889 1450 2932 nec
1464 2871 1630 2951 quisquam
1645 2872 1776 2934 omnino
1792 2877 1848 2948 est,
1863 2869 1974 2932 nenia

367 2965 462 3023 testes
488 2962 603 3023 oculati
625 2966 680 3023 aut
702 2963 878 3041 paenitentis
893 2963 924 3022 in
940 2963 1068 3024 crimine
1084 2960 1159 3022 socii
1214 2959 1281 3036 ipse
1296 2957 1433 3038 quidem,
1457 2958 1510 3038 qui
1525 2958 1603 3019 illud
1617 2957 1716 3037 possit
1729 2959 1783 3021 vel
1797 2956 1975 3020 feritersubc

367 3066 404 3110 ac
428 3049 623 3128 participes;
651 3050 815 3126 Sacerdos,
841 3050 982 3130 inquam,
1007 3051 1057 3110 ille
1082 3049 1159 3110 nihil
1213 3048 1290 3123 lere,
1307 3051 1398 3110 atate
1412 3046 1693 3127 siquidemllorens
1708 3052 1758 3110 est
1772 3045 1972 3110 adhuclitius:

367 3137 495 3218 quidem
509 3135 632 3214 penitus
654 3137 788 3211 revelat;
808 3138 852 3199 sic
872 3143 977 3200 tamen
996 3139 1099 3217 reipsa
1120 3138 1160 3199 si·
1215 3153 1287 3197 cum
1308 3135 1382 3197 Caio
1405 3153 1480 3196 vero
1504 3153 1562 3195 nec
1585 3138 1633 3195 est
1646 3131 1972 3215 consanguinitateullt,

367 3224 504 3304 sigillum
527 3223 637 3285 violari
661 3243 724 3287 una
748 3231 795 3286 est
821 3228 991 3288 Doctorum
1020 3227 1160 3288 omnium
1216 3242 1274 3285 nco
1288 3223 1497 3285 familiaritate
1512 3223 1709 3304 conjunctus.
1723 3217 1975 3287 Caiusinteresll·

367 3313 531 3374 sententia.
1214 3313 1293 3374 tium
1307 3329 1384 3373 casu
1397 3311 1576 3390 nescioquo
1589 3310 1804 3374 confessionis
1817 3328 1902 3373 ceum
1913 3305 1971 3380 odit,

407 3403 437 3461 3.
454 3403 560 3462 Potest
578 3399 673 3461 variis
689 3401 791 3462 modis
812 3421 886 3464 usus
905 3407 1003 3482 parta
1027 3404 1059 3464 in
1080 3405 1162 3466 Gon·
1215 3406 1309 3484 alque
1325 3398 1504 3480 hujusmodi
1527 3397 1659 3460 crimine
1675 3399 1809 3479 detegit,
1825 3415 1888 3480 que
1900 3408 1985 3456 nore*

368 3490 501 3552 fassione
517 3489 633 3550 nonne
644 3490 723 3550 citra
732 3492 955 3553 revelationem
967 3492 1158 3572 contingere.
1215 3487 1441 3567 perditissimos
1468 3489 1624 3566 arguunt;
1654 3505 1692 3546 ex
1721 3505 1787 3568 quo
1812 3479 1974 3566 proponat

369 3577 502 3652 Primus,
519 3575 562 3636 ita
579 3580 612 3636 ut
634 3577 791 3655 aliquibus
809 3578 937 3658 quidem
956 3598 1029 3640 usus
1044 3579 1101 3640 iste
1116 3579 1161 3638 in·
1217 3575 1378 3638 Sacerdoti
1406 3575 1553 3654 colligere
1578 3577 1687 3636 contra
1715 3593 1815 3656 quam
1836 3569 1972 3653 putarent,

368 3669 528 3740 notescat,
545 3664 599 3724 sed
616 3664 691 3724 nihil
712 3666 883 3748 quidquam
903 3667 947 3727 eis
967 3667 1051 3748 qnod
1075 3665 1162 3745 prius
1217 3681 1284 3724 esse
1308 3663 1539 3725 adolescentem
1562 3661 1656 3724 istum
1677 3661 1837 3724 destinato
1855 3654 1973 3722 Beneficio

368 3754 549 3833 ignorarent
563 3753 789 3814 manifestetur.
803 3755 977 3832 Secundus,
990 3755 1161 3818 itautusus
1216 3751 1478 3830 indignissimum.
1496 3749 1652 3822 Quaeritur
1664 3749 1775 3829 itaque
1790 3768 1830 3810 an
1844 3767 1878 3810 es
1890 3741 1972 3807 nnn

368 3842 420 3902 ille
439 3841 495 3901 soli
515 3840 677 3920 poenitent-i
690 3841 746 3902 frat
759 3841 952 3905 manilestus.
969 3843 1102 3920 Tertius,
1119 3841 1162 3902 ita
1217 3858 1313 3902 causa
1327 3837 1425 3918 possit
1442 3838 1541 3900 'fitius
1559 3838 1639 3900 citra
1652 3838 1871 3917 sacrilegium,
1883 3829 1974 3927 aulea

369 3929 531 3990 utnemini
546 3932 656 4007 pateat
670 3929 860 3991 mortalium.
1218 3927 1342 3988 dicandi
1366 3946 1400 3988 se
1422 3927 1578 3989 Beneficio
1602 3925 1771 3986 consilium
1793 3918 1973 4004 prorsusubp·

408 4019 516 4096 ltaque
532 4017 618 4079 Ilico.
645 4020 672 4078 l.
690 4019 718 4078 ls
733 4035 807 4078 usus
826 4019 1062 4081 sacramentatis
1082 4021 1163 4082 noti·
1218 4035 1299 4092 ecre,
1310 4015 1454 4078 autistud
1465 4014 1555 4076 alteri
1567 4013 1746 4092 quamCaio
1758 4008 1970 4085 conferretur

368 4106 419 4167 tiae
435 4104 559 4166 illicitus
576 4103 685 4165 haberi
704 4123 767 4165 non
782 4105 885 4182 debet,
906 4106 958 4186 qui
978 4109 1056 4170 citra
1075 4126 1163 4168 reve·
1217 4109 1385 4182 utrumque
1400 4103 1427 4164 ei
1443 4103 1531 4164 nefas
1545 4120 1623 4162 esse.
1951 4181 1956 4193 Ι

368 4192 517 4255 lationem
532 4192 756 4273 cujuscumque
771 4193 815 4253 rei
832 4194 890 4255 sub
904 4194 1038 4274 sigillum
1050 4195 1162 4256 caden-
1257 4192 1425 4263 Probatur;
1446 4190 1472 4250 si
1492 4189 1576 4250 enim
1599 4189 1839 4252 sacramentalis
1855 4187 1973 4248 notil'an

368 4282 408 4344 tis
428 4285 559 4360 apparet
580 4281 726 4360 quidem;
749 4282 804 4342 sed
819 4282 863 4344 ita
881 4289 915 4345 ut
938 4284 1048 4345 noxius
1061 4285 1163 4364 poeni·
1216 4279 1397 4361 poenitentis
1419 4279 1580 4346 damnum,
1605 4277 1673 4356 ipso
1690 4281 1802 4339 temen
1823 4275 1927 4357 penitus
1942 4270 1973 4328 ir·

369 4369 446 4432 tenti
462 4369 638 4431 nullatenus
658 4387 726 4430 esse
740 4371 856 4449 possit,
879 4372 997 4432 necilli
1022 4373 1163 4451 ingratus
1217 4369 1293 4445 ecio,
1316 4367 1470 4428 sacerdoti
1485 4366 1737 4446 permitteretur,
1761 4366 1892 4445 illudque
1903 4357 1971 4441 prob*

369 4457 481 4518 videri.
497 4455 656 4535 Probatur,
679 4457 753 4538 quia
775 4459 867 4539 sigilli
886 4461 936 4520 lex
955 4461 985 4520 in
1001 4481 1038 4522 eo
1062 4462 1164 4541 posita
1217 4458 1333 4520 scirent
1346 4456 1469 4528 fidelem
1486 4456 1721 4516 aSacramento
1733 4443 1985 4515 Paniuncairdr

370 4548 429 4622 est,
442 4547 477 4606 ut
494 4561 618 4604 emnem
633 4563 652 4605 a
666 4551 862 4607 sacramento
876 4548 1069 4625 poenitentiae
1083 4549 1164 4610 invi·
1217 4545 1325 4626 procul
1341 4544 1436 4606 dubio
1452 4544 1694 4618 deterrerentur,
1710 4541 1790 4620 qnia
1804 4539 1924 4603 occultus
1934 4533 1973 4628 ln·

371 4633 455 4694 diam
469 4638 562 4712 etque
572 4632 748 4694 molestiam
758 4635 862 4713 quoad
872 4636 938 4696 fieri
949 4642 1061 4715 potest,
1078 4657 1163 4699 amo·
1214 4632 1352 4714 jusmodi
1376 4649 1451 4692 usus
1473 4631 1572 4692 multo
1588 4629 1702 4709 potiori
1712 4629 1790 4710 jure
1804 4643 1890 4709 quam
1901 4637 1975 4683 ΜΙ-

370 4725 452 4783 veat.
469 4723 551 4800 Ergo
575 4721 662 4781 illurn
679 4723 831 4785 duntaxat
848 4725 1088 4788 sacramentalis
1107 4745 1164 4788 no·
1217 4724 1313 4784 festus
1329 4721 1470 4782 odiosam
1490 4723 1585 4799 atquc
1599 4720 1767 4780 molestam
1782 4711 1974 4779 confeeioan

369 4810 445 4872 titia.
461 4828 553 4870 usum
567 4809 726 4887 prohibet,
741 4829 777 4872 ex
794 4831 855 4892 quo
871 4813 969 4892 possit
991 4814 1163 4877 incommo-
1218 4811 1365 4872 efficeret.
1392 4811 1437 4870 Ex
1457 4825 1516 4868 usu
1539 4807 1695 4886 siquidem
1709 4805 1872 4867 manifesta
1884 4818 1914 4860 ea
1926 4803 1976 4857 aa·

370 4898 447 4958 dum
461 4896 587 4976 aliquod
611 4896 753 4958 accidere
774 4898 949 4977 poenitenti,
973 4902 1056 4962 unde
1075 4901 1163 4961 illurn
1217 4903 1285 4960 tum
1308 4897 1407 4956 ferme
1422 4893 1622 4954 incommoda
1640 4893 1671 4952 in
1686 4893 1872 4971 poenitentes
1885 4887 1976 4963 imper·

371 4984 494 5045 nonnisi
509 4984 639 5045 moleste
653 4985 744 5046 ferat.
1218 4984 1304 5061 dent,
1321 5001 1391 5063 quae
1406 4999 1556 5061 pronosse
1571 4980 1715 5058 adeoque
1727 4993 1897 5059 precarem
1907 4967 1975 5070 fault

410 5072 485 5134 nico
501 5075 529 5131 2.
553 5071 681 5134 lllicitus
696 5078 743 5134 est
763 5091 838 5133 usus
856 5073 907 5134 ille
929 5078 1164 5139 sacramentalis
1218 5073 1348 5153 possint.
1366 5073 1446 5132 Usus
1462 5087 1478 5130 e
1493 5071 1603 5131 contra
1617 5067 1761 5129 occultus
1775 5061 1975 5137 damnaholm·

370 5160 504 5236 notitiae,
528 5159 585 5220 etsi
613 5160 715 5221 solum
739 5160 942 5240 poenitentem
964 5181 1027 5224 ncn
1049 5163 1161 5243 lateat,
1217 5161 1302 5223 modi
1318 5161 1512 5238 importaret,
1525 5141 1974 5236 quinaretprospieicndisnls

371 5265 409 5306 ex
434 5265 494 5326 quo
519 5246 569 5307 ille
593 5247 829 5310 incommodum
843 5249 970 5330 aliquod
991 5255 1162 5331 temporale
1217 5249 1372 5328 sagacitas
1396 5252 1428 5307 et
1450 5242 1643 5305 declinandis
1662 5242 1821 5305 industria
1839 5237 1973 5334 palluit!¹

371 5337 426 5396 aut
439 5334 583 5414 percipit,
600 5341 655 5398 aut
672 5336 730 5398 sibi
746 5337 908 5400 imminere
924 5358 984 5400 non
1007 5340 1162 5403 immerito
1217 5338 1307 5399 foret.
1332 5333 1454 5396 Fideles
1476 5332 1582 5411 itaque
1603 5348 1643 5391 ne
1665 5335 1825 5393 certarum
1837 5321 1971 5419 praesfffflf

372 5422 537 5485 existimat.
554 5423 716 5494 Probatur,
730 5426 901 5507 quiajnxta
914 5430 1083 5489 Doctorum
1098 5448 1163 5490 em·
1218 5439 1371 5485 noxarum
1402 5419 1653 5482 manifestatione
1679 5417 1851 5497 perniciem
1869 5409 1916 5472 sinu
1932 5399 1969 5464 td*

372 5511 459 5574 nium
479 5507 665 5574 sententiam
684 5514 808 5577 illicitus
824 5518 870 5576 est
884 5515 934 5576 ille
951 5534 1024 5576 usus
1046 5515 1162 5578 notitiae
1218 5529 1312 5592 quarn
1327 5507 1443 5571 incauti
1458 5513 1552 5592 utque
1567 5505 1655 5568 inscii
1670 5507 1872 5578 accerserent,
1885 5507 1970 5559 aas&
