3974 6348
690 539 741 601 aa
762 537 964 601 GENSURIS.
1586 545 1645 606 327

39 726 80 790 biti
91 725 155 786 illud
167 724 266 804 legere
285 723 317 784 in
341 723 450 804 quavis
464 723 526 786 alia
543 721 661 804 lingua,
679 727 710 785 ct
723 743 794 786 ver·
848 726 995 806 pressione
1010 723 1162 794 librorum,
1179 746 1281 788 ηοοτοο
1294 729 1484 810 impresseris,
1502 727 1581 792 loeus
1591 731 1647 792 im-

39 816 182 889 siccanda
200 813 239 873 ob
253 811 364 873 vitium
378 811 449 873 libri
465 811 638 874 seeundum
656 831 700 889 se,
718 831 795 892 quer·
844 815 1005 894 pressioris
1026 824 1055 875 et
1077 833 1171 876 onnus
1188 837 1246 898 qao
1268 817 1345 879 liber
1362 819 1517 900 impressus
1539 829 1589 888 est,
1614 821 1646 881 in

39 903 69 964 lia
78 901 215 963 vitiasunt
224 901 255 961 ia
265 901 355 962 libris
367 901 532 978 hereticis,
547 900 700 962 obseoenis
714 900 795 963 aliis·
848 903 998 984 principio
1012 904 1074 986 ejus
1088 912 1177 986 utque
1190 906 1220 965 in
1234 905 1294 988 fiae
1308 917 1474 970 annotetur.
1496 911 1570 972 Haec
1590 909 1646 970 dc-

39 1010 83 1074 que
94 988 253 1070 prohibitis,
266 989 324 1050 sed
339 989 379 1050 ob
393 988 649 1066 imbecillitatem,
666 990 714 1050 vel
730 1007 795 1050 ma·
850 993 936 1050 creta
951 991 1067 1069 passim
1082 1010 1146 1053 non
1163 993 1379 1072 observantur,
1396 997 1445 1057 vel
1467 997 1641 1072 eliduntur;

38 1080 83 1140 lam
105 1077 327 1156 dispositionem
349 1095 468 1155 aarum,
495 1076 548 1158 qui
574 1077 725 1155 legerent.
748 1075 797 1138 Ad
849 1078 976 1156 panitur
990 1079 1073 1140 enim
1088 1099 1170 1160 saepe
1185 1083 1293 1144 lictum
1312 1101 1425 1146 nomen
1447 1089 1501 1147 aut
1524 1105 1645 1166 suppo-

38 1170 59 1228 t.
77 1164 274 1227 Facilitabitur
291 1183 350 1243 per
368 1164 506 1225 medium
528 1163 676 1243 prudens,
694 1168 725 1226 ct
740 1180 796 1243 op·
850 1163 955 1242 situm,
973 1170 1027 1228 aut
1041 1171 1164 1229 tantum
1177 1188 1234 1249 per
1249 1189 1463 1250 anagramma,
1487 1174 1571 1254 quod
1593 1175 1645 1235 vix

17 1251 19 1318 ὲ
38 1257 186 1334 parturum,
202 1255 238 1314 N.
255 1271 314 1332 per
334 1253 472 1313 medium
491 1253 673 1332 imprudens
688 1255 719 1313 et
737 1251 797 1312 im·
850 1253 998 1331 cognosci
1008 1258 1120 1333 potest,
1139 1255 1276 1336 additur,
1293 1277 1324 1320 v.
1340 1278 1371 1340 g.
1389 1262 1535 1339 Coloniae,
1548 1281 1644 1342 quan·

17 1319 20 1392 i
38 1345 186 1422 pedanum,
200 1345 352 1402 transeat.
369 1341 446 1402 Etsi
467 1340 538 1402 iden
553 1341 592 1402 sit
607 1339 793 1416 cedendum,
851 1339 891 1400 do
907 1339 1076 1419 impressus
1092 1346 1139 1404 est
1153 1345 1346 1424 Antuerpiae,
1363 1351 1423 1408 etc.
1441 1349 1514 1408 Haec
1539 1349 1645 1410 omnia

17 1423 18 1426 ’
38 1447 94 1508 ergo
106 1429 190 1490 etiam
208 1428 401 1509 abrogandae
422 1431 494 1490 sunt
513 1428 705 1490 ceremoniae
725 1427 796 1490 Mis·
850 1427 932 1488 male
947 1429 987 1489 ab
1002 1429 1113 1508 gravia
1127 1430 1389 1511 inconvenientia,
1407 1435 1520 1514 quibus
1535 1455 1646 1498 occur·

17 1565 19 1574 „
37 1536 77 1594 aa,
88 1516 272 1578 Eucharistia
286 1517 346 1578 sub
360 1520 492 1598 utraque
512 1515 615 1598 specie
630 1514 793 1591 sumenda,
850 1535 919 1577 rere
933 1517 1032 1580 veluit
1049 1519 1130 1580 Trid.
1148 1520 1231 1582 unde
1248 1523 1391 1601 quamvis
1413 1525 1479 1585 Dic.
1496 1543 1527 1586 n.
1554 1528 1642 1600 tall,

17 1601 219 1684 ,permittenda
234 1605 458 1667 Sacerdotibus
472 1623 596 1682 uxores,
611 1609 670 1666 ete.
850 1605 935 1666 dieat
962 1623 995 1666 se
1026 1607 1143 1684 videre,
1171 1609 1255 1688 quod
1279 1609 1337 1670 viri
1359 1610 1443 1672 docti
1463 1615 1494 1672 et
1507 1611 1596 1691 probi
1612 1611 1644 1672 id

17 1683 26 1752 i
65 1693 113 1772 58.
127 1695 189 1754 lluo
201 1693 365 1755 reducitur
377 1694 489 1754 solutio
511 1693 669 1774 sequentis
684 1709 791 1753 casus:
850 1693 916 1754 sine
931 1694 1078 1773 scrupulo
1093 1696 1220 1776 iaciant,
1237 1698 1341 1777 reipsa
1359 1701 1465 1760 tamen
1490 1718 1550 1760 non
1574 1698 1643 1760 ideo

17 1755 21 1868 ξ
37 1781 111 1844 utus
123 1781 293 1844 catholicus
304 1801 321 1842 e
332 1782 510 1844 Lutherana
521 1782 621 1842 laetus
637 1779 796 1860 quendam
849 1781 998 1843 videntur
1012 1785 1155 1845 excusari
1178 1785 1313 1848 omnino.
1334 1787 1365 1848 Si
1381 1791 1486 1848 autem
1510 1787 1645 1848 addatur

38 1867 105 1930 valde
117 1869 303 1950 psalmorum
318 1874 411 1931 cantu
428 1870 610 1946 delectatus,
627 1869 658 1928 in
674 1885 730 1928 suo
746 1885 797 1927 sa·
850 1887 960 1930 veram
975 1888 1089 1931 nomen
1104 1873 1294 1964 Academia,
1311 1873 1605 1954 collegiiordinis,
1627 1890 1644 1930 e

17 1967 19 2004 ¹
38 1956 94 2018 cello
109 1957 271 2019 domestico
287 1957 319 2016 in
335 1957 402 2017 dies
417 1957 492 2019 dicit
505 1957 642 2034 Missam,
660 1956 796 2034 subque
853 1975 915 2036 quo
930 1963 1041 2020 auctor
1054 1964 1111 2037 est,
1129 1966 1257 2022 excusat
1279 1963 1389 2024 Tamb.
1415 1963 1445 2023 in
1467 1962 1537 2023 Dee.
1564 1960 1586 2021 I.
1612 1963 1642 2036 ἰ),

17 2011 20 2080 i
37 2063 89 2106 mm
100 2063 149 2106 sua
162 2047 264 2125 ampla
279 2045 399 2106 familia
413 2045 453 2106 ad
468 2063 622 2126 organum
637 2045 721 2106 canit
735 2047 796 2106 Da·
850 2063 875 2104 c.
894 2047 922 2122 l,
939 2047 957 2125 ᾗ
973 2049 1001 2124 l,
1018 2067 1049 2108 n.
1065 2051 1125 2121 53;
1152 2049 1295 2129 quamvis
1309 2053 1450 2112 taceatur
1464 2067 1576 2110 nomen
1591 2048 1644 2108 de·

36 2131 96 2193 vidis
114 2133 242 2212 psalmos
265 2133 484 2212 germanicos,
511 2151 589 2213 quos
612 2131 795 2194 Ambrosius
849 2133 1024 2195 terminata
1039 2152 1192 2213 personae,
1210 2137 1284 2215 quia
1298 2137 1323 2198 si
1340 2154 1419 2215 opus
1433 2136 1538 2212 luerit,
1555 2141 1644 2216 pate-

35 2220 380 2284 lnbbvasserGalvianus
395 2221 555 2301 quondam
571 2221 663 2282 vertit
678 2241 715 2282 cx
729 2221 797 2300 gal·
850 2220 890 2282 rit
916 2220 1044 2302 inquiri,
1070 2227 1100 2284 et
1123 2224 1254 2302 reperiri
1278 2225 1484 2286 determinate
1512 2229 1640 2300 Auctor,

35 2307 86 2370 icis
96 2309 216 2387 rythmis
236 2309 439 2370 famosissimi
454 2309 576 2372 Marotii
592 2309 680 2371 Galli.
698 2307 796 2370 Titius
850 2312 905 2370 eut
919 2310 1109 2389 respendere
1126 2310 1254 2373 debebit
1268 2312 1307 2373 de
1328 2313 1388 2374 hoc
1411 2313 1481 2375 talis
1503 2331 1644 2374 commu-

17 2395 135 2477 ,qridem
149 2415 202 2476 pro
226 2415 260 2457 se
286 2397 382 2459 habet
405 2397 531 2458 veniam
553 2396 677 2476 legendi
699 2395 796 2456 libros
851 2397 943 2459 nites.

38 2481 176 2560 maneos,
201 2483 256 2543 scd
277 2502 341 2543 non
363 2482 460 2563 ipsius
484 2483 610 2544 tamilla.
632 2481 793 2558 Quaritur,
891 2485 950 2564 52.
967 2484 1053 2547 Trid.
1069 2506 1092 2547 s.
1109 2489 1139 2562 l,
1156 2486 1187 2546 in
1203 2490 1335 2549 Decreta
1352 2487 1391 2550 de
1403 2488 1643 2551 editionelibro-
1681 2501 1725 2548 aas

17 2591 22 2608 τ
38 2587 66 2632 aa
76 2571 158 2632 'lilius
171 2575 201 2632 et
213 2570 335 2631 familia
349 2572 432 2633 licite
443 2572 500 2633 hos
510 2573 646 2650 psalmos
657 2574 793 2632 cantent.
850 2591 920 2634 rum
936 2573 979 2634 sic
994 2574 1122 2635 statuit:
1139 2573 1233 2636 Nulli
1245 2575 1330 2636 liceat
1340 2576 1506 2658 imprimere
1524 2576 1570 2638 ael
1584 2577 1641 2637 im-

17 2609 64 2742 ia.
77 2661 99 2719 l.
112 2662 165 2720 Per
177 2659 236 2720 hoc
256 2659 343 2738 quod
357 2660 456 2720 Titius
479 2659 658 2722 facultatem
682 2657 797 2718 habeat
845 2663 943 2743 primi
954 2663 1051 2742 terere
1064 2664 1177 2743 quosvis
1197 2661 1287 2724 libros
1310 2663 1345 2724 de
1366 2663 1452 2725 rebus
1472 2663 1564 2725 saeris
1583 2665 1644 2726 sine

17 2285 23 2330 i

36 2743 132 2826 legendi
144 2747 236 2808 libros
257 2747 436 2823 haeretiees,
454 2767 515 2808 non
537 2747 608 2808 ideo
629 2747 725 2808 babet
743 2765 795 2806 ve·
849 2751 963 2812 nomiae
976 2751 1120 2819 Amtoris,
1137 2769 1228 2832 neque
1241 2752 1311 2814 illos
1325 2753 1358 2813 in
1371 2753 1507 2833 saturum
1521 2751 1644 2819 reama

35 2833 236 2915 dempserimus
251 2837 322 2896 illos
331 2836 389 2897 sub
401 2835 502 2897 allicio
518 2836 622 2898 divina
638 2835 791 2908 canendi3
848 2839 1003 2899 autetiam
1018 2838 1101 2919 opud
1111 2857 1140 2898 se
1153 2839 1290 2908 retinere,
1316 2841 1512 2921 nisiprimam
1527 2841 1643 2902 acumi-

36 2923 100 2983 nvlla
112 2925 185 2984 enim
202 2924 287 2985 inter
300 2943 397 2984 unam
412 2930 443 2986 et
463 2925 594 2986 alteram
615 2924 795 2985 facultatem
848 2925 914 2985 noti
922 2922 1096 3008 probatique
1108 2925 1221 3007 suniat
1235 2927 1272 2989 ab
1288 2925 1459 3006 Ordinario,
1483 2929 1536 2990 sub
1556 2948 1643 3011 poeno

38 3015 72 3071 est
85 3011 237 3085 eonnesio;
254 3031 331 3073 nam
352 3031 460 3074 omnes
475 3013 652 3074 facultatem
678 3011 796 3071 habent
848 3011 1042 3074 anathematis
1063 3022 1089 3073 et
1104 3015 1238 3094 pecuniae
1252 3017 1284 3076 in
1300 3015 1418 3078 Conone
1433 3016 1518 3080 Cone.
1544 3018 1643 3078 nouis-

35 3095 141 3178 legendi,
155 3119 183 3162 v.
204 3119 236 3180 g.
253 3099 379 3180 Virgilii
392 3100 542 3177 carmina,
559 3101 612 3162 sed
637 3119 699 3160 non
723 3099 794 3159 idco
836 3099 918 3168 ¹simi
930 3099 1136 3163 Laternnensis
1150 3103 1319 3185 opposita...
1339 3103 1398 3179 Oui
1418 3112 1514 3165 autem
1535 3105 1642 3187 scripto

37 3189 139 3249 canendi
153 3189 207 3251 sub
222 3189 349 3249 divinis.
367 3191 404 3250 a.
421 3193 450 3250 2.
463 3193 526 3251 Nec
540 3190 666 3266 Titium,
678 3207 736 3249 ncc
751 3189 795 3248 ia·
848 3205 893 3248 eos
907 3189 1119 3248 communicant
1133 3189 1180 3250 oei
1194 3191 1327 3272 culpant,
1344 3193 1405 3252 nisi
1424 3201 1509 3254 antea
1527 3194 1642 3256 exomi-

37 3276 128 3336 miliam
148 3295 234 3355 posse
261 3277 364 3338 dictos
388 3279 524 3357 psalmos
547 3277 630 3340 licite
654 3281 791 3352 cantare,
848 3276 915 3336 noti
922 3276 1100 3358 probatique
1107 3277 1231 3356 suerint,
1245 3277 1348 3340 eisdem
1357 3281 1639 3363 peanissubjueeont,

38 3363 92 3444 quia
103 3383 198 3425 omnes
212 3365 375 3426 versiones
390 3384 488 3426 sacrae
504 3367 671 3444 Scriptura
688 3364 795 3444 (adco-
847 3363 951 3444 quidus
965 3365 1159 3446 impressoria,
1175 3375 1202 3426 et
1216 3368 1269 3448 qui
1280 3387 1326 3428 eos
1339 3367 1495 3431 induerint
1508 3371 1555 3432 ael
1569 3372 1641 3452 lepe-

29 3469 82 3534 ‚aas
94 3458 119 3513 et
134 3453 229 3513 versio
244 3453 463 3532 psalmorum),
481 3454 520 3514 ab
537 3452 690 3514 hereticis
703 3452 793 3512 faeta
848 3454 922 3530 rint,
938 3454 998 3513 οἱοί
1004 3452 1191 3534 prodiderint
1214 3454 1364 3525 Amatores,
1388 3475 1445 3537 pro
1468 3458 1642 3521 Auctoribus

29 3546 35 3602 ’,
62 3557 87 3598 re
103 3541 246 3602 communi
262 3543 337 3600 sunt
360 3539 536 3618 prohibitae,
561 3541 605 3601 uti
630 3558 701 3600 cum
725 3537 793 3599 aliis
848 3541 1020 3602 deteantur.
1038 3541 1117 3602 Hinc
1131 3541 1219 3605 Arsd.
1231 3543 1306 3605 dicit
1320 3561 1374 3605 eos
1383 3563 1514 3625 peccare
1523 3551 1641 3610 morta-

35 3625 120 3704 hym.
142 3629 161 3689 l.
180 3631 208 3704 2,
229 3637 270 3688 tr.
294 3630 323 3704 t,
343 3646 370 3688 e.
390 3631 421 3704 5,
441 3648 471 3690 n.
492 3633 522 3692 8.
544 3633 572 3690 2.
600 3629 678 3701 Quia
700 3643 792 3687 nemo
847 3631 923 3691 liter
938 3628 991 3707 qui
1007 3629 1120 3708 legant
1134 3629 1232 3692 libros
1255 3630 1322 3692 sine
1347 3633 1473 3694 nomine
1495 3635 1641 3698 Auctoris

28 3717 168 3796 ¹negaverit
186 3715 338 3778 indecens
361 3733 439 3793 esse,
456 3720 488 3778 et
511 3717 585 3779 Sedi
607 3714 793 3795 apostolicas
848 3719 958 3795 editos,
976 3719 1002 3778 si
1017 3718 1055 3779 de
1070 3718 1164 3780 rebus
1178 3719 1392 3800 saerisagant.
1406 3721 1540 3785 Busemb.
1553 3723 1639 3804 dicit,

24 3801 106 3882 ‘plane
119 3805 384 3882 contumeliosum,
401 3805 426 3865 si
441 3807 511 3868 talis
532 3806 633 3866 versio
649 3823 712 3865 nan
725 3809 793 3865 tan·
847 3807 899 3868 ubi
919 3806 1003 3868 Trid.
1014 3811 1176 3886 receptum
1189 3813 1247 3884 est,
1264 3808 1380 3870 incurri
1392 3814 1640 3874 excommunica·

37 3891 86 3952 tam
101 3893 233 3971 privatim
254 3894 391 3972 legatur,
408 3895 464 3955 sed
488 3894 581 3956 etiam
603 3894 738 3973 publice,
762 3897 793 3955 ct
847 3897 964 3958 tionem
980 3897 1020 3956 ab
1039 3895 1301 3974 imprimentibus,
1327 3899 1462 3978 imprimi
1486 3900 1641 3962 mandan-

39 3977 136 4056 qudem
149 3981 202 4042 sub
217 3982 285 4060 ipso
301 3981 402 4042 Missae
417 3982 568 4044 sacrificio
591 3985 743 4044 cantetur.
760 3983 790 4042 3.
846 3984 940 4059 tibus,
956 3982 1175 4062 vendentibus,
1193 3985 1277 4063 apud
1292 4003 1325 4046 se
1339 3987 1556 4064 retinentibus,
1572 3990 1641 4050 vul-

29 4061 181 4138 ·'Oaia'l'rid
197 4088 220 4129 s.
237 4074 268 4146 l,
282 4067 312 4128 in
329 4071 460 4132 Decreta
476 4070 514 4131 de
530 4069 676 4148 editione,
689 4073 721 4131 et
735 4087 792 4129 usu
847 4071 993 4152 gentibus
1016 4071 1112 4132 libros
1133 4073 1173 4133 dc
1197 4073 1292 4134 rebus
1314 4075 1410 4135 sacris
1434 4077 1500 4136 sine
1515 4077 1640 4139 nomine

34 4165 165 4232 terrorum
189 4157 342 4219 librorum
370 4157 427 4219 sub
458 4177 554 4238 poena
584 4158 792 4220 anathematis
846 4161 990 4222 Auctoris
1000 4164 1031 4221 et
1040 4160 1265 4239 approbatione
1281 4162 1458 4236 Ordinarii;
1476 4165 1532 4225 sed
1543 4165 1639 4226 etiam

36 4243 101 4304 seut
115 4244 251 4324 imprimi,
270 4251 325 4306 aut
339 4247 434 4307 etiam
456 4246 541 4326 apud
560 4265 593 4308 se
615 4246 740 4307 retineri
755 4247 793 4306 li·
847 4249 897 4309 hic
912 4247 997 4328 rigor
1012 4245 1096 4307 Trid.
1114 4265 1176 4307 uon
1192 4250 1239 4308 est
1254 4247 1368 4329 ubique
1383 4249 1415 4309 in
1430 4249 1479 4312 his
1498 4252 1640 4332 partibus

35 4323 92 4390 bas
103 4331 136 4390 de
152 4333 240 4394 rebus
255 4333 364 4409 sacris,
383 4333 439 4393 nisi
464 4333 612 4413 primum,
625 4333 792 4396 examinati
847 4341 1001 4414 receptus

35 4417 188 4502 probatique
202 4421 318 4481 luerint
329 4421 368 4481 ab
384 4422 560 4498 Ordinario,
573 4424 708 4502 qualiter
723 4439 793 4482 exa·
886 4427 946 4504 53.
965 4423 996 4486 Si
1013 4423 1174 4504 Regularis
1189 4427 1278 4486 curet
1301 4425 1438 4505 imprimi
1460 4427 1577 4491 librum
1600 4429 1640 4492 dc
1668 4465 1709 4512 3⁸3

36 4503 144 4568 umatus
160 4510 370 4591 probatusque
386 4527 449 4571 non
465 4515 512 4572 est
534 4511 584 4571 ille
599 4512 793 4590 psalmorum
848 4514 940 4576 rebus
955 4513 1051 4573 sacris
1065 4529 1137 4573 oum
1151 4513 1217 4574 sola
1231 4515 1457 4594 approbatione
1467 4518 1636 4598 Ordinarii,

36 4584 98 4654 lter
108 4596 134 4656 in
147 4598 283 4678 linguam
299 4600 501 4660 vernaculam
515 4617 693 4662 conversus.
849 4604 948 4660 etnon
957 4599 1161 4661 cumlicentia
1170 4601 1356 4679 Superioris,
1367 4603 1595 4690 doeetSylv.p.
1608 4609 1638 4684 l,

69 4681 157 4758 Oaoest.
171 4689 218 4748 m.
234 4723 276 4733 -
297 4686 377 4762 Ouid
397 4685 560 4749 addentium
578 4689 619 4749 sit
640 4690 719 4752 eirea
741 4690 794 4751 im·
848 4687 990 4751 latiore·
999 4688 1117 4768 impres.
1129 4688 1221 4750 renel.
1234 4691 1263 4766 3,
1277 4690 1360 4770 quod
1371 4697 1638 4772 peccetgraviter3

25 4771 177 4851 ’μοείοοοτι
200 4784 228 4835 et
261 4775 409 4836 lantonem
435 4775 562 4836 oliorum
587 4776 740 4846 librorum,
766 4787 795 4840 et
847 4775 873 4836 si
888 4783 993 4838 autern
1014 4795 1076 4836 non
1096 4783 1178 4838 esset
1199 4776 1237 4836 de
1255 4777 1348 4839 rebus
1367 4782 1475 4857 saeris,
1493 4783 1640 4860 quamvis

28 4858 156 4938 mistim
169 4864 427 4924 controversiarum
441 4863 532 4944 fidei?
546 4867 582 4926 R.
599 4865 616 4944 ἓ
638 4869 666 4928 l.
687 4869 722 4928 ln
744 4867 794 4928 ln·
849 4881 910 4924 non
925 4862 1124 4942 agatdireotu
1139 4867 1248 4925 eontra
1261 4863 1361 4944 mia,
1374 4869 1481 4927 tamen
1495 4867 1586 4930 canet.
1604 4871 1633 4946 2,

36 4939 89 5007 dee
101 4947 133 5008 de
145 4969 202 5030 quo
225 4951 289 5012 elixi
304 4970 334 5014 n.
358 4955 426 5028 360,
443 4953 544 5015 Titulo
558 4953 603 5014 De
616 4955 795 5036 impressione
848 4952 923 5012 dicit
936 4950 1035 5010 rideri
1050 4950 1153 5011 adhuc
1167 4955 1307 5030 graviter
1323 4971 1465 5032 peccare,
1483 4956 1557 5036 quia
1572 4956 1641 5036 agit

35 5024 149 5098 ῧωτοοι
162 5039 203 5100 sic
217 5040 369 5102 habetur:
387 5043 484 5104 niellus
508 5040 581 5100 Iider
604 5041 633 5101 in
645 5051 792 5122 posterum
848 5042 957 5098 contra
972 5036 1141 5099 notabilem
1156 5037 1412 5101 constitutionem
1429 5043 1477 5103 sui
1497 5041 1638 5116 Ordinis;

123 5132 168 5184 tur
187 5129 239 5210 qni
259 5147 316 5188 non
340 5129 370 5187 in
383 5126 480 5208 fronte
500 5147 614 5203 nomen,
637 5149 793 5210 capnoman
846 5131 987 5188 attamen
1006 5125 1123 5186 nullam
1138 5127 1270 5190 incurrit
1289 5145 1464 5206 censuram,
1485 5129 1640 5213 quiahoec

34 5272 39 5281 ,
65 5211 323 5296 patn'mnproeserat
341 5217 474 5276 auctores.
501 5215 663 5296 Bepalures
680 5227 793 5297 preater
847 5213 1016 5276 incurritur
1039 5216 1172 5290 tantum,
1199 5215 1325 5294 quando
1350 5217 1503 5281 omittitur
1527 5236 1639 5280 nomen

37 5285 149 5378 dp'sropi
161 5299 305 5363 licentiam
320 5303 502 5363 meminerint
516 5303 609 5362 terreri
621 5321 650 5362 se
662 5303 792 5383 fuculta-
846 5301 1000 5376 Auctoris,
1018 5300 1207 5362 examinatio
1224 5306 1254 5363 et
1274 5305 1460 5383 approbatio
1471 5305 1637 5380 Ordinarii,

40 5380 237 5451 bruerolen
251 5391 302 5451 rui
314 5391 468 5472 subjacent,
491 5389 627 5451 obtinere.
651 5389 792 5474 Epr'seopi
845 5391 935 5452 Suar.
953 5390 1038 5466 Sylv.
1057 5389 1149 5450 rouel.
1167 5393 1205 5463 33
1229 5390 1282 5451 ubi
1299 5397 1404 5454 tamen
1422 5396 1518 5456 refert
1526 5397 1639 5456 Decre-

38 5463 405 5560 'Ite'p'lotnnrsammapera
422 5486 454 5539 at
479 5480 509 5538 ia
531 5477 711 5560 se'npulorum
736 5479 791 5539 im·
844 5483 910 5540 tum
930 5477 1001 5540 ura.
1025 5477 1109 5553 VIII,
1136 5477 1316 5540 mandantis
1340 5481 1480 5544 omnium
1506 5480 1638 5562 Religio·
