3974 6348
197 609 201 618 ,
290 549 348 609 136
937 543 1010 605 LlB.
1035 545 1086 604 Vl.
1110 543 1211 606 PARS
1232 487 1284 606 ill.

286 732 399 811 uuerit,
416 721 471 797 aut
484 734 639 815 poenitens
654 737 796 812 speretur
810 731 1021 811 disponendus
1036 731 1075 792 ad
1132 749 1196 792 suar
1212 733 1426 805 confessionis,
1444 735 1519 813 quia
1537 733 1691 794 confessio
1706 733 1914 813 extrajudicia-

286 821 476 883 audiendam
499 822 714 898 monitionem,
731 822 815 901 quod
839 821 863 882 si
886 819 1076 900 dispensatio
1132 819 1169 880 lis
1192 820 1305 898 probat
1333 827 1442 884 contra
1457 823 1670 899 confitentem,
1688 823 1791 884 donee
1806 822 1913 902 deejes

286 910 375 971 brevi
398 909 568 972 obtinenda
589 913 689 986 esset,
714 909 834 969 moneri
858 913 978 988 posset,
1004 907 1078 987 quia
1132 911 1914 991 61661-66666161,6116666166666666661666

287 1015 359 1076 spes
373 1017 489 1077 magna
503 1003 550 1060 est
563 998 715 1076 tantisper
734 999 951 1060 abstenturum
964 998 1004 1058 ab
1018 1015 1077 1057 usu
1133 1013 1204 1056 nem
1227 1017 1325 1079 66666,
1343 999 1393 1076 hic
1418 1001 1624 1076 Ρ661.111.5,
1646 1021 1712 1082 666.
1739 1005 1770 1077 3,
1793 1021 1868 1061 narn.
1888 1003 1913 1074 3,

287 1085 489 1163 matrimonii,
507 1091 539 1147 ct
562 1085 706 1165 quamvis
727 1086 832 1147 adhuc
854 1086 935 1147 adsit
955 1085 1080 1165 pericu·
1132 1084 1223 1157 61661
1240 1086 1461 1148 contrahentes
1476 1089 1689 1167 oppositeper
1702 1106 1802 1149 uuum
1816 1091 1916 1150 testem

287 1172 364 1251 lum,
376 1179 481 1235 tamen
492 1175 617 1236 videtur
630 1175 870 1253 praepouderarc
881 1178 967 1235 certa
980 1174 1079 1235 scien·
1132 1171 1368 1250 impedimento,
1392 1180 1423 1233 et
1446 1191 1508 1234 non
1531 1175 1676 1253 probatu,
1693 1175 1833 1253 primum
1854 1191 1916 1234 cen-

287 1263 342 1338 tia,
368 1262 452 1341 qued
482 1281 565 1343 saepe
588 1262 810 1325 fornicationes
833 1263 1010 1324 materiales
1040 1261 1080 1323 sit
1133 1258 1203 1319 fessi
1229 1260 1291 1322 sint
1313 1261 1584 1341 impedimentum,
1611 1268 1642 1325 et
1663 1268 1776 1342 postca
1796 1279 1916 1341 negave-

287 1349 437 1429 facturus‚
455 1369 549 1431 quam
573 1351 710 1412 incertus
732 1352 835 1429 timer,
853 1352 937 1432 qued
958 1351 1078 1431 aliquas
1133 1349 1206 1424 rint,
1232 1350 1379 1410 standum
1404 1369 1472 1411 esse
1501 1352 1611 1430 primae
1643 1350 1843 1427 confessioni,
1866 1349 1916 1410 uin

289 1438 434 1500 formales
449 1441 588 1501 facturus
603 1440 652 1516 sit,
670 1441 747 1501 Gob.
764 1461 844 1501 aem.
860 1444 897 1502 75
913 1449 940 1500 et
955 1443 1023 1501 113.
1133 1437 1268 1515 probent
1305 1439 1477 1499 secundam
1515 1457 1582 1500 esse
1619 1455 1739 1501 reram.
1780 1437 1917 1500 Similiter
1975 1441 1977 1490 1

222 1540 263 1588 ste
327 1527 389 1606 §5-
407 1529 438 1591 si
454 1530 609 1608 paenitens
631 1529 745 1590 dubius
759 1529 798 1590 de
819 1531 925 1591 valere
946 1530 992 1590 sui
1014 1545 1079 1588 ma·
1134 1523 1318 1586 Sananda
1344 1529 1374 1603 3,
1400 1527 1429 1587 d.
1457 1530 1506 1603 15,
1523 1547 1604 1589 nom.
1621 1531 1651 1603 6,
1677 1528 1756 1590 61611
1783 1523 1917 1588 eencubi·

288 1616 428 1677 trimenii
451 1618 635 1697 interroget,
661 1618 885 1694 confessarius,
910 1636 968 1697 per
989 1635 1022 1678 se
1037 1618 1080 1677 le·
1133 1612 1257 1672 uarium
1273 1630 1335 1674 uon
1350 1615 1490 1692 potuisse
1505 1615 1622 1676 ducere
1637 1615 1857 1688 concubinam,
1872 1611 1917 1691 qui

171 1723 173 1728 ·
290 1705 426 1782 quande,
450 1708 575 1766 tenetur
595 1705 700 1765 dicere
721 1706 896 1781 veritatem,
913 1723 953 1765 au
975 1709 1079 1766 autem
1133 1700 1234 1761 lassus
1265 1707 1333 1764 erat
1356 1705 1496 1764 Porooho
1525 1703 1750 1782 interroganti,
1778 1701 1861 1782 qued
1881 1700 1916 1759 vi·

289 1792 388 1869 possit
402 1791 571 1872 aliquande
587 1793 793 1870 dissimulare,
811 1793 986 1870 61111116,
1004 1811 1035 1872 p.
1048 1797 1077 1869 2,
1133 1793 1225 1850 vente
1249 1789 1352 1867 prima
1366 1809 1463 1852 uxore
1487 1792 1686 1871 cognovisset
1705 1790 1915 1864 concubinam,

288 1879 714 1960 611510616661661166
738 1881 927 1960 obligatione
950 1897 1081 1960 respen-
1134 1879 1208 1939 data
1235 1876 1296 1937 fide
1325 1880 1535 1956 matrimonii,
1565 1881 1591 1940 si
1623 1898 1704 1941 uxor
1731 1882 1915 1952 mereretur,

289 1967 395 2044 dandi,
413 1968 482 2046 plus
506 1986 569 2028 uon
584 1969 783 2047 respondeat,
801 1987 896 2050 quam
911 1970 1080 2047 interrege·
1134 1966 1276 2045 quamvis
1291 1974 1400 2046 postea
1410 1969 1441 2028 id
1454 1970 1585 2049 negarit,
1602 1968 1734 2030 audieus
1749 1985 1818 2030 esee
1833 1967 1917 2045 impe·

288 2059 350 2130 tur,
368 2073 441 2116 nam
456 2061 540 2118 recte
555 2056 663 2118 dicunt
677 2059 775 2117 Tann.
793 2062 824 2118 et
839 2059 915 2119 Gob.
932 2077 1010 2118 nem.
1027 2062 1077 2135 66,
1134 2055 1307 2117 dimentum
1321 2057 1481 2119 dirimens.

288 2161 380 2223 posse
405 2144 601 2206 dissimulare
625 2146 790 2208 veritatem
811 2151 867 2208 661
889 2147 994 2208 verbis
1017 2149 1080 2208 elu-
1173 2143 1254 2222 §to
1273 2144 1303 2207 Si
1319 2147 1453 2224 populus
1474 2147 1617 2210 mussitet
1640 2148 1679 2208 dc
1703 2144 1917 2226 impedimento
1936 2173 1964 2219 5„

289 2233 375 2309 dere,
392 2233 418 2293 si
433 2234 619 2314 gravissima
633 2235 716 2295 mala
730 2234 930 2298 imminerent
943 2253 981 2296 ex
995 2236 1081 2297 clara
1134 2230 1214 2292 inter
1237 2236 1463 2312 contracturos,
1479 2235 1650 2296 videndum
1674 2253 1713 2296 ex
1732 2252 1797 2315 quo
1821 2233 1918 2295 funda·

290 2321 428 2383 veritatis
442 2323 704 2384 manifestatione.
1133 2324 1240 2382 mento
1255 2321 1287 2382 id
1302 2322 1367 2401 frat,
1385 2324 1498 2384 namsi
1515 2328 1637 2386 tantum
1650 2328 1698 2385 est
1720 2341 1832 2386 rumer
1844 2323 1918 2402 radgi

222 2421 263 2467 611
328 2409 390 2488 66.
408 2410 440 2471 Si
455 2410 569 2489 conjux
583 2411 769 2473 confiteatur
782 2429 815 2472 se
830 2411 996 2473 carnaliter
1010 2430 1080 2490 pec·
1134 2408 1201 2468 sinc
1215 2413 1301 2470 certo
1317 2413 1456 2487 auctore,
1474 2412 1684 2473 communiter
1707 2411 1788 2473 nihil
1810 2411 1916 2486 subest,

290 2517 377 2560 casso
392 2515 464 2559 eum
483 2515 546 2558 uon
569 2498 714 2578 conjuge,
731 2499 926 2578 appromisse
949 2499 992 2560 illi
1016 2519 1080 2562 ma·
1135 2495 1269 2575 ideoque
1292 2503 1400 2558 manet
1422 2499 1685 2571 contemnendum
1711 2499 1738 2560 si
1761 2503 1867 2560 autem
1886 2498 1919 2558 sit

290 2587 455 2663 trimonio,
472 2586 681 2648 communiter
703 2605 774 2664 spes
798 2591 855 2662 est,
872 2585 955 2668 quod
976 2587 1081 2666 profu·
1135 2584 1219 2644 fama
1233 2585 1418 2662 eommunis,
1431 2585 1505 2648 huic
1517 2588 1721 2649 tribuendum
1737 2586 1917 2666 estaliquld;

289 2679 362 2737 tura
385 2675 426 2735 sit
448 2674 631 2751 admonitio,
655 2673 729 2736 hinc
753 2675 965 2737 confessarius
988 2675 1082 2736 debet
1135 2677 1273 2734 attamen
1296 2679 1381 2736 reete
1402 2679 1491 2736 uetat
1513 2695 1584 2737 cum
1608 2675 1769 2738 communi
1797 2675 1916 2755 Sperell.

288 2781 429 2840 monere,
453 2767 488 2824 ut
511 2780 582 2823 eum
606 2763 746 2824 animum
770 2763 971 2840 dimiliatae
997 2763 1080 2843 qued
1134 2761 1281 2838 666113,
1304 2762 1346 2822 66
1360 2762 1488 2841 lamam,
1507 2781 1578 2843 666
1601 2763 1715 2844 pmbet
1737 2764 1789 2823 val
1812 2761 1918 2824 6116661

288 2851 523 2914 matrimonium
537 2851 614 2912 illud
634 2851 774 2913 futurum
789 2853 829 2913 sit
847 2852 1020 2914 invalidum
1040 2853 1080 2914 ob
1135 2850 1258 2925 debeat,
1284 2850 1401 2930 requiri
1426 2855 1461 2914 61
1483 2853 1523 2914 611
1545 2871 1608 2914 666
1632 2871 1726 2932 vagu,
1752 2871 1818 2914 uon
1840 2849 1916 2924 levis,

288 2939 547 3019 impedimentum
562 2939 711 3016 criminis,
730 2941 806 3002 Gob.
823 2961 903 3002 nom.
921 2945 989 3003 1111.
1135 2953 1197 2997 666
1220 2936 1353 3017 sibiipsi
1377 2939 1544 3017 centraria,
1562 2939 1619 3000 sed
1639 2939 1752 3017 solida,
1770 2943 1917 3012 66661666,

221 3051 262 3097 aas
327 3027 562 3108 6106661616
586 3027 799 3089 Confessarius
822 3029 901 3091 sciat
922 3029 1082 3090 matrimo·
1136 3025 1310 3103 uniformis,
1327 3032 1494 3106 perpetua,
1516 3046 1586 3108 666
1611 3029 1768 3107 originem
1783 3027 1918 3090 trabeata

290 3117 376 3178 nium
391 3115 1078 3196 essenullumobimpedimeutumdirimeus,
1136 3114 1277 3193 personis
1299 3115 1450 3193 honestis,
1474 3120 1507 3177 et
1529 3117 1591 3178 fide
1616 3116 1730 3196 dignis.
1758 3113 1918 3179 61666

289 3206 314 3266 si
331 3209 435 3267 161666
458 3221 569 3265 666666
579 3203 681 3283 justas
695 3202 811 3266 habeut
825 3205 885 3266 hoc
899 3208 1034 3285 tacendi,
1051 3213 1083 3270 61
1136 3203 1240 3264 firmat
1253 3201 1313 3262 dec·
1331 3204 1404 3279 111,
1421 3221 1533 3264 anum.
1552 3207 1621 3266 115.

288 3293 444 3374 poenitens
458 3295 571 3371 pergat
589 3291 811 3352 invincibiliter
823 3293 968 3373 ignorare
983 3296 1082 3375 impe·
1178 3289 1284 3365 (16661.
1302 3293 1350 3352 16.
1375 3325 1416 3338 -
1429 3291 1510 3369 Quid
1529 3291 1693 3353 addendum
1715 3293 1754 3353 eit
1778 3293 1854 3354 61666
1872 3291 1918 3352 ira·
1936 3323 1965 3368 q,

289 3381 475 3456 dimentum,
493 3382 617 3442 tenetur
640 3379 726 3440 illum
741 3379 881 3460 obligare
895 3383 936 3444 66
950 3385 1081 3446 redden·
1130 3379 1327 3462 pedimentam
1350 3381 1490 3442 orom'si'
1512 3385 1606 3461 Resp.
1623 3383 1684 3460 §l
1706 3380 1782 3444 Cera
1806 3401 1853 3442 aa.
1875 3383 1916 3454 29.

289 3471 365 3531 dum
381 3468 532 3545 debitum,
550 3468 575 3528 si
590 3469 670 3528 forte
684 3467 761 3530 illud
783 3476 878 3548 neget
892 3489 930 3532 ex
945 3472 1018 3534 edio
1031 3474 1081 3536 ret
1136 3477 1238 3549 6661.
1257 3470 1285 3545 1,
1311 3474 1536 3532 enumerentur
1557 3470 1709 3549 precipui
1724 3489 1858 3532 errores.
1873 3471 1918 3530 Er·
1975 3469 1979 3542 1

289 3557 465 3634 aversione,
482 3559 537 3618 aut
551 3555 725 3636 quieverit
746 3559 932 3636 castitatem,
949 3560 1081 3624 dicende
1136 3577 1189 3619 ror
1216 3575 1358 3636 personae
1385 3564 1443 3635 est,
1475 3559 1602 3638 quande
1630 3557 1682 3620 bic
1711 3565 1841 3638 putatur
1860 3573 1918 3618 esse

290 3645 458 3725 conjugem
482 3644 581 3705 teneri
605 3643 738 3705 reddere
762 3645 905 3708 debitum
923 3647 1007 3728 juste
1030 3669 1083 3729 pe·
1137 3643 1295 3724 Virgilius,
1319 3651 1350 3705 61
1374 3645 1439 3724 ipse
1464 3650 1511 3707 cst
1532 3647 1630 3707 Plato.
1661 3648 1759 3708 lirrer
1786 3647 1916 3719 fortune,

289 3733 378 3809 tenti,
395 3732 470 3813 quia
485 3734 607 3792 1666166
622 3731 761 3811 obligare
776 3734 816 3795 ad
837 3741 1001 3813 peccatum
1015 3757 1083 3801 rna-
1137 3733 1264 3814 quande
1280 3733 1332 3794 hic
1346 3739 1476 3813 petatur
1490 3753 1558 3796 esse
1580 3734 1679 3811 dives,
1706 3735 1761 3815 qui
1785 3739 1833 3796 est
1853 3751 1918 3813 pau-

289 3821 411 3900 teriale,
429 3819 556 3900 quaudo
580 3819 670 3880 aliter
693 3821 804 3881 evitari
818 3839 881 3882 nen
904 3827 1006 3902 petest
1019 3827 1083 3888 for-
1136 3839 1203 3901 per,
1214 3822 1263 3882 vel
1277 3839 1294 3880 e
1306 3839 1469 3883 converso.
1482 3824 1578 3884 lirror
1590 3822 1794 3901 conditionis,
1805 3819 1917 3904 quaudo

290 3911 392 3983 male;
418 3908 500 3970 actio
524 3908 608 3968 enim
631 3908 685 3969 illa
711 3913 779 3970 tum
801 3911 927 3990 proprie
950 3932 1013 3975 nen
1037 3921 1084 3979 est
1135 3913 1265 3990 putatur
1298 3927 1366 3971 0³⁸0
1394 3911 1484 3988 liber,
1520 3910 1573 3990 qui
1603 3929 1713 3972 servus
1744 3917 1804 3974 est
1836 3911 1918 3974 1111111

290 4002 467 4079 peccatum,
484 3997 540 4058 sod
555 3996 682 4058 omnino
697 4004 744 4058 est
766 3997 861 4074 licitu,
879 3999 993 4063 Sanch.
1012 4004 1079 4066 Fili.
1137 3997 1305 4079 qualitatis,
1334 3999 1459 4078 quando
1482 4005 1612 4078 petatur
1632 3999 1746 4078 benus,
1764 3999 1818 4081 qui
1831 3998 1918 4060 melus

289 4093 371 4151 lion.
388 4087 504 4166 aliique
523 4086 613 4147 multi
636 4103 709 4148 cum
724 4087 801 4149 Gob.
818 4105 899 4150 nera.
917 4093 993 4164 1003
1010 4110 1083 4154 een·
1136 4091 1193 4150 cst.

159 4191 163 4198 ·
289 4182 339 4238 tra
354 4178 419 4239 Set.
436 4177 515 4236 Bou.
531 4182 559 4235 et
572 4174 657 4236 61166.
1176 4178 1241 4257 62.
1266 4178 1392 4239 Certum
1416 4181 1463 4240 est
1485 4196 1626 4240 errorem
1647 4179 1679 4240 in
1702 4197 1839 4258 persona
1860 4193 1917 4238 esse
1935 4201 1979 4249 aax

221 4275 262 4320 ste
329 4266 392 4344 §8-
408 4263 557 4337 Quamvis
580 4263 809 4328 manifestando
824 4267 1082 4347 impedimentum
1136 4265 1396 4344 impedimentum
1420 4266 1580 4344 dirimens,
1598 4267 1642 4327 uti
1666 4267 1803 4329 habetur
1820 4265 1917 4330 eedem
1976 4275 1979 4328 1

291 4353 484 4414 nullomodo
506 4352 722 4414 manifestetur
736 4361 911 4434 peccatum,
928 4358 953 4418 sl
976 4361 1082 4420 tamen
1137 4375 1201 4418 cen.
1218 4364 1246 4416 et
1260 4373 1324 4436 cop.
1342 4353 1408 4416 Teo
1420 4371 1482 4423 aes,
1499 4353 1534 4418 dc
1546 4375 1641 4437 epona
1657 4355 1716 4416 sed
1729 4356 1809 4418 solvi
1824 4353 1915 4416 debet.

290 4440 382 4502 cedat
396 4439 427 4498 in
442 4439 592 4498 damnum
606 4436 699 4515 illius,
716 4457 755 4500 cx
777 4441 874 4522 eujus·
889 4444 1082 4506 confessione
1137 4448 1166 4505 1.
1192 4442 1281 4516 0666
1304 4442 1403 4504 laceb
1427 4445 1503 4504 Gen.
1529 4447 1578 4521 29,
1608 4443 1713 4504 valide
1738 4439 1917 4506 contraxerit
1978 4515 1979 4518 Ἴ

291 4525 1082 4613 haustaestilliusnotitiataceridcbet,quiaalie-
1137 4549 1208 4593 cum
1222 4529 1287 4608 Lia,
1299 4530 1372 4592 licet
1386 4531 1503 4608 putarit
1517 4550 1585 4593 esse
1600 4531 1784 4594 Rachelem.
1799 4537 1828 4594 2.
1840 4525 1915 4602 06611
1978 4543 1979 4546 ’

292 4617 368 4697 6616
392 4613 545 4677 confessio
561 4613 703 4675 redditur
725 4617 844 4695 odiosa,
866 4620 978 4681 Goba
1000 4641 1079 4682 nero.
1136 4619 1240 4681 valida
1250 4618 1343 4680 fuerit
1356 4619 1532 4682 benedictio
1544 4619 1839 4684 dataeidemiaceh
1848 4621 1912 4680 den.

292 4709 361 4769 110.
1136 4712 1185 4786 17,
1210 4707 1353 4788 quamvis
1376 4708 1463 4772 lsaae
1486 4708 1605 4787 putarit
1626 4725 1696 4770 esse
1718 4726 1812 4770 suum
1831 4705 1914 4768 filium

224 4816 264 4861 aar
332 4791 392 4871 §b
409 4791 441 4852 si
457 4790 548 4852 Gaius
571 4790 726 4854 adductus
740 4792 771 4852 in
795 4795 1005 4874 suspicionem
1019 4797 1083 4858 fer·
1136 4799 1229 4859 Esau.
1255 4799 1284 4857 3.
1309 4795 1398 4867 Quod
1419 4797 1523 4858 valeat
1544 4796 1699 4858 absolutio
1722 4799 1914 4859 sacramenta-

292 4879 457 4942 nicatieuis
480 4878 654 4940 commissae
675 4897 746 4940 eum
761 4884 994 4962 consanguinea
1007 4886 1083 4946 Ber·
1136 4884 1771 4963 1166616Ρ6166,666616166661666666
1787 4883 1912 4947 Paulum.

292 4971 366 5046 tlree,
383 4983 478 5048 quam
492 4967 617 5028 volebat
640 4966 765 5045 ducere,
791 4971 923 5051 negarit]
932 4973 1079 5051 primum,
1137 4975 1230 5051 Res'p.
1247 4971 1296 5032 Ad
1309 4975 1337 5032 l.
1356 4973 1424 5033 Neu
1447 4971 1592 5049 valuisse,
1610 4971 1669 5034 uisi
1688 4977 1855 5053 postquam
1871 4970 1914 5030 16·

293 5058 349 5120 666
363 5056 562 5136 postmodum
577 5055 677 5116 fossus
691 5057 731 5118 611
752 5076 824 5120 eum
843 5059 1035 5140 juramento,
1052 5066 1083 5123 et
1137 5061 1196 5122 cob
1219 5060 1382 5122 renovarit
1401 5079 1599 5137 consensum,
1620 5067 1652 5124 61
1674 5061 1776 5123 veluit
1797 5058 1914 5122 nihilho-

293 5161 401 5207 cerum
423 5144 565 5220 testibus,
582 5161 665 5205 nunc
679 5149 784 5207 autem
808 5147 921 5209 iterum
945 5153 1039 5227 neget
1052 5152 1084 5211 et
1137 5148 1240 5208 minus
1255 5147 1349 5209 ctiam
1363 5148 1452 5209 biam
1466 5147 1583 5210 habere
1607 5167 1750 5210 uxerem.
1766 5147 1815 5211 Ad
1825 5151 1852 5208 2.
1868 5145 1913 5204 oe

294 5234 379 5295 dicat
409 5251 442 5293 se
466 5249 533 5292 esse
554 5231 716 5294 inductum
743 5235 784 5295 ad
808 5235 867 5297 hec
891 5235 1080 5315 jurandum,
1138 5235 1912 5312 666161166661116616166161666666611666

294 5323 371 5400 Lug.
393 5320 423 5380 16
444 5319 617 5400 11666666.
644 5318 696 5380 111.
717 5324 744 5396 1,
761 5320 830 5382 ded.
847 5325 896 5399 11,
913 5323 989 5384 61611
1010 5325 1084 5403 Epi·
1138 5328 1269 5400 sentem,
1287 5323 1524 5403 qualiscumque
1539 5323 1741 5386 6666661116
1755 5316 1912 5387 6116611161

294 5425 424 5487 scopum
439 5407 487 5467 vel
511 5406 687 5468 Parochum
706 5409 735 5468 ei
758 5406 886 5469 eredere
901 5428 963 5472 non
978 5429 1080 5490 posse,
1139 5411 1302 5492 potuisset,
1324 5415 1360 5473 ut
1381 5412 1481 5474 iacob
1501 5412 1542 5473 ab
1563 5412 1651 5474 initio
1674 5408 1912 5474 valtdeuuxiesa

295 5493 352 5558 nisi
377 5494 600 5556 sufficientibus
632 5494 755 5562 indiciis
782 5495 894 5576 probet
917 5498 1083 5562 falsitatem
1138 5499 1237 5577 biam,
1260 5499 1286 5562 si
1310 5499 1518 5563 consensisset
1540 5500 1572 5560 in
1592 5506 1791 5584 praesentem,
1814 5493 1911 5578 666116
