3976 6348
42 760 907 1024 rnaonoorr
972 759 1652 1020 auarus

287 1579 381 1752 llll
416 1575 777 1754 ,talitali
824 1571 1379 1752 ttttltlltlltlt

810 1889 852 1942 ET

513 2083 1145 2235 lllllllllllllllllll

687 2353 980 2412 fflffiffls-

580 2751 758 2857 LIBER
797 2749 1096 2858 SEPTIMUS

754 3089 910 3138 -mnr-

256 3513 391 3603 wup
408 3511 561 3601 pompm
864 3489 1274 3575 excommunicationem,'id
1283 3501 1405 3558 tantum
1416 3497 1451 3558 fit
1459 3495 1657 3559 secundario.

902 3613 916 3648 o
932 3591 969 3651 ll.
986 3587 1132 3664 Exilium,
1149 3604 1267 3664 carcer,
1285 3585 1430 3663 servitus,
1448 3585 1581 3665 privatio
1603 3587 1660 3646 Be·

174 3707 215 3751 1>ss
241 3703 416 3751 effusurus
442 3703 476 3749 ῃ(
504 3701 639 3749 eappan,
863 3677 976 3755 neficii,
993 3676 1052 3736 nisi
1067 3675 1248 3757 adjunctam
1267 3675 1404 3736 habeant
1422 3674 1660 3753 suspensionem

863 3766 1000 3846 aliquam
1016 3764 1224 3844 spiritualium
1238 3765 1408 3841 actionum,
1425 3759 1488 3826 nc'n
1502 3769 1575 3826 sunt
1589 3779 1660 3823 cen-

316 3848 469 3910 DUBIUM
484 3849 507 3909 l.
863 3870 955 3930 sura,
972 3851 1046 3932 qnia
1060 3855 1133 3913 sunt
1146 3869 1248 3930 poenae
1263 3851 1463 3930 temporales
1760 3857 1763 3864 '

902 3963 917 4000 u
931 3943 983 4003 lll.
1001 3943 1064 4001 Neo
1085 3939 1269 4019 degradatio
1286 3941 1336 4002 vel
1358 3939 1510 4018 depositio
1527 3943 1573 4000 cst
1587 3957 1661 4002 cen·

863 4047 946 4106 sura,
971 4029 1045 4108 quia
1062 4027 1184 4088 etiamsi
1207 4027 1247 4087 sit
1267 4043 1363 4105 poena
1386 4024 1575 4106 spiritualis,
1597 4043 1660 4086 non

68 4112 169 4192 obcap.
184 4115 242 4175 nst
261 4127 358 4191 poena
372 4107 541 4189 spiritualis
556 4113 587 4171 at
600 4109 806 4188 medicinalis,
862 4121 968 4179 tamen
982 4115 1186 4190 medicinalis,
1201 4114 1256 4175 sed
1266 4119 1430 4193 perpetua,
1447 4119 1479 4175 at
1494 4114 1533 4174 ob
1548 4130 1662 4192 pecca-

34 4211 186 4279 perquam
213 4199 340 4261 homini
363 4197 520 4276 baptizato
551 4198 745 4278 delinquenti
772 4215 809 4260 ac
862 4208 931 4266 tum
957 4201 1161 4282 praeteritum,
1192 4199 1287 4262 etiam
1315 4198 1532 4275 emendatum,
1557 4201 1662 4278 potest

33 4289 195 4366 mutumaci,
211 4307 274 4369 per
297 4286 470 4366 potentiam
490 4286 740 4349 Ecclesiastioam
754 4305 811 4347 au·
863 4289 973 4370 inlligi.

32 4369 111 4436 fertur
119 4373 417 4456 ususquurumdam
424 4374 580 4436 bonorum
588 4375 807 4455 spiritualium,
903 4401 917 4438 u
933 4379 985 4441 lV.
1002 4380 1065 4438 Nec
1080 4375 1212 4438 cessatio
1234 4392 1253 4435 a
1270 4375 1400 4452 Divinis,
1426 4373 1501 4455 quia
1519 4391 1582 4436 non
1605 4373 1661 4434 im·

33 4457 119 4538 leym.
134 4463 184 4527 lit.
201 4468 231 4542 l,
249 4471 273 4524 t.
293 4465 324 4539 5,
335 4481 369 4542 p.
392 4465 420 4537 l,
437 4479 501 4542 cap.
519 4465 548 4523 l.
568 4462 652 4524 Unde
665 4463 808 4525 resolues:
862 4466 990 4546 ponitur
1010 4482 1067 4543 per
1088 4461 1219 4524 modum
1241 4461 1405 4522 medicinae
1429 4461 1471 4522 ad
1490 4459 1662 4523 tollendam

63 4551 106 4611 ul.
120 4553 177 4612 Per
190 4567 365 4614 censuram
380 4567 442 4610 non
457 4549 599 4628 privatur
610 4551 704 4613 borno
719 4551 810 4613 bonis
864 4553 1105 4630 contumaciam,
1122 4550 1178 4612 sed
1193 4549 1233 4612 ad
1252 4550 1498 4631 propulsandam
1513 4547 1662 4629 injuriam

30 4649 100 4698 ruere
112 4637 251 4718 internis,
270 4657 305 4699 v.
323 4656 355 4716 g.
381 4636 575 4715 charactere,
592 4643 744 4717 potestate
756 4643 811 4705 Or·
863 4641 1010 4704 Ecclesia
1025 4641 1151 4702 iactam.

31 4723 95 4786 dinis
109 4747 116 4800 ;
132 4747 188 4790 nec
209 4727 309 4790 bonis
326 4724 473 4806 propriis,
499 4743 535 4786 ao
558 4727 698 4806 privatis,
721 4749 751 4790 v.
775 4749 807 4809 g.
903 4731 972 4792 av.
989 4731 1054 4791 Neo
1069 4726 1293 4808 irregularitas,
1316 4726 1382 4788 sira
1400 4725 1441 4788 sit
1463 4745 1501 4786 ox
1524 4726 1660 4802 defectu,

30 4809 87 4890 tide,
101 4813 264 4893 charitate,
278 4812 393 4894 gratia,
406 4815 480 4888 etc,
493 4814 549 4874 sed
558 4813 747 4892 quibusdam
757 4833 811 4876 ex·
865 4819 939 4899 quia
953 4818 1020 4878 haec
1035 4835 1097 4877 non
1113 4821 1160 4878 est
1174 4815 1317 4896 poenalis,
1339 4814 1395 4876 sed
1419 4818 1542 4876 tantum
1563 4813 1662 4894 impe-

30 4899 107 4961 ternis
120 4907 149 4964 et
161 4901 316 4982 publiciS,
332 4901 397 4962 sive
412 4899 598 4979 actionibus,
611 4921 680 4982 quae
694 4904 811 4965 babent
864 4908 1038 4968 dimentum
1054 4905 1257 4978 canonicum;
1270 4904 1336 4964 sive
1346 4903 1386 4964 sit
1396 4922 1433 4964 ex
1448 4903 1571 4982 delicto,
1588 4903 1663 4983 quia

28 4983 200 5062 spiritualem
215 4989 360 5069 aliquem
373 4989 518 5048 effectum
532 4991 581 5050 vel
597 4992 808 5069 commodum,
864 4993 933 5054 bac
953 5009 1015 5054 non
1039 4993 1196 5072 irrogatur
1215 5011 1271 5072 per
1289 4991 1419 5052 modum
1442 5007 1543 5070 poenae
1564 4990 1663 5052 medi-

29 5075 128 5136 utsunt
141 5077 356 5154 Sacrificium,
376 5074 514 5137 otllcium
538 5077 690 5156 divinum,
710 5081 811 5141 Bene·
864 5079 985 5157 oinalis,
1003 5079 1058 5141 sed
1073 5079 1233 5159 punitivae,
1246 5083 1324 5141 etex
1335 5097 1367 5140 sa
1378 5082 1537 5158 perpetua
1554 5097 1562 5154 ;
1578 5078 1662 5140 unde

28 5155 125 5243 ficium,
141 5165 378 5227 administratio
402 5170 433 5227 et
454 5166 610 5246 susceptio
626 5169 812 5230 sacramen·
864 5185 922 5228 nec
935 5167 1056 5228 tollitur
1068 5185 1126 5245 per
1146 5166 1385 5243 absolutionem,
1411 5165 1492 5228 sicut
1514 5183 1660 5242 censura,

29 5249 123 5328 torum,
144 5253 361 5334 indulgentia,
386 5255 512 5332 publica
533 5255 678 5318 Ecclesia
702 5257 811 5318 suffra·
863 5252 1660 5334 sedpardispensatiunem,Bon.d.l,qcaest.l,p.l.

27 5333 86 5412 ,gin
99 5341 170 5420 quia
184 5341 255 5404 baec
270 5346 307 5403 et
321 5359 383 5402 non
397 5343 450 5404 illa
468 5343 602 5405 subsunt
616 5343 811 5424 dispositioni
904 5363 919 5400 n
934 5343 986 5404 Vl.
1004 5341 1133 5415 Quando
1149 5341 1180 5402 in
1194 5344 1213 5404 J
1216 5341 1337 5403 ubilaeis
1351 5342 1401 5402 vel
1415 5340 1587 5420 privilegiis
1606 5341 1663 5402 da·

29 5419 165 5491 lcolesioe.
182 5429 279 5492 Unde
295 5427 323 5488 si
337 5428 495 5491 interdum
510 5430 651 5510 privetur
664 5432 747 5493 buno
758 5431 812 5492 ali·
863 5434 915 5491 tur
929 5433 1067 5508 potestas
1081 5428 1263 5491 absolvendi
1285 5447 1305 5490 a
1328 5426 1479 5504 censuris,
1501 5445 1563 5492 non
1579 5445 1662 5490 com·

30 5523 78 5588 qno
97 5516 281 5597 temporali,
315 5535 345 5577 r.
371 5535 402 5597 g.
427 5518 572 5582 convictu
591 5518 729 5581 humano
756 5536 813 5599 per

149 3971 227 4046 Ouid
239 3973 282 4033 ait
297 3989 418 4032 censura
432 3969 642 4033 ecclesiastica?
