4044 6340
309 527 347 590 ba
953 529 1025 591 tna.
1056 525 1107 590 vl.
1138 527 1239 590 PARS
1268 527 1319 591 111.

311 723 368 794 tos,
390 725 621 798 quantocumque
638 717 677 777 rit
694 715 878 797 fauorabilis,
895 725 977 780 caret
990 715 1103 797 effectu,
1161 720 1251 778 tuens
1278 716 1373 777 talem
1401 713 1612 777 conditionem
1651 710 1876 794 impossibilem
1900 711 1939 776 rel

312 803 383 865 ticet
396 803 469 866 elice
482 803 657 866 conditiones
668 807 809 886 apposite
823 806 853 866 in
867 803 1069 874 Matrimonia,
1081 807 1108 866 si
1160 808 1285 884 turpem
1299 805 1413 866 debere
1438 804 1549 866 haberi
1561 823 1619 884 pro
1635 822 1698 866 non
1715 803 1842 884 adjecta
1856 823 1863 870 :
1879 803 1940 866 item

312 900 411 973 turpes
433 901 485 953 out
508 891 697 974 sinpossidr'les
710 894 833 974 suem'nt,
850 892 969 956 debeam
983 903 1108 976 propter
1162 893 1287 971 quando
1302 892 1372 954 talis
1396 892 1532 954 conditio
1552 891 1686 972 adjecta,
1703 891 1747 952 sit
1768 891 1817 952 vel
1841 891 1941 954 nonsit

312 979 374 1061 ejus
385 980 518 1062 sororem
539 999 596 1062 pro
616 999 675 1042 666
689 979 811 1064 orlp'ectis
825 981 936 1043 bobert
954 983 986 1044 si
1001 982 1107 1062 itaque
1161 981 1356 1060 suspensiva,
1381 981 1448 1042 fuse
1473 980 1569 1042 habet
1592 982 1703 1043 Avens.
1720 1000 1773 1062 qo.
1795 983 1825 1057 5,
1841 989 1902 1041 sect.
1916 983 1939 1056 4,

312 1067 436 1128 ineatur
454 1068 688 1131 Matrimonium
711 1069 770 1130 sub
794 1070 984 1147 conditione,
1001 1069 1107 1132 utsibi
1161 1079 1190 1131 et
1206 1073 1236 1147 5,
1261 1074 1453 1150 possuntque
1468 1068 1562 1130 etiam
1583 1067 1694 1146 videri,
1722 1087 1794 1148 quae
1816 1067 1875 1128 dixi
1895 1068 1939 1128 lib.

312 1156 406 1217 liceat
419 1157 615 1236 copulaoum
624 1157 698 1235 alio,
712 1162 759 1220 cst
770 1159 1105 1235 contrasubstantiam,
1162 1161 1192 1235 3,
1208 1176 1240 1238 p.
1258 1162 1286 1235 1,
1304 1176 1335 1220 6.
1352 1161 1422 1234 588,
1439 1162 1549 1219 etan.
1566 1161 1636 1220 596.
1994 1213 1995 1216 ,

313 1261 388 1304 nam
410 1243 480 1304 linis
499 1244 687 1306 Matrimonii
709 1249 757 1305 est
779 1245 857 1306 fides
880 1263 935 1307 seu
961 1244 1108 1325 obligatio
1204 1247 1222 1326 5
1241 1251 1271 1308 1.
1297 1246 1412 1310 Sanch.
1432 1245 1484 1308 tit.
1501 1249 1531 1314 5,
1557 1244 1587 1307 d.
1606 1249 1654 1323 14,
1672 1266 1703 1308 n.
1732 1249 1763 1324 8,
1787 1247 1873 1325 putat
1891 1263 1941 1306 non
1961 1233 1995 1302 1111

314 1350 347 1392 se
362 1349 425 1392 non
440 1332 663 1394 commiscendi
678 1351 751 1393 cum
766 1333 838 1411 alio,
855 1333 1029 1395 secundum
1044 1335 1109 1395 dio-
1162 1339 1268 1399 valere
1298 1333 1532 1396 Matrimonium
1556 1331 1668 1395 initum
1692 1334 1754 1394 sub
1782 1333 1941 1394 conditione
1994 1329 1995 1350 ³

314 1425 347 1482 ta
361 1441 392 1482 n.
408 1424 479 1495 235;
495 1419 521 1482 si
541 1427 647 1482 autem
662 1420 785 1483 ineatur
798 1423 857 1484 sub
877 1422 1066 1498 conditione,
1083 1421 1108 1483 si
1163 1445 1225 1487 non
1240 1422 1391 1485 reddendi
1406 1421 1546 1483 debitum
1562 1421 1593 1480 in
1609 1439 1695 1498 casu,
1713 1439 1778 1502 quo
1793 1421 1878 1482 alteri
1892 1439 1941 1481 noo

313 1527 438 1571 mecum
459 1508 556 1572 furari
578 1509 726 1588 volueris,
743 1529 805 1572 non
827 1516 875 1571 est
896 1515 1006 1572 contra
1020 1511 1110 1572 subs·
1162 1513 1268 1576 licebit
1282 1511 1416 1590 exigere,
1429 1509 1503 1589 quia
1517 1509 1584 1570 haec
1599 1509 1738 1572 conditio
1753 1509 1875 1572 videtur
1887 1527 1942 1569 asse

314 1600 456 1677 tantiam,
473 1602 506 1661 et
526 1603 671 1661 censetur
694 1619 757 1662 non
781 1600 915 1679 adjecta.
933 1602 981 1661 lin
1004 1604 1109 1661 autem
1163 1606 1272 1664 contra
1292 1599 1499 1660 substantiam
1512 1597 1714 1676 Matrimonii,
1741 1615 1815 1658 cum
1838 1597 1943 1658 auferat

315 1688 398 1749 idem
409 1687 469 1749 dici
485 1687 599 1750 debeat
613 1688 653 1749 de
668 1688 866 1768 sponsalibus
877 1687 1107 1764 conditionatis,
1160 1691 1212 1772 jus
1227 1691 1258 1751 in
1269 1707 1383 1768 corpus
1397 1687 1546 1749 alterius:
1562 1686 1618 1747 sed
1633 1687 1815 1765 oppositum
1830 1689 1874 1748 est
1886 1703 1942 1765 pro

313 1776 598 1840 661661616688.
1163 1776 1312 1853 habilius,
1339 1794 1400 1837 uon
1424 1780 1471 1836 est
1494 1775 1577 1835 enim
1602 1779 1712 1836 contra
1735 1774 1941 1850 substantiam,

246 1887 288 1932 666
354 1865 372 1945 5
392 1869 422 1928 2.
447 1867 674 1929 Universaliter
694 1868 745 1928 hic
760 1868 892 1947 supponi
909 1867 1012 1943 debet,
1026 1866 1110 1946 quod
1165 1883 1236 1927 cum
1251 1865 1405 1944 acquirat,
1423 1870 1454 1926 ct
1468 1865 1603 1926 retineat
1614 1863 1667 1942 jus
1682 1867 1841 1924 remotum
1860 1861 1896 1922 ad
1908 1865 1943 1924 ta·

314 1954 346 2014 in
375 1958 537 2016 contractu
566 1955 756 2017 Matrimonii
780 1975 836 2035 pro
857 1956 925 2017 foro
949 1955 1112 2016 conscien·
1165 1955 1226 2016 lem
1250 1953 1407 2032 copulam,
1424 1958 1457 2014 et
1477 1953 1604 2031 privare
1632 1969 1665 2012 se
1687 1951 1791 2030 possit
1811 1969 1867 2012 usu
1890 1950 1943 2010 sive

314 2042 365 2104 tie
380 2043 528 2105 standum
539 2043 763 2122 sitintenticni,
781 2063 875 2125 quam
891 2043 1111 2105 contrahentes
1165 2041 1312 2103 exercitio
1339 2039 1421 2101 illius
1447 2039 1538 2120 juria,
1565 2038 1742 2101 secundum
1772 2038 1941 2100 (11616666.

315 2131 418 2192 661661
444 2149 478 2192 66
506 2131 674 2208 habuisse,
705 2133 942 2212 qualiscumque
972 2131 1110 2193 conditio
1165 2134 1233 2208 888,
1259 2129 1311 2190 ubi
1335 2127 1399 2190 dixi
1427 2125 1659 2190 Matrimonium
1688 2144 1785 2205 posse
1809 2125 1877 2187 iniri
1897 2125 1943 2186 sub

315 2219 411 2282 fuerit
424 2220 559 2300 adjecta,
576 2222 622 2283 uti
644 2223 751 2284 statim
775 2222 1012 2301 probabitur.ll
1037 2239 1112 2282 con·
1165 2222 1256 2298 pacto
1280 2217 1444 2296 nunquam
1470 2215 1596 2295 petendi
1625 2214 1674 2274 vel
1697 2213 1853 2276 reddendi
1873 2213 1943 2276 debi·
1994 2281 1995 2284 Ἴ

315 2315 376 2386 tra,
394 2309 520 2388 quando
543 2309 674 2370 dubium
690 2314 737 2372 661
761 2330 823 2390 qua
844 2309 1015 2372 intentione
1044 2308 1111 2370 haec
1164 2313 1242 2369 tum.
1267 2310 1315 2368 An
1339 2309 1444 2366 autem
1467 2302 1572 2364 illicite
1595 2307 1707 2382 petens
1732 2301 1886 2382 copulam,
1900 2300 1944 2360 ha·

316 2399 366 2459 vel
381 2398 434 2459 illa
449 2397 586 2460 conditio
611 2399 651 2461 sit
665 2399 799 2480 adjecta,
816 2399 963 2462 standum
988 2404 1035 2459 est
1049 2398 1112 2458 dis·
1165 2396 1238 2456 beat
1257 2394 1295 2456 ad
1321 2393 1402 2454 hano
1413 2391 1465 2472 jus
1489 2391 1679 2470 proximum,
1696 2393 1730 2450 et
1754 2389 1825 2450 ideo
1840 2385 1943 2451 alterei
1994 2399 1995 2474 j

315 2485 463 2566 positioni
487 2487 572 2550 turis
596 2505 615 2549 a
636 2507 667 2548 n.
685 2491 754 2565 838,
772 2487 889 2550 relatae.
906 2487 986 2548 Hinc
1007 2487 1038 2546 in
1054 2487 1112 2547 du·
1165 2487 1309 2545 teneatur
1336 2479 1468 2542 reddere
1498 2478 1655 2554 debitum,
1678 2476 1805 2540 dicetur
1826 2493 1845 2538 a
1870 2493 1941 2537 num.
1994 2477 1995 2544 ζ

316 2575 369 2636 bio
385 2594 425 2636 an
450 2575 588 2637 conditio
605 2575 706 2654 turpis
731 2575 782 2636 vel
795 2573 996 2653 impossibilis
1011 2575 1051 2636 sit
1063 2592 1113 2634 se·
1165 2573 1234 2632 358.
1993 2601 1995 2654 j

318 2662 365 2724 rio
380 2663 430 2724 vel
448 2662 534 2742 joco,
549 2668 605 2724 aut
618 2681 657 2724 ex
679 2679 784 2724 errore
800 2661 935 2742 adjecta,
952 2661 1112 2741 praesumi-
1205 2660 1223 2739 5
1242 2661 1272 2720 5.
1298 2656 1330 2720 Si
1345 2655 1481 2718 conditio
1496 2655 1536 2717 sit
1550 2655 1588 2716 dc
1609 2657 1758 2735 praesenti
1773 2658 1822 2718 vel
1836 2657 1944 2736 preter·
1962 2661 1995 2738 sog

316 2757 368 2812 tur
381 2749 506 2831 adjecta
520 2769 558 2811 ex
566 2749 638 2831 joco
654 2751 704 2812 vel
720 2769 836 2828 errore,
854 2750 997 2829 adeoque
1017 2749 1111 2810 habe-

316 2843 369 2900 tur
382 2857 439 2918 pro
463 2857 526 2900 non
548 2838 684 2918 adjecta,
707 2843 816 2918 estque
840 2837 981 2898 validum
1004 2836 1112 2898 Matri-

318 2927 470 3004 monium,
487 2931 555 2988 tum
570 2925 643 3006 quia
659 2927 690 2985 in
705 2926 760 2988 tali
776 2924 871 2987 dubio
895 2925 1042 3004 praesumi
1060 2925 1112 2985 de-

317 3016 393 3078 bant
414 3015 550 3077 voluisse
575 3014 761 3076 contrahere
776 3013 950 3075 secundum
974 3019 1112 3101 mentem

316 3103 475 3182 Ecclesia,
500 3121 569 3183 quae
590 3103 659 3164 vult
680 3103 759 3164 tales
783 3102 979 3164 conditiones
1002 3101 1112 3162 haberi

317 3211 375 3272 pro
399 3209 462 3253 non
487 3190 629 3270 adjectis,
646 3194 713 3250 tum
737 3187 843 3264 etiam,
861 3187 936 3268 quia
957 3187 988 3248 in
1017 3187 1111 3248 dubio

316 3279 517 3361 praesumitur
530 3297 588 3358 pro
612 3279 719 3339 valore
734 3282 833 3339 actus.
850 3279 889 3337 Et
908 3281 956 3339 est
969 3277 1110 3356 perinde,

318 3369 383 3430 sive
407 3369 543 3431 conditio
571 3368 670 3447 turpis
700 3373 754 3430 aut
776 3367 978 3445 impossibilis
1006 3367 1045 3427 sit
1073 3367 1111 3427 de

316 3456 464 3534 praesenti
487 3457 537 3517 vel
565 3455 735 3535 praeterito,
761 3455 826 3516 sive
851 3455 890 3516 de
921 3454 1037 3531 loturo,
1067 3453 1112 3515 uti

318 3544 512 3623 probabilius
535 3549 621 3606 tenet
643 3545 776 3606 Krimo
799 3563 881 3605 oum.
905 3547 980 3620 848,
1004 3546 1113 3603 contra

318 3633 405 3710 Sylv.
420 3634 499 3694 Item
513 3633 643 3712 perinde
665 3637 722 3710 est,
740 3632 805 3692 sive
820 3631 1064 3710 impossibilitas,
1082 3635 1114 3691 et

317 3720 443 3799 turpido
458 3720 553 3782 fuerit
573 3720 771 3782 contrahenti
791 3719 928 3800 cognita,
945 3718 1012 3780 sive
1027 3719 1114 3779 incc-

317 3807 416 3888 gnita,
433 3811 467 3869 ut
481 3812 589 3870 teuent
603 3811 704 3869 llaun.
722 3812 753 3868 et
774 3808 909 3869 Krim.o
932 3825 1014 3869 oum.
1040 3811 1110 3885 837,

317 3900 387 3974 847,
413 3902 523 3958 contra
551 3897 666 3959 Sanoh.
696 3899 774 3959 ltem
798 3896 929 3975 perinde
959 3901 1016 3973 est,
1046 3897 1111 3958 sive

318 3985 455 4066 conditio
478 3985 518 4046 sit
538 4003 577 4046 ex
600 3989 713 4046 natura
734 4003 805 4061 sua,
830 3983 895 4046 sive
918 3989 1041 4045 tanturn
1057 4004 1114 4064 per

318 4073 474 4150 accidens,
499 4077 530 4134 ot
552 4072 591 4133 de
620 4073 703 4135 facto
731 4071 944 4151 impossibilia,
970 4072 1069 4134 Krim.
1094 4093 1113 4133 6

316 4181 398 4224 aum.
424 4164 493 4239 848,
519 4163 660 4240 Castrop.
686 4163 726 4223 Et
747 4161 827 4222 ratio
852 4159 1039 4220 universalis
1067 4165 1114 4222 est

319 4249 393 4329 quia
419 4251 476 4311 Jus
503 4248 689 4311 canonicum
712 4249 855 4310 absolute
879 4247 912 4308 id
933 4245 1024 4324 dicit,
1051 4265 1113 4308 non

319 4335 513 4415 distinguens
536 4336 618 4398 inter
640 4353 694 4397 eas
712 4336 928 4408 conditiones;
955 4341 1030 4413 erg'o
1055 4352 1113 4395 nec

319 4439 377 4483 nos
391 4422 584 4501 distinguere
599 4421 760 4484 debemus.

359 4511 378 4588 5
398 4513 427 4571 3.
444 4513 522 4572 Cum
536 4509 676 4571 Ecclesia
691 4527 752 4570 non
766 4510 865 4590 possit
879 4513 1025 4596 supplere
1041 4529 1114 4573 con·

320 4617 467 4676 sensum,
496 4599 523 4659 si
553 4599 685 4660 sciretur
707 4597 913 4660 intentionem
940 4601 1034 4661 luisse
1063 4617 1114 4658 cx-

321 4705 428 4767 presse
448 4685 624 4748 restrictam
647 4687 688 4747 ad
701 4687 797 4747 talem
816 4685 1028 4749 conditionem
1047 4705 1114 4748 sus-

321 4773 494 4853 pensivam,
510 4791 568 4834 nec
578 4773 669 4834 aliter
682 4773 888 4850 consensisse,
901 4773 961 4834 nisi
975 4773 1113 4835 conditio

322 4862 521 4938 subsisteret,
546 4859 606 4922 hac
633 4879 697 4922 non
723 4861 921 4940 subsistente,
943 4878 1113 4924 consensus

324 4955 406 5012 esset
427 4949 540 5026 nullus,
556 4952 593 5009 ut
614 4947 678 5008 dixi
702 4947 757 5010 lib.
782 4951 813 5025 3,
840 4967 871 5027 p.
889 4952 919 5026 8,
936 4966 1023 5010 num.
1040 4951 1110 5010 598.

321 5036 382 5099 Ν66
404 5037 510 5114 obstet,
531 5036 615 5116 quod
639 5036 835 5099 consentiens
858 5037 986 5098 sciverit
1008 5035 1114 5098 condi·

321 5127 440 5188 tionem
454 5144 521 5186 esse
536 5125 771 5203 impossibilem,
788 5125 932 5205 adeoque
947 5125 1114 5185 videbatur

320 5209 399 5272 nihil
421 5213 567 5289 voluisse,
591 5230 660 5273 nom
684 5229 722 5272 ex
745 5212 804 5274 hoc
825 5213 893 5292 ipso
914 5231 1025 5274 rerum
1049 5216 1110 5288 est,

322 5317 509 5361 consensum
522 5300 604 5361 illius
624 5301 719 5362 fuisse
734 5301 865 5362 nullum.
882 5300 1044 5373 Quomodo
1060 5318 1113 5360 au·

321 5393 386 5450 tem
408 5394 563 5468 praeterea
589 5389 629 5450 ab
644 5388 711 5450 aliis
735 5388 915 5450 auctoribus
942 5387 1114 5466 explicetur

321 5479 422 5540 textus
440 5475 524 5539 turis
547 5477 662 5539 relatus
681 5495 762 5538 cum.
789 5477 858 5553 839,
885 5475 1026 5540 absolute
1050 5479 1113 5538 stu·

1166 2749 1220 2824 ito,
1237 2765 1307 2828 quae
1321 2745 1480 2822 subsistat,
1493 2744 1729 2806 Matrimonium
1744 2745 1806 2807 boc
1820 2745 1883 2824 ipso
1896 2748 1945 2803 sta·
1993 2823 1995 2830 Ι

1166 2836 1221 2896 tim
1242 2835 1336 2910 valet,
1359 2832 1432 2894 licet
1453 2831 1673 2894 contrahentes
1696 2834 1838 2895 nesciant
1857 2829 1945 2894 condi-

1166 2923 1282 2984 tionem
1306 2919 1486 2996 subsistere,
1504 2921 1536 2982 S.
1554 2918 1666 2981 11666.
1684 2921 1715 2981 in
1728 2925 1761 2990 4,
1778 2919 1847 2982 dist.
1863 2921 1906 2985 29.
1919 2935 1942 3000 q.
1994 2941 1995 2944 ¹

1167 3014 1195 3086 l,
1212 3017 1269 3069 ort.
1286 3009 1316 3076 3,
1339 3027 1369 3088 q.
1386 3009 1416 3074 3,
1434 3006 1548 3067 Sanch.
1567 3005 1617 3066 tit.
1635 3011 1665 3075 5,
1683 3007 1713 3069 rt.
1729 3011 1761 3076 6,
1779 3011 1884 3086 haym.
1899 3003 1942 3066 tit.
1994 3039 1995 3042 =

1167 3102 1197 3168 5,
1215 3104 1302 3159 tract.
1321 3100 1369 3172 10,
1385 3116 1416 3176 p.
1434 3099 1463 3163 8,
1480 3115 1545 3176 cop.
1562 3099 1592 3164 ’1,
1609 3115 1639 3157 6.
1658 3100 1687 3173 1,
1705 3099 1806 3176 Fagn.
1823 3091 1946 3161 intute-

1166 3193 1236 3246 eret.
1254 3185 1295 3246 od
1306 3185 1408 3264 Comp.
1424 3183 1480 3266 fin.
1497 3184 1533 3245 de
1552 3183 1662 3246 coedit.
1680 3203 1783 3266 oppos.
1802 3183 1882 3246 Pirh.
1899 3179 1942 3240 tit.
1994 3253 1995 3256 Ἴ

1166 3278 1196 3352 4,
1213 3274 1258 3334 tit.
1275 3278 1305 3342 5,
1321 3275 1382 3352 52,
1398 3293 1428 3334 6.
1446 3275 1477 3350 3,
1494 3274 1605 3335 Avers.
1621 3293 1651 3355 q.
1669 3277 1699 3342 5,
1716 3282 1787 3335 sect.
1806 3277 1835 3349 1,
1849 3274 1944 3333 contra

1166 3362 1279 3423 Konin.
1302 3363 1342 3423 Et
1365 3361 1499 3423 sumitur
1518 3380 1556 3421 ex
1579 3362 1660 3440 lege,
1678 3362 1754 3422 Cum
1775 3359 1816 3423 cd
1835 3373 1946 3442 present
1994 3397 1995 3400 =

1167 3453 1216 3526 37,
1232 3451 1266 3530 ff.
1292 3447 1336 3511 Dc
1348 3449 1434 3510 rebus
1456 3447 1573 3510 creditis
1589 3468 1597 3508 :
1614 3452 1689 3528 Lag.
1707 3447 1856 3510 institutio
1870 3450 1946 3522 l0,et

1166 3539 1200 3617 ff.
1226 3537 1262 3600 de
1281 3538 1390 3600 condit.
1416 3547 1443 3600 et
1471 3538 1630 3600 demuma.
1656 3537 1794 3600 institut.
1818 3533 1862 3598 Dr
1880 3531 1943 3595 661.
1994 3609 1995 3612 ¹

1167 3626 1285 3708 oblip.5
1302 3625 1444 3690 Condico.
1462 3627 1551 3688 Ratio
1567 3631 1623 3705 est,
1641 3626 1717 3707 quia
1731 3627 1903 3688 contractus
1915 3639 1945 3682 er
1994 3621 1995 3624 ’

1167 3715 1327 3775 voluntate
1361 3714 1614 3777 contrahentium
1645 3713 1760 3794 accipit
1794 3715 1891 3793 legem
1921 3709 1946 3770 et

1167 3801 1389 3879 conditionem,
1406 3802 1489 3863 unde
1504 3803 1536 3863 in
1557 3802 1609 3865 cit.
1626 3803 1690 3883 leg.
1712 3801 1865 3864 Institutio
1885 3796 1946 3859 dici·

1168 3896 1219 3952 tur
1240 3890 1325 3971 quod
1348 3891 1435 3952 nulla
1457 3891 1498 3954 sit
1516 3891 1665 3968 conditio,
1683 3911 1753 3972 quae
1778 3891 1810 3953 in
1825 3883 1945 3970 preteri-

1166 3983 1234 4041 tum
1257 3978 1431 4057 confertur,
1455 3979 1505 4042 vel
1526 3980 1558 4041 in
1580 3998 1732 4059 praesens,-
1754 3979 1849 4059 idque
1868 3989 1946 4055 prop·

1167 4071 1264 4144 terea,
1283 4067 1357 4146 quia
1378 4085 1441 4129 non
1466 4067 1632 4148 suspendit
1655 4072 1772 4144 actum,
1790 4065 1843 4145 qui
1856 4061 1945 4126 statim

1167 4153 1251 4214 valet
1263 4155 1314 4214 vel
1327 4171 1390 4216 non
1413 4156 1506 4216 valet.
1530 4153 1740 4234 Suspenditur
1760 4148 1945 4230 1666666166-

1167 4241 1252 4301 modi
1267 4242 1512 4320 Matrimonium,
1529 4244 1634 4323 quoad
1648 4261 1751 4321 usum,
1770 4242 1867 4304 donec
1880 4235 1944 4300 scia·

1169 4332 1229 4405 tur,
1247 4347 1288 4388 an
1309 4329 1446 4390 conditio
1468 4331 1508 4390 sit
1531 4331 1660 4410 impleta
1679 4337 1789 4392 necne.
1808 4328 1839 4392 Si
1855 4327 1943 4387 autem

1169 4417 1306 4479 conditio
1321 4418 1362 4478 sit
1381 4417 1421 4478 de
1442 4419 1560 4496 futuro,
1576 4418 1812 4481 Matrimonium
1833 4426 1945 4492 suspeu-

1170 4505 1264 4582 ditur,
1280 4505 1375 4567 etiam
1390 4506 1494 4585 quoad
1508 4524 1600 4567 suum
1615 4525 1694 4584 esse,
1711 4523 1814 4586 neque
1827 4509 1890 4565 tum
1902 4493 1945 4558 ad·

1169 4594 1230 4654 huc
1245 4598 1293 4655 661
1308 4595 1553 4672 Matrimonium,
1569 4595 1625 4656 sed
1649 4595 1784 4656 habetur
1802 4591 1867 4654 sola
1879 4582 1944 4648 ratio

1169 4679 1373 4758 sponsalium,
1399 4681 1542 4759 quamvis
1565 4681 1650 4741 enim
1672 4697 1842 4742 consensus
1863 4669 1945 4755 possit

1171 4785 1239 4829 6666
1249 4767 1494 4841 conditionatum
1511 4768 1747 4831 Matrimonium
1765 4772 1944 4832 tamensem

1170 4875 1226 4936 per
1244 4862 1292 4918 est
1319 4856 1508 4934 absolutum,
1533 4875 1636 4938 neque
1665 4862 1713 4920 est
1731 4861 1802 4920 ante
1828 4849 1943 4933 positam

1170 4943 1397 5018 conditionem
1415 4944 1530 5005 Sanch.
1548 4946 1626 5007 Gob.
1644 4953 1731 5007 treet.
1748 4949 1777 5023 9,
1794 4959 1872 5003 uum.
1886 4935 1942 5031 821-

1211 5033 1307 5113 Objic.
1329 5033 1412 5095 Talis
1426 5033 1539 5095 modus
1555 5033 1762 5097 contrahendi
1783 5030 1840 5093 suh
1853 5020 1944 5090 condr-

1168 5122 1252 5183 tioue
1267 5121 1409 5202 ignorata
1424 5141 1487 5184 non
1509 5123 1656 5202 exprimit
1670 5120 1871 5185 determinate
1883 5127 1945 5174 con·

1169 5225 1295 5268 sensum
1315 5211 1377 5270 tam
1392 5227 1504 5288 parum
1526 5211 1665 5289 quamsi
1685 5209 1789 5271 dicas:
1814 5204 1895 5276 duco,
1908 5193 1945 5256 vd

1168 5315 1225 5356 aon
1240 5296 1314 5358 duco
1329 5306 1366 5358 tc.
1388 5300 1470 5376 Ergo
1486 5297 1582 5359 etiam
1596 5299 1715 5360 valebit
1728 5299 1753 5360 si
1767 5295 1870 5357 dicas.-
1883 5285 1943 5347 dom

1168 5395 1205 5454 te,
1220 5387 1247 5446 si
1258 5387 1335 5448 Dera
1352 5383 1520 5467 prevideat
1532 5386 1661 5466 fratrea
1680 5394 1763 5447 tuum
1785 5385 1942 5443 6616161441

1168 5473 1357 5536 moriturum.
1375 5475 1467 5552 Resp.
1484 5472 1526 5536 ad
1541 5477 1570 5536 l.
1587 5491 1653 5556 666.
1670 5491 1725 5536 aas.
1742 5487 1813 5534 nam
1827 5481 1883 5530 666
1895 5459 1942 5522 ho·
