<?xml version="1.0" encoding="UTF-8"?>
<!DOCTYPE html PUBLIC "-//W3C//DTD XHTML 1.0 Transitional//EN"
    "http://www.w3.org/TR/xhtml1/DTD/xhtml1-transitional.dtd">
<html xmlns="http://www.w3.org/1999/xhtml" xml:lang="en" lang="en">
 <head>
  <title>
</title>
<meta http-equiv="Content-Type" content="text/html;charset=utf-8" />
  <meta name='ocr-system' content='tesseract 3.04.00' />
  <meta name='ocr-capabilities' content='ocr_page ocr_carea ocr_par ocr_line ocrx_word'/>
</head>
<body>
  <div class='ocr_page' id='page_1' title='image "./theologiamorali00diongoog_0747.png"; bbox 0 0 4012 6354; ppageno 0'>
   <div class='ocr_carea' id='block_1_1' title="bbox 357 509 1357 626">
    <p class='ocr_par' dir='ltr' id='par_1_1' title="bbox 357 509 1357 626">
     <span class='ocr_line' id='line_1_1' title="bbox 357 509 1357 626; baseline 0 -52"><span class='ocrx_word' id='word_1_1' title='bbox 357 512 378 574; x_wconf 88' lang='lat' dir='ltr'>S</span> <span class='ocrx_word' id='word_1_2' title='bbox 624 606 631 626; x_wconf 88' lang='lat'><strong>.</strong></span> <span class='ocrx_word' id='word_1_3' title='bbox 722 509 842 571; x_wconf 82' lang='lat' dir='ltr'>lnonx</span> <span class='ocrx_word' id='word_1_4' title='bbox 857 509 1036 572; x_wconf 69' lang='lat' dir='ltr'>GASUUM.</span> <span class='ocrx_word' id='word_1_5' title='bbox 1336 516 1357 574; x_wconf 93' lang='lat' dir='ltr'>S</span> 
     </span>
    </p>
   </div>
   <div class='ocr_carea' id='block_1_2' title="bbox 54 693 842 1261">
    <p class='ocr_par' dir='ltr' id='par_1_2' title="bbox 55 693 842 904">
     <span class='ocr_line' id='line_1_2' title="bbox 79 693 841 762; baseline -0.008 -12"><span class='ocrx_word' id='word_1_6' title='bbox 79 699 217 750; x_wconf 80' lang='lat' dir='ltr'>instructio</span> <span class='ocrx_word' id='word_1_7' title='bbox 230 699 263 750; x_wconf 85' lang='grc' dir='ltr'>ιιι</span> <span class='ocrx_word' id='word_1_8' title='bbox 278 710 353 762; x_wconf 85' lang='lat' dir='ltr'>spem</span> <span class='ocrx_word' id='word_1_9' title='bbox 381 697 440 748; x_wconf 88' lang='lat' dir='ltr'>lieri</span> <span class='ocrx_word' id='word_1_10' title='bbox 462 697 546 749; x_wconf 88' lang='lat' dir='ltr'>debet</span> <span class='ocrx_word' id='word_1_11' title='bbox 570 695 742 760; x_wconf 83' lang='lat' dir='ltr'>explicando,</span> <span class='ocrx_word' id='word_1_12' title='bbox 774 693 841 757; x_wconf 92' lang='lat' dir='ltr'>quid</span> 
     </span>
     <span class='ocr_line' id='line_1_3' title="bbox 55 768 842 835; baseline -0.004 -14"><span class='ocrx_word' id='word_1_13' title='bbox 55 770 163 834; x_wconf 86' lang='lat' dir='ltr'>sitspcs,</span> <span class='ocrx_word' id='word_1_14' title='bbox 187 771 256 835; x_wconf 91' lang='lat' dir='ltr'>quod</span> <span class='ocrx_word' id='word_1_15' title='bbox 280 771 338 834; x_wconf 83' lang='lat' dir='ltr'>ejus</span> <span class='ocrx_word' id='word_1_16' title='bbox 363 770 511 834; x_wconf 85' lang='lat' dir='ltr'>objectum,</span> <span class='ocrx_word' id='word_1_17' title='bbox 537 769 681 831; x_wconf 80' lang='lat' dir='ltr'>motivum,</span> <span class='ocrx_word' id='word_1_18' title='bbox 697 771 760 830; x_wconf 81' lang='lat' dir='ltr'>etc,</span> <span class='ocrx_word' id='word_1_19' title='bbox 776 768 842 818; x_wconf 89' lang='lat' dir='ltr'>item</span> 
     </span>
     <span class='ocr_line' id='line_1_4' title="bbox 55 842 598 904; baseline -0.004 -12"><span class='ocrx_word' id='word_1_20' title='bbox 55 842 306 904; x_wconf 88' lang='lat' dir='ltr'>comparationibus,</span> <span class='ocrx_word' id='word_1_21' title='bbox 320 844 382 903; x_wconf 80' lang='lat' dir='ltr'>eta,</span> <span class='ocrx_word' id='word_1_22' title='bbox 396 855 411 890; x_wconf 89' lang='lat' dir='ltr'>a</span> <span class='ocrx_word' id='word_1_23' title='bbox 426 855 453 891; x_wconf 93' lang='lat' dir='ltr'>n.</span> <span class='ocrx_word' id='word_1_24' title='bbox 470 843 524 902; x_wconf 87' lang='lat' dir='ltr'>llil,</span> <span class='ocrx_word' id='word_1_25' title='bbox 545 843 598 892; x_wconf 68' lang='lat' dir='ltr'>lit.</span> 
     </span>
    </p>

    <p class='ocr_par' dir='ltr' id='par_1_3' title="bbox 58 909 841 1046">
     <span class='ocr_line' id='line_1_5' title="bbox 81 909 841 975; baseline -0.007 -11"><span class='ocrx_word' id='word_1_26' title='bbox 81 914 142 975; x_wconf 83' lang='lat' dir='ltr'>Spes</span> <span class='ocrx_word' id='word_1_27' title='bbox 153 926 208 964; x_wconf 93' lang='lat' dir='ltr'>non</span> <span class='ocrx_word' id='word_1_28' title='bbox 225 916 265 962; x_wconf 87' lang='lat' dir='ltr'>est</span> <span class='ocrx_word' id='word_1_29' title='bbox 278 913 439 962; x_wconf 87' lang='lat' dir='ltr'>necessaria</span> <span class='ocrx_word' id='word_1_30' title='bbox 454 912 489 962; x_wconf 90' lang='lat' dir='ltr'>ad</span> <span class='ocrx_word' id='word_1_31' title='bbox 506 911 672 972; x_wconf 82' lang='lat' dir='ltr'>Orationem,</span> <span class='ocrx_word' id='word_1_32' title='bbox 692 912 771 974; x_wconf 88' lang='lat' dir='ltr'>prout</span> <span class='ocrx_word' id='word_1_33' title='bbox 785 909 841 959; x_wconf 75' lang='lat' dir='ltr'>hac</span> 
     </span>
     <span class='ocr_line' id='line_1_6' title="bbox 58 983 718 1046; baseline -0.003 -12"><span class='ocrx_word' id='word_1_34' title='bbox 58 991 94 1034; x_wconf 84' lang='lat' dir='ltr'>cst</span> <span class='ocrx_word' id='word_1_35' title='bbox 107 985 214 1046; x_wconf 83' lang='lat' dir='ltr'>praecise</span> <span class='ocrx_word' id='word_1_36' title='bbox 232 985 300 1044; x_wconf 86' lang='lat' dir='ltr'>laus,</span> <span class='ocrx_word' id='word_1_37' title='bbox 318 987 345 1032; x_wconf 86' lang='lat' dir='ltr'>et</span> <span class='ocrx_word' id='word_1_38' title='bbox 360 984 449 1034; x_wconf 87' lang='lat' dir='ltr'>cultus</span> <span class='ocrx_word' id='word_1_39' title='bbox 463 983 521 1044; x_wconf 90' lang='lat' dir='ltr'>Dei,</span> <span class='ocrx_word' id='word_1_40' title='bbox 536 983 553 1032; x_wconf 94' lang='lat' dir='ltr'>l.</span> <span class='ocrx_word' id='word_1_41' title='bbox 570 986 592 1044; x_wconf 88' lang='lat' dir='ltr'>l,</span> <span class='ocrx_word' id='word_1_42' title='bbox 608 996 634 1032; x_wconf 90' lang='lat' dir='ltr'>o.</span> <span class='ocrx_word' id='word_1_43' title='bbox 650 983 718 1034; x_wconf 79' lang='grc'><strong>1349.</strong></span> 
     </span>
    </p>

    <p class='ocr_par' dir='ltr' id='par_1_4' title="bbox 54 1053 840 1261">
     <span class='ocr_line' id='line_1_7' title="bbox 80 1053 840 1119; baseline -0.003 -15"><span class='ocrx_word' id='word_1_44' title='bbox 80 1054 117 1104; x_wconf 81' lang='grc' dir='ltr'>ιι</span> <span class='ocrx_word' id='word_1_45' title='bbox 138 1058 165 1105; x_wconf 84' lang='grc' dir='ltr'>ιι</span> <span class='ocrx_word' id='word_1_46' title='bbox 191 1054 278 1119; x_wconf 89' lang='lat' dir='ltr'>qualis</span> <span class='ocrx_word' id='word_1_47' title='bbox 303 1068 363 1116; x_wconf 88' lang='lat' dir='ltr'>spes</span> <span class='ocrx_word' id='word_1_48' title='bbox 384 1056 547 1118; x_wconf 79' lang='lat' dir='ltr'>requiratur</span> <span class='ocrx_word' id='word_1_49' title='bbox 561 1055 594 1103; x_wconf 89' lang='lat' dir='ltr'>ad</span> <span class='ocrx_word' id='word_1_50' title='bbox 607 1053 840 1118; x_wconf 77' lang='lat' dir='ltr'>justificationem,</span> 
     </span>
     <span class='ocr_line' id='line_1_8' title="bbox 54 1125 839 1190; baseline -0.001 -15"><span class='ocrx_word' id='word_1_51' title='bbox 54 1125 154 1190; x_wconf 89' lang='lat' dir='ltr'>quando</span> <span class='ocrx_word' id='word_1_52' title='bbox 168 1139 200 1176; x_wconf 86' lang='lat' dir='ltr'>cu</span> <span class='ocrx_word' id='word_1_53' title='bbox 214 1126 323 1188; x_wconf 88' lang='lat' dir='ltr'>obligat,</span> <span class='ocrx_word' id='word_1_54' title='bbox 339 1130 400 1186; x_wconf 80' lang='lat' dir='ltr'>etc,</span> <span class='ocrx_word' id='word_1_55' title='bbox 419 1127 483 1190; x_wconf 93' lang='lat' dir='ltr'>qaia</span> <span class='ocrx_word' id='word_1_56' title='bbox 498 1126 532 1176; x_wconf 87' lang='lat' dir='ltr'>de</span> <span class='ocrx_word' id='word_1_57' title='bbox 550 1140 580 1177; x_wconf 88' lang='lat' dir='ltr'>ea</span> <span class='ocrx_word' id='word_1_58' title='bbox 592 1139 654 1176; x_wconf 89' lang='lat' dir='ltr'>eum</span> <span class='ocrx_word' id='word_1_59' title='bbox 665 1125 839 1190; x_wconf 81' lang='lat' dir='ltr'>proportione</span> 
     </span>
     <span class='ocr_line' id='line_1_9' title="bbox 54 1194 662 1261; baseline 0.003 -15"><span class='ocrx_word' id='word_1_60' title='bbox 54 1194 145 1259; x_wconf 82' lang='lat' dir='ltr'>salsus,</span> <span class='ocrx_word' id='word_1_61' title='bbox 161 1209 222 1261; x_wconf 75' lang='lat' dir='ltr'>quas</span> <span class='ocrx_word' id='word_1_62' title='bbox 235 1196 308 1248; x_wconf 83' lang='lat' dir='ltr'>dicia</span> <span class='ocrx_word' id='word_1_63' title='bbox 323 1200 388 1248; x_wconf 89' lang='lat' dir='ltr'>sunt</span> <span class='ocrx_word' id='word_1_64' title='bbox 402 1197 435 1247; x_wconf 90' lang='lat' dir='ltr'>de</span> <span class='ocrx_word' id='word_1_65' title='bbox 453 1197 515 1248; x_wconf 85' lang='lat' dir='ltr'>ilde.</span> <span class='ocrx_word' id='word_1_66' title='bbox 535 1196 565 1250; x_wconf 91' lang='lat' dir='ltr'>v.</span> <span class='ocrx_word' id='word_1_67' title='bbox 581 1196 662 1248; x_wconf 80' lang='lat' dir='ltr'><strong><em>Fides.</em></strong></span> 
     </span>
    </p>
   </div>
   <div class='ocr_carea' id='block_1_3' title="bbox 348 1311 538 1364">
    <p class='ocr_par' dir='ltr' id='par_1_5' title="bbox 348 1311 538 1364">
     <span class='ocr_line' id='line_1_10' title="bbox 348 1311 538 1364; baseline 0 -2"><span class='ocrx_word' id='word_1_68' title='bbox 348 1311 538 1364; x_wconf 74' lang='lat' dir='ltr'><strong>SPONSALIA.</strong></span> 
     </span>
    </p>
   </div>
   <div class='ocr_carea' id='block_1_4' title="bbox 12 1389 840 5500">
    <p class='ocr_par' dir='ltr' id='par_1_6' title="bbox 51 1389 840 2379">
     <span class='ocr_line' id='line_1_11' title="bbox 80 1389 840 1466; baseline -0.005 -12"><span class='ocrx_word' id='word_1_69' title='bbox 80 1389 294 1466; x_wconf 83' lang='lat' dir='ltr'>Sponsalia&#39;snut</span> <span class='ocrx_word' id='word_1_70' title='bbox 306 1400 449 1465; x_wconf 84' lang='lat' dir='ltr'>promissio</span> <span class='ocrx_word' id='word_1_71' title='bbox 464 1401 633 1462; x_wconf 86' lang='lat' dir='ltr'>voluntaria,</span> <span class='ocrx_word' id='word_1_72' title='bbox 648 1399 798 1450; x_wconf 88' lang='lat' dir='ltr'>deliberato</span> <span class='ocrx_word' id='word_1_73' title='bbox 814 1402 840 1450; x_wconf 89' lang='lat' dir='ltr'>et</span> 
     </span>
     <span class='ocr_line' id='line_1_12' title="bbox 52 1471 839 1536; baseline -0.003 -14"><span class='ocrx_word' id='word_1_74' title='bbox 52 1477 150 1534; x_wconf 87' lang='lat' dir='ltr'>mutua,</span> <span class='ocrx_word' id='word_1_75' title='bbox 171 1473 249 1536; x_wconf 86' lang='lat' dir='ltr'>siguo</span> <span class='ocrx_word' id='word_1_76' title='bbox 275 1472 398 1524; x_wconf 80' lang='lat' dir='ltr'>sensibili</span> <span class='ocrx_word' id='word_1_77' title='bbox 422 1486 558 1536; x_wconf 84' lang='lat' dir='ltr'>expresso,</span> <span class='ocrx_word' id='word_1_78' title='bbox 574 1473 657 1523; x_wconf 88' lang='lat' dir='ltr'>lutari</span> <span class='ocrx_word' id='word_1_79' title='bbox 672 1471 839 1522; x_wconf 82' lang='lat' dir='ltr'>Matrimonii</span> 
     </span>
     <span class='ocr_line' id='line_1_13' title="bbox 52 1543 839 1608; baseline 0 -16"><span class='ocrx_word' id='word_1_80' title='bbox 52 1543 256 1606; x_wconf 87' lang='lat' dir='ltr'>interpersonas</span> <span class='ocrx_word' id='word_1_81' title='bbox 270 1545 330 1608; x_wconf 86' lang='lat' dir='ltr'>jure</span> <span class='ocrx_word' id='word_1_82' title='bbox 346 1543 462 1604; x_wconf 82' lang='lat' dir='ltr'>babilas,</span> <span class='ocrx_word' id='word_1_83' title='bbox 482 1544 499 1594; x_wconf 93' lang='lat' dir='ltr'>l.</span> <span class='ocrx_word' id='word_1_84' title='bbox 515 1546 538 1606; x_wconf 93' lang='grc'>6,</span> <span class='ocrx_word' id='word_1_85' title='bbox 561 1558 586 1608; x_wconf 92' lang='lat' dir='ltr'>p.</span> <span class='ocrx_word' id='word_1_86' title='bbox 604 1545 628 1606; x_wconf 84' lang='grc'>3,</span> <span class='ocrx_word' id='word_1_87' title='bbox 644 1557 671 1593; x_wconf 92' lang='grc' dir='ltr'>ι.</span> <span class='ocrx_word' id='word_1_88' title='bbox 686 1545 710 1604; x_wconf 83' lang='lat' dir='ltr'>a,</span> <span class='ocrx_word' id='word_1_89' title='bbox 727 1545 764 1594; x_wconf 84' lang='lat' dir='ltr'>il.</span> <span class='ocrx_word' id='word_1_90' title='bbox 779 1543 839 1593; x_wconf 89' lang='lat' dir='ltr'>Non</span> 
     </span>
     <span class='ocr_line' id='line_1_14' title="bbox 52 1611 837 1677; baseline 0.001 -16"><span class='ocrx_word' id='word_1_91' title='bbox 52 1615 88 1661; x_wconf 86' lang='lat' dir='ltr'>est</span> <span class='ocrx_word' id='word_1_92' title='bbox 101 1626 165 1675; x_wconf 90' lang='lat' dir='ltr'>opus</span> <span class='ocrx_word' id='word_1_93' title='bbox 190 1626 223 1663; x_wconf 89' lang='lat' dir='ltr'>ea</span> <span class='ocrx_word' id='word_1_94' title='bbox 244 1611 302 1662; x_wconf 86' lang='lat' dir='ltr'>fieri</span> <span class='ocrx_word' id='word_1_95' title='bbox 315 1617 379 1661; x_wconf 88' lang='lat' dir='ltr'>ante</span> <span class='ocrx_word' id='word_1_96' title='bbox 396 1613 610 1674; x_wconf 88' lang='lat' dir='ltr'>Matrimonium,</span> <span class='ocrx_word' id='word_1_97' title='bbox 626 1612 750 1677; x_wconf 82' lang='lat' dir='ltr'>quamvis</span> <span class='ocrx_word' id='word_1_98' title='bbox 764 1625 837 1662; x_wconf 82' lang='lat' dir='ltr'>conr-</span> 
     </span>
     <span class='ocr_line' id='line_1_15' title="bbox 52 1681 833 1745; baseline -0.004 -14"><span class='ocrx_word' id='word_1_99' title='bbox 52 1682 161 1732; x_wconf 87' lang='lat' dir='ltr'>muuiter</span> <span class='ocrx_word' id='word_1_100' title='bbox 179 1683 330 1745; x_wconf 75' lang='lat' dir='ltr'>praecedere</span> <span class='ocrx_word' id='word_1_101' title='bbox 353 1681 451 1742; x_wconf 89' lang='lat' dir='ltr'>solent,</span> <span class='ocrx_word' id='word_1_102' title='bbox 474 1696 501 1732; x_wconf 92' lang='lat' dir='ltr'>u.</span> <span class='ocrx_word' id='word_1_103' title='bbox 527 1685 565 1732; x_wconf 89' lang='lat' dir='ltr'>l5.</span> <span class='ocrx_word' id='word_1_104' title='bbox 582 1683 688 1732; x_wconf 84' lang='lat' dir='ltr'>Debent</span> <span class='ocrx_word' id='word_1_105' title='bbox 704 1695 735 1730; x_wconf 89' lang='lat' dir='ltr'>en</span> <span class='ocrx_word' id='word_1_106' title='bbox 753 1681 833 1743; x_wconf 85' lang='lat' dir='ltr'>siguo</span> 
     </span>
     <span class='ocr_line' id='line_1_16' title="bbox 52 1752 838 1816; baseline -0.001 -15"><span class='ocrx_word' id='word_1_107' title='bbox 52 1757 154 1804; x_wconf 82' lang='lat' dir='ltr'>externo</span> <span class='ocrx_word' id='word_1_108' title='bbox 179 1752 356 1814; x_wconf 76' lang='lat' dir='ltr'>manifestari,</span> <span class='ocrx_word' id='word_1_109' title='bbox 381 1752 447 1803; x_wconf 87' lang='lat' dir='ltr'>ibid.</span> <span class='ocrx_word' id='word_1_110' title='bbox 473 1753 511 1804; x_wconf 80' lang='lat' dir='ltr'>Ad</span> <span class='ocrx_word' id='word_1_111' title='bbox 532 1753 652 1804; x_wconf 76' lang='lat' dir='ltr'>valorem</span> <span class='ocrx_word' id='word_1_112' title='bbox 669 1753 838 1816; x_wconf 89' lang='lat' dir='ltr'>sponsalium</span> 
     </span>
     <span class='ocr_line' id='line_1_17' title="bbox 52 1821 839 1886; baseline -0.003 -14"><span class='ocrx_word' id='word_1_113' title='bbox 52 1835 100 1872; x_wconf 93' lang='lat' dir='ltr'>nou</span> <span class='ocrx_word' id='word_1_114' title='bbox 114 1823 262 1885; x_wconf 82' lang='lat' dir='ltr'>requiritur</span> <span class='ocrx_word' id='word_1_115' title='bbox 275 1821 405 1874; x_wconf 84' lang='lat' dir='ltr'>voluntas</span> <span class='ocrx_word' id='word_1_116' title='bbox 417 1835 448 1872; x_wconf 87' lang='lat' dir='ltr'>ea</span> <span class='ocrx_word' id='word_1_117' title='bbox 462 1822 639 1886; x_wconf 90' lang='lat' dir='ltr'>adimplendi,</span> <span class='ocrx_word' id='word_1_118' title='bbox 655 1836 682 1872; x_wconf 92' lang='lat' dir='ltr'>n.</span> <span class='ocrx_word' id='word_1_119' title='bbox 693 1824 730 1872; x_wconf 82' lang='lat' dir='ltr'>lo.</span> <span class='ocrx_word' id='word_1_120' title='bbox 742 1821 839 1885; x_wconf 86' lang='lat' dir='ltr'>Requi·</span> 
     </span>
     <span class='ocr_line' id='line_1_18' title="bbox 51 1892 837 1956; baseline -0.003 -14"><span class='ocrx_word' id='word_1_121' title='bbox 51 1892 115 1944; x_wconf 89' lang='lat' dir='ltr'>ritur</span> <span class='ocrx_word' id='word_1_122' title='bbox 134 1897 224 1944; x_wconf 86' lang='lat' dir='ltr'>lamen</span> <span class='ocrx_word' id='word_1_123' title='bbox 241 1892 408 1942; x_wconf 78' lang='lat' dir='ltr'>deliberatus</span> <span class='ocrx_word' id='word_1_124' title='bbox 430 1905 589 1955; x_wconf 87' lang='lat' dir='ltr'>consensus,</span> <span class='ocrx_word' id='word_1_125' title='bbox 612 1897 706 1943; x_wconf 88' lang='lat' dir='ltr'>mutua</span> <span class='ocrx_word' id='word_1_126' title='bbox 722 1892 837 1956; x_wconf 90' lang='lat' dir='ltr'>promis-</span> 
     </span>
     <span class='ocr_line' id='line_1_19' title="bbox 52 1963 837 2028; baseline -0.003 -16"><span class='ocrx_word' id='word_1_127' title='bbox 52 1963 104 2020; x_wconf 83' lang='lat' dir='ltr'>sio,</span> <span class='ocrx_word' id='word_1_128' title='bbox 126 1975 188 2027; x_wconf 86' lang='lat' dir='ltr'>quse</span> <span class='ocrx_word' id='word_1_129' title='bbox 211 1963 344 2026; x_wconf 89' lang='lat' dir='ltr'>utrinque</span> <span class='ocrx_word' id='word_1_130' title='bbox 365 1966 503 2028; x_wconf 82' lang='lat' dir='ltr'>acceptata</span> <span class='ocrx_word' id='word_1_131' title='bbox 529 1976 585 2014; x_wconf 87' lang='lat' dir='ltr'>esse</span> <span class='ocrx_word' id='word_1_132' title='bbox 607 1963 697 2027; x_wconf 89' lang='lat' dir='ltr'>debet,</span> <span class='ocrx_word' id='word_1_133' title='bbox 721 1977 783 2012; x_wconf 89' lang='lat' dir='ltr'>an.</span> <span class='ocrx_word' id='word_1_134' title='bbox 798 1963 837 2010; x_wconf 82' lang='lat' dir='ltr'>ll.</span> 
     </span>
     <span class='ocr_line' id='line_1_20' title="bbox 51 2033 837 2098; baseline -0.004 -14"><span class='ocrx_word' id='word_1_135' title='bbox 51 2033 129 2084; x_wconf 79' lang='lat' dir='ltr'>Etiam</span> <span class='ocrx_word' id='word_1_136' title='bbox 140 2033 349 2097; x_wconf 82' lang='lat' dir='ltr'>praereqairitnr</span> <span class='ocrx_word' id='word_1_137' title='bbox 361 2035 396 2084; x_wconf 92' lang='lat' dir='ltr'>ad</span> <span class='ocrx_word' id='word_1_138' title='bbox 410 2035 529 2084; x_wconf 87' lang='lat' dir='ltr'>valorem</span> <span class='ocrx_word' id='word_1_139' title='bbox 545 2047 637 2084; x_wconf 90' lang='lat' dir='ltr'>eorum</span> <span class='ocrx_word' id='word_1_140' title='bbox 651 2033 837 2098; x_wconf 69' lang='lat' dir='ltr'>septennium,</span> 
     </span>
     <span class='ocr_line' id='line_1_21' title="bbox 51 2105 837 2169; baseline -0.003 -15"><span class='ocrx_word' id='word_1_141' title='bbox 51 2111 106 2154; x_wconf 87' lang='lat' dir='ltr'>ante</span> <span class='ocrx_word' id='word_1_142' title='bbox 120 2105 187 2155; x_wconf 89' lang='lat' dir='ltr'>illud</span> <span class='ocrx_word' id='word_1_143' title='bbox 203 2107 297 2155; x_wconf 88' lang='lat' dir='ltr'>tamen</span> <span class='ocrx_word' id='word_1_144' title='bbox 312 2119 343 2155; x_wconf 91' lang='lat' dir='ltr'>ea</span> <span class='ocrx_word' id='word_1_145' title='bbox 358 2105 549 2155; x_wconf 76' lang='lat' dir='ltr'>contrairemus</span> <span class='ocrx_word' id='word_1_146' title='bbox 564 2107 748 2169; x_wconf 87' lang='lat' dir='ltr'>nonpeocsnt,</span> <span class='ocrx_word' id='word_1_147' title='bbox 758 2118 784 2154; x_wconf 91' lang='lat' dir='ltr'>u.</span> <span class='ocrx_word' id='word_1_148' title='bbox 797 2106 837 2169; x_wconf 83' lang='grc' dir='ltr'>ιι,</span> 
     </span>
     <span class='ocr_line' id='line_1_22' title="bbox 52 2175 837 2240; baseline -0.003 -14"><span class='ocrx_word' id='word_1_149' title='bbox 52 2178 98 2226; x_wconf 86' lang='grc' dir='ltr'><strong>ιιι.</strong></span> <span class='ocrx_word' id='word_1_150' title='bbox 122 2176 219 2226; x_wconf 81' lang='lat' dir='ltr'>liuram</span> <span class='ocrx_word' id='word_1_151' title='bbox 244 2177 384 2240; x_wconf 79' lang='lat' dir='ltr'>incapaces</span> <span class='ocrx_word' id='word_1_152' title='bbox 408 2179 480 2237; x_wconf 90' lang='lat' dir='ltr'>sunt,</span> <span class='ocrx_word' id='word_1_153' title='bbox 505 2176 553 2238; x_wconf 95' lang='lat' dir='ltr'>qui</span> <span class='ocrx_word' id='word_1_154' title='bbox 577 2175 659 2226; x_wconf 89' lang='lat' dir='ltr'>simul</span> <span class='ocrx_word' id='word_1_155' title='bbox 673 2180 737 2226; x_wconf 90' lang='lat' dir='ltr'>suut</span> <span class='ocrx_word' id='word_1_156' title='bbox 751 2175 837 2235; x_wconf 89' lang='lat' dir='ltr'>surdi,</span> 
     </span>
     <span class='ocr_line' id='line_1_23' title="bbox 51 2247 835 2312; baseline 0 -14"><span class='ocrx_word' id='word_1_157' title='bbox 51 2249 109 2298; x_wconf 89' lang='lat' dir='ltr'>muti</span> <span class='ocrx_word' id='word_1_158' title='bbox 126 2251 153 2299; x_wconf 91' lang='lat' dir='ltr'>et</span> <span class='ocrx_word' id='word_1_159' title='bbox 164 2248 248 2308; x_wconf 74' lang='lat' dir='ltr'>caeci,</span> <span class='ocrx_word' id='word_1_160' title='bbox 273 2248 338 2298; x_wconf 88' lang='lat' dir='ltr'>item</span> <span class='ocrx_word' id='word_1_161' title='bbox 353 2249 399 2310; x_wconf 92' lang='lat' dir='ltr'>qai</span> <span class='ocrx_word' id='word_1_162' title='bbox 415 2261 470 2298; x_wconf 93' lang='lat' dir='ltr'>nou</span> <span class='ocrx_word' id='word_1_163' title='bbox 490 2250 606 2312; x_wconf 87' lang='lat' dir='ltr'>possunt</span> <span class='ocrx_word' id='word_1_164' title='bbox 622 2247 712 2298; x_wconf 88' lang='lat' dir='ltr'>valide</span> <span class='ocrx_word' id='word_1_165' title='bbox 727 2252 835 2298; x_wconf 89' lang='lat' dir='ltr'>coutra-</span> 
     </span>
     <span class='ocr_line' id='line_1_24' title="bbox 51 2317 439 2379; baseline 0 -11"><span class='ocrx_word' id='word_1_166' title='bbox 51 2317 110 2368; x_wconf 87' lang='lat' dir='ltr'>bare</span> <span class='ocrx_word' id='word_1_167' title='bbox 126 2317 342 2379; x_wconf 77' lang='lat' dir='ltr'>Matrimonium,</span> <span class='ocrx_word' id='word_1_168' title='bbox 358 2333 384 2368; x_wconf 91' lang='lat' dir='ltr'>n.</span> <span class='ocrx_word' id='word_1_169' title='bbox 400 2321 439 2368; x_wconf 78' lang='grc' dir='ltr'>ιι.</span> 
     </span>
    </p>

    <p class='ocr_par' dir='ltr' id='par_1_7' title="bbox 50 2387 837 2878">
     <span class='ocr_line' id='line_1_25' title="bbox 77 2387 837 2454; baseline -0.005 -12"><span class='ocrx_word' id='word_1_170' title='bbox 77 2389 113 2442; x_wconf 75' lang='lat' dir='ltr'>ld</span> <span class='ocrx_word' id='word_1_171' title='bbox 135 2390 274 2454; x_wconf 86' lang='lat' dir='ltr'>sponsalia</span> <span class='ocrx_word' id='word_1_172' title='bbox 298 2389 434 2440; x_wconf 88' lang='lat' dir='ltr'>ordinarie</span> <span class='ocrx_word' id='word_1_173' title='bbox 458 2403 513 2440; x_wconf 91' lang='lat' dir='ltr'>non</span> <span class='ocrx_word' id='word_1_174' title='bbox 545 2387 644 2438; x_wconf 86' lang='lat' dir='ltr'>sulflcit</span> <span class='ocrx_word' id='word_1_175' title='bbox 666 2387 837 2438; x_wconf 87' lang='lat' dir='ltr'>subarrhatio</span> 
     </span>
     <span class='ocr_line' id='line_1_26' title="bbox 51 2461 837 2525; baseline 0.004 -16"><span class='ocrx_word' id='word_1_176' title='bbox 51 2461 148 2522; x_wconf 87' lang='lat' dir='ltr'>annuli,</span> <span class='ocrx_word' id='word_1_177' title='bbox 172 2462 217 2511; x_wconf 88' lang='grc' dir='ltr'>ιιι</span> <span class='ocrx_word' id='word_1_178' title='bbox 242 2461 334 2510; x_wconf 90' lang='lat' dir='ltr'>missio</span> <span class='ocrx_word' id='word_1_179' title='bbox 352 2475 497 2511; x_wconf 91' lang='lat' dir='ltr'>munerum</span> <span class='ocrx_word' id='word_1_180' title='bbox 510 2461 659 2525; x_wconf 73' lang='lat' dir='ltr'>jocalium,</span> <span class='ocrx_word' id='word_1_181' title='bbox 675 2461 727 2510; x_wconf 92' lang='lat' dir='ltr'>nisi</span> <span class='ocrx_word' id='word_1_182' title='bbox 742 2463 837 2524; x_wconf 84' lang='lat' dir='ltr'>patriae</span> 
     </span>
     <span class='ocr_line' id='line_1_27' title="bbox 51 2531 835 2597; baseline 0.003 -17"><span class='ocrx_word' id='word_1_183' title='bbox 51 2533 208 2584; x_wconf 90' lang='lat' dir='ltr'>consuetudo</span> <span class='ocrx_word' id='word_1_184' title='bbox 222 2533 300 2584; x_wconf 84' lang='lat' dir='ltr'>aliud</span> <span class='ocrx_word' id='word_1_185' title='bbox 315 2531 423 2594; x_wconf 88' lang='lat' dir='ltr'>babeat,</span> <span class='ocrx_word' id='word_1_186' title='bbox 444 2533 484 2582; x_wconf 85' lang='lat' dir='ltr'>rel</span> <span class='ocrx_word' id='word_1_187' title='bbox 499 2533 641 2596; x_wconf 85' lang='lat' dir='ltr'>promissio</span> <span class='ocrx_word' id='word_1_188' title='bbox 662 2532 742 2583; x_wconf 89' lang='lat' dir='ltr'>unius</span> <span class='ocrx_word' id='word_1_189' title='bbox 767 2546 835 2597; x_wconf 76' lang='lat' dir='ltr'>pras-</span> 
     </span>
     <span class='ocr_line' id='line_1_28' title="bbox 51 2603 837 2667; baseline -0.001 -13"><span class='ocrx_word' id='word_1_190' title='bbox 51 2605 151 2655; x_wconf 86' lang='lat' dir='ltr'>cesserit</span> <span class='ocrx_word' id='word_1_191' title='bbox 174 2609 201 2654; x_wconf 88' lang='lat' dir='ltr'>et</span> <span class='ocrx_word' id='word_1_192' title='bbox 222 2605 295 2654; x_wconf 90' lang='lat' dir='ltr'>alter</span> <span class='ocrx_word' id='word_1_193' title='bbox 319 2603 402 2654; x_wconf 90' lang='lat' dir='ltr'>misso</span> <span class='ocrx_word' id='word_1_194' title='bbox 416 2604 519 2654; x_wconf 92' lang='lat' dir='ltr'>annulo</span> <span class='ocrx_word' id='word_1_195' title='bbox 534 2603 615 2664; x_wconf 90' lang='lat' dir='ltr'>dicat,</span> <span class='ocrx_word' id='word_1_196' title='bbox 630 2605 742 2667; x_wconf 61' lang='lat' dir='ltr'>recipim-</span> <span class='ocrx_word' id='word_1_197' title='bbox 757 2605 799 2653; x_wconf 84' lang='lat' dir='ltr'>rel</span> <span class='ocrx_word' id='word_1_198' title='bbox 814 2604 837 2653; x_wconf 91' lang='lat' dir='ltr'>si</span> 
     </span>
     <span class='ocr_line' id='line_1_29' title="bbox 51 2673 837 2739; baseline 0.003 -15"><span class='ocrx_word' id='word_1_199' title='bbox 51 2673 134 2726; x_wconf 87' lang='lat' dir='ltr'>bobilo</span> <span class='ocrx_word' id='word_1_200' title='bbox 152 2675 224 2724; x_wconf 86' lang='lat' dir='ltr'>iuter</span> <span class='ocrx_word' id='word_1_201' title='bbox 240 2674 342 2724; x_wconf 88' lang='lat' dir='ltr'>amicos</span> <span class='ocrx_word' id='word_1_202' title='bbox 356 2677 470 2724; x_wconf 87' lang='lat' dir='ltr'>tractatu</span> <span class='ocrx_word' id='word_1_203' title='bbox 497 2675 530 2724; x_wconf 89' lang='lat' dir='ltr'>de</span> <span class='ocrx_word' id='word_1_204' title='bbox 553 2675 724 2725; x_wconf 83' lang='lat' dir='ltr'>Matrimonia</span> <span class='ocrx_word' id='word_1_205' title='bbox 739 2689 837 2739; x_wconf 89' lang='lat' dir='ltr'>sponsa</span> 
     </span>
     <span class='ocr_line' id='line_1_30' title="bbox 50 2746 835 2812; baseline 0.003 -16"><span class='ocrx_word' id='word_1_206' title='bbox 50 2747 217 2798; x_wconf 87' lang='lat' dir='ltr'>submissasa</span> <span class='ocrx_word' id='word_1_207' title='bbox 234 2757 332 2808; x_wconf 88' lang='lat' dir='ltr'>sponso</span> <span class='ocrx_word' id='word_1_208' title='bbox 346 2747 439 2798; x_wconf 86' lang='lat' dir='ltr'>arrhas</span> <span class='ocrx_word' id='word_1_209' title='bbox 456 2750 483 2798; x_wconf 91' lang='lat' dir='ltr'>et</span> <span class='ocrx_word' id='word_1_210' title='bbox 498 2760 609 2798; x_wconf 88' lang='lat' dir='ltr'>munera</span> <span class='ocrx_word' id='word_1_211' title='bbox 624 2746 723 2810; x_wconf 79' lang='lat' dir='ltr'>iocalia</span> <span class='ocrx_word' id='word_1_212' title='bbox 740 2761 835 2812; x_wconf 87' lang='lat' dir='ltr'>accep-</span> 
     </span>
     <span class='ocr_line' id='line_1_31' title="bbox 50 2819 211 2878; baseline 0.006 -11"><span class='ocrx_word' id='word_1_213' title='bbox 50 2819 114 2878; x_wconf 89' lang='lat' dir='ltr'>tarit,</span> <span class='ocrx_word' id='word_1_214' title='bbox 129 2833 154 2868; x_wconf 91' lang='lat' dir='ltr'>n.</span> <span class='ocrx_word' id='word_1_215' title='bbox 170 2819 211 2868; x_wconf 90' lang='grc'>44.</span> 
     </span>
    </p>

    <p class='ocr_par' dir='ltr' id='par_1_8' title="bbox 12 2886 837 5500">
     <span class='ocr_line' id='line_1_32' title="bbox 77 2886 837 2952; baseline 0 -12"><span class='ocrx_word' id='word_1_216' title='bbox 77 2889 212 2952; x_wconf 85' lang='lat' dir='ltr'>Sponsalin</span> <span class='ocrx_word' id='word_1_217' title='bbox 248 2886 372 2950; x_wconf 90' lang='lat' dir='ltr'>obligant</span> <span class='ocrx_word' id='word_1_218' title='bbox 393 2888 428 2938; x_wconf 90' lang='lat' dir='ltr'>ad</span> <span class='ocrx_word' id='word_1_219' title='bbox 453 2888 602 2938; x_wconf 90' lang='lat' dir='ltr'>ineundum</span> <span class='ocrx_word' id='word_1_220' title='bbox 633 2888 837 2942; x_wconf 78' lang='lat' dir='ltr'>Matrimonium</span> 
     </span>
     <span class='ocr_line' id='line_1_33' title="bbox 48 2957 837 3023; baseline 0.004 -15"><span class='ocrx_word' id='word_1_221' title='bbox 48 2959 95 3008; x_wconf 85' lang='lat' dir='ltr'>sub</span> <span class='ocrx_word' id='word_1_222' title='bbox 110 2963 219 3023; x_wconf 87' lang='lat' dir='ltr'>peccato</span> <span class='ocrx_word' id='word_1_223' title='bbox 236 2957 355 3020; x_wconf 88' lang='lat' dir='ltr'>mortali,</span> <span class='ocrx_word' id='word_1_224' title='bbox 379 2959 397 3008; x_wconf 92' lang='lat' dir='ltr'>l.</span> <span class='ocrx_word' id='word_1_225' title='bbox 419 2961 443 3020; x_wconf 82' lang='grc' dir='ltr'>ι,</span> <span class='ocrx_word' id='word_1_226' title='bbox 469 2974 494 3022; x_wconf 91' lang='lat' dir='ltr'>p.</span> <span class='ocrx_word' id='word_1_227' title='bbox 518 2961 542 3020; x_wconf 83' lang='lat'>³,</span> <span class='ocrx_word' id='word_1_228' title='bbox 561 2973 586 3009; x_wconf 93' lang='lat' dir='ltr'>u.</span> <span class='ocrx_word' id='word_1_229' title='bbox 604 2961 643 3018; x_wconf 82' lang='lat' dir='ltr'>ill,</span> <span class='ocrx_word' id='word_1_230' title='bbox 661 2961 837 3012; x_wconf 64' lang='lat' dir='ltr'>imitatatio</span> 
     </span>
     <span class='ocr_line' id='line_1_34' title="bbox 49 3029 835 3094; baseline 0.004 -16"><span class='ocrx_word' id='word_1_231' title='bbox 49 3029 101 3079; x_wconf 87' lang='lat' dir='ltr'>sius</span> <span class='ocrx_word' id='word_1_232' title='bbox 126 3029 239 3093; x_wconf 79' lang='lat' dir='ltr'>praeiixo</span> <span class='ocrx_word' id='word_1_233' title='bbox 264 3031 383 3079; x_wconf 88' lang='lat' dir='ltr'>termino</span> <span class='ocrx_word' id='word_1_234' title='bbox 407 3030 540 3094; x_wconf 86' lang='lat' dir='ltr'>obligant,</span> <span class='ocrx_word' id='word_1_235' title='bbox 563 3044 611 3093; x_wconf 92' lang='lat' dir='ltr'>per</span> <span class='ocrx_word' id='word_1_236' title='bbox 630 3045 657 3080; x_wconf 89' lang='lat' dir='ltr'>se</span> <span class='ocrx_word' id='word_1_237' title='bbox 681 3029 835 3094; x_wconf 88' lang='lat' dir='ltr'>loquendo,</span> 
     </span>
     <span class='ocr_line' id='line_1_35' title="bbox 50 3100 835 3164; baseline 0.006 -16"><span class='ocrx_word' id='word_1_238' title='bbox 50 3101 244 3163; x_wconf 80' lang='lat' dir='ltr'>quamprimum</span> <span class='ocrx_word' id='word_1_239' title='bbox 263 3101 404 3150; x_wconf 87' lang='lat' dir='ltr'>commode</span> <span class='ocrx_word' id='word_1_240' title='bbox 429 3100 487 3149; x_wconf 86' lang='lat' dir='ltr'>lieri</span> <span class='ocrx_word' id='word_1_241' title='bbox 511 3104 608 3164; x_wconf 79' lang='lat' dir='ltr'>potest,</span> <span class='ocrx_word' id='word_1_242' title='bbox 624 3101 666 3150; x_wconf 82' lang='lat' dir='ltr'>rel</span> <span class='ocrx_word' id='word_1_243' title='bbox 682 3102 703 3150; x_wconf 87' lang='lat' dir='ltr'>si</span> <span class='ocrx_word' id='word_1_244' title='bbox 723 3105 835 3164; x_wconf 89' lang='lat' dir='ltr'>promit-</span> 
     </span>
     <span class='ocr_line' id='line_1_36' title="bbox 49 3172 835 3237; baseline 0.005 -17"><span class='ocrx_word' id='word_1_245' title='bbox 49 3174 102 3221; x_wconf 85' lang='lat' dir='ltr'>taus</span> <span class='ocrx_word' id='word_1_246' title='bbox 121 3186 136 3224; x_wconf 87' lang='lat' dir='ltr'>a</span> <span class='ocrx_word' id='word_1_247' title='bbox 160 3172 336 3236; x_wconf 77' lang='lat' dir='ltr'>promissorio</span> <span class='ocrx_word' id='word_1_248' title='bbox 355 3173 518 3235; x_wconf 89' lang='lat' dir='ltr'>requiratur,</span> <span class='ocrx_word' id='word_1_249' title='bbox 533 3175 580 3220; x_wconf 88' lang='lat' dir='ltr'>aut</span> <span class='ocrx_word' id='word_1_250' title='bbox 594 3184 644 3235; x_wconf 92' lang='lat' dir='ltr'>pro</span> <span class='ocrx_word' id='word_1_251' title='bbox 659 3186 733 3222; x_wconf 90' lang='lat' dir='ltr'>more</span> <span class='ocrx_word' id='word_1_252' title='bbox 748 3174 835 3237; x_wconf 84' lang='lat' dir='ltr'>ragio-</span> 
     </span>
     <span class='ocr_line' id='line_1_37' title="bbox 49 3241 835 3304; baseline 0.003 -12"><span class='ocrx_word' id='word_1_253' title='bbox 49 3241 95 3302; x_wconf 88' lang='lat' dir='ltr'>nis,</span> <span class='ocrx_word' id='word_1_254' title='bbox 117 3257 141 3292; x_wconf 94' lang='lat' dir='ltr'>n.</span> <span class='ocrx_word' id='word_1_255' title='bbox 164 3244 204 3304; x_wconf 79' lang='lat' dir='ltr'>ar,</span> <span class='ocrx_word' id='word_1_256' title='bbox 232 3243 269 3292; x_wconf 82' lang='grc'><strong>61.</strong></span> <span class='ocrx_word' id='word_1_257' title='bbox 292 3241 344 3291; x_wconf 89' lang='lat' dir='ltr'>Diu</span> <span class='ocrx_word' id='word_1_258' title='bbox 368 3244 427 3292; x_wconf 90' lang='lat' dir='ltr'>siue</span> <span class='ocrx_word' id='word_1_259' title='bbox 443 3255 523 3293; x_wconf 85' lang='lat' dir='ltr'>causa</span> <span class='ocrx_word' id='word_1_260' title='bbox 539 3241 640 3292; x_wconf 86' lang='lat' dir='ltr'>dillerri</span> <span class='ocrx_word' id='word_1_261' title='bbox 656 3255 710 3291; x_wconf 93' lang='lat' dir='ltr'>non</span> <span class='ocrx_word' id='word_1_262' title='bbox 725 3242 835 3299; x_wconf 87' lang='lat' dir='ltr'>debent,</span> 
     </span>
     <span class='ocr_line' id='line_1_38' title="bbox 48 3312 835 3376; baseline 0.004 -17"><span class='ocrx_word' id='word_1_263' title='bbox 48 3314 183 3372; x_wconf 74' lang='lat' dir='ltr'>otiloni</span> <span class='ocrx_word' id='word_1_264' title='bbox 203 3312 332 3364; x_wconf 88' lang='lat' dir='ltr'>simulato</span> <span class='ocrx_word' id='word_1_265' title='bbox 357 3313 449 3364; x_wconf 90' lang='lat' dir='ltr'>animo</span> <span class='ocrx_word' id='word_1_266' title='bbox 474 3314 599 3376; x_wconf 86' lang='lat' dir='ltr'>promisit</span> <span class='ocrx_word' id='word_1_267' title='bbox 619 3313 835 3376; x_wconf 86' lang='lat' dir='ltr'>Matrimonium,</span> 
     </span>
     <span class='ocr_line' id='line_1_39' title="bbox 49 3384 834 3448; baseline 0.005 -16"><span class='ocrx_word' id='word_1_268' title='bbox 49 3395 97 3432; x_wconf 92' lang='lat' dir='ltr'>non</span> <span class='ocrx_word' id='word_1_269' title='bbox 109 3385 253 3447; x_wconf 88' lang='lat' dir='ltr'>obligatur,</span> <span class='ocrx_word' id='word_1_270' title='bbox 280 3397 326 3448; x_wconf 90' lang='lat' dir='ltr'>per</span> <span class='ocrx_word' id='word_1_271' title='bbox 341 3397 368 3434; x_wconf 91' lang='lat' dir='ltr'>se</span> <span class='ocrx_word' id='word_1_272' title='bbox 386 3384 538 3448; x_wconf 90' lang='lat' dir='ltr'>loquendo,</span> <span class='ocrx_word' id='word_1_273' title='bbox 553 3385 586 3434; x_wconf 92' lang='lat' dir='ltr'>ad</span> <span class='ocrx_word' id='word_1_274' title='bbox 602 3386 720 3447; x_wconf 89' lang='lat' dir='ltr'>nuptias,</span> <span class='ocrx_word' id='word_1_275' title='bbox 736 3384 834 3436; x_wconf 75' lang='lat' dir='ltr'>alamus</span> 
     </span>
     <span class='ocr_line' id='line_1_40' title="bbox 43 3455 835 3519; baseline 0.003 -17"><span class='ocrx_word' id='word_1_276' title='bbox 43 3456 130 3504; x_wconf 87' lang='lat' dir='ltr'>lumen</span> <span class='ocrx_word' id='word_1_277' title='bbox 145 3455 206 3505; x_wconf 90' lang='lat' dir='ltr'>ideo</span> <span class='ocrx_word' id='word_1_278' title='bbox 223 3459 332 3505; x_wconf 88' lang='lat' dir='ltr'>causata</span> <span class='ocrx_word' id='word_1_279' title='bbox 347 3458 456 3506; x_wconf 88' lang='lat' dir='ltr'>tenetur</span> <span class='ocrx_word' id='word_1_280' title='bbox 471 3456 600 3506; x_wconf 88' lang='lat' dir='ltr'>resarcire</span> <span class='ocrx_word' id='word_1_281' title='bbox 618 3459 645 3504; x_wconf 89' lang='lat' dir='ltr'>et</span> <span class='ocrx_word' id='word_1_282' title='bbox 661 3456 776 3506; x_wconf 82' lang='lat' dir='ltr'>subinde</span> <span class='ocrx_word' id='word_1_283' title='bbox 787 3470 835 3519; x_wconf 92' lang='lat' dir='ltr'>per</span> 
     </span>
     <span class='ocr_line' id='line_1_41' title="bbox 45 3524 835 3587; baseline 0.01 -17"><span class='ocrx_word' id='word_1_284' title='bbox 45 3524 165 3576; x_wconf 88' lang='lat' dir='ltr'>accidens</span> <span class='ocrx_word' id='word_1_285' title='bbox 180 3529 291 3576; x_wconf 90' lang='lat' dir='ltr'>tenetur</span> <span class='ocrx_word' id='word_1_286' title='bbox 307 3539 367 3575; x_wconf 88' lang='lat' dir='ltr'>eam</span> <span class='ocrx_word' id='word_1_287' title='bbox 381 3527 489 3586; x_wconf 87' lang='lat' dir='ltr'>ducere,</span> <span class='ocrx_word' id='word_1_288' title='bbox 513 3540 540 3576; x_wconf 89' lang='lat' dir='ltr'>n.</span> <span class='ocrx_word' id='word_1_289' title='bbox 565 3527 605 3587; x_wconf 78' lang='lat' dir='ltr'>ti,</span> <span class='ocrx_word' id='word_1_290' title='bbox 619 3529 658 3576; x_wconf 88' lang='grc'>64.</span> <span class='ocrx_word' id='word_1_291' title='bbox 673 3525 746 3576; x_wconf 87' lang='lat' dir='ltr'>Ficta</span> <span class='ocrx_word' id='word_1_292' title='bbox 761 3530 787 3578; x_wconf 88' lang='lat' dir='ltr'>et</span> <span class='ocrx_word' id='word_1_293' title='bbox 801 3541 835 3578; x_wconf 80' lang='lat' dir='ltr'>ex</span> 
     </span>
     <span class='ocr_line' id='line_1_42' title="bbox 45 3593 833 3660; baseline 0.008 -17"><span class='ocrx_word' id='word_1_294' title='bbox 45 3593 101 3656; x_wconf 76' lang='lat' dir='ltr'>ioco</span> <span class='ocrx_word' id='word_1_295' title='bbox 121 3597 283 3658; x_wconf 86' lang='lat' dir='ltr'>promittens</span> <span class='ocrx_word' id='word_1_296' title='bbox 308 3599 400 3659; x_wconf 87' lang='lat' dir='ltr'>peccat</span> <span class='ocrx_word' id='word_1_297' title='bbox 425 3599 531 3646; x_wconf 86' lang='lat' dir='ltr'>tautum</span> <span class='ocrx_word' id='word_1_298' title='bbox 556 3597 701 3647; x_wconf 85' lang='lat' dir='ltr'>venialiter</span> <span class='ocrx_word' id='word_1_299' title='bbox 724 3603 833 3660; x_wconf 88' lang='lat' dir='ltr'>peccato</span> 
     </span>
     <span class='ocr_line' id='line_1_43' title="bbox 49 3664 834 3730; baseline 0.01 -18"><span class='ocrx_word' id='word_1_300' title='bbox 49 3664 182 3727; x_wconf 84' lang='lat' dir='ltr'>mendacii,</span> <span class='ocrx_word' id='word_1_301' title='bbox 206 3679 236 3716; x_wconf 91' lang='lat' dir='ltr'>n.</span> <span class='ocrx_word' id='word_1_302' title='bbox 260 3667 301 3715; x_wconf 83' lang='grc'><strong>65.</strong></span> <span class='ocrx_word' id='word_1_303' title='bbox 325 3666 352 3716; x_wconf 87' lang='lat' dir='ltr'>Si</span> <span class='ocrx_word' id='word_1_304' title='bbox 375 3667 437 3716; x_wconf 89' lang='lat' dir='ltr'>talis</span> <span class='ocrx_word' id='word_1_305' title='bbox 453 3667 660 3730; x_wconf 90' lang='lat' dir='ltr'>interrogetura</span> <span class='ocrx_word' id='word_1_306' title='bbox 675 3667 780 3726; x_wconf 79' lang='lat' dir='ltr'>iudice,</span> <span class='ocrx_word' id='word_1_307' title='bbox 797 3684 834 3720; x_wconf 89' lang='lat' dir='ltr'>an</span> 
     </span>
     <span class='ocr_line' id='line_1_44' title="bbox 42 3737 833 3802; baseline 0.008 -16"><span class='ocrx_word' id='word_1_308' title='bbox 42 3737 199 3798; x_wconf 82' lang='lat' dir='ltr'>promiserit,</span> <span class='ocrx_word' id='word_1_309' title='bbox 227 3750 324 3801; x_wconf 89' lang='lat' dir='ltr'>negare</span> <span class='ocrx_word' id='word_1_310' title='bbox 351 3742 457 3800; x_wconf 86' lang='lat' dir='ltr'>potest;</span> <span class='ocrx_word' id='word_1_311' title='bbox 480 3738 552 3802; x_wconf 91' lang='lat' dir='ltr'>qnod</span> <span class='ocrx_word' id='word_1_312' title='bbox 568 3739 590 3788; x_wconf 94' lang='lat' dir='ltr'>si</span> <span class='ocrx_word' id='word_1_313' title='bbox 605 3739 775 3802; x_wconf 84' lang='lat' dir='ltr'>confiteatur,</span> <span class='ocrx_word' id='word_1_314' title='bbox 798 3743 833 3792; x_wconf 91' lang='lat' dir='ltr'>ad</span> 
     </span>
     <span class='ocr_line' id='line_1_45' title="bbox 12 3805 832 3876; baseline 0.007 -20"><span class='ocrx_word' id='word_1_315' title='bbox 12 3811 17 3870; x_wconf 75' lang='grc' dir='ltr'>ξ</span> <span class='ocrx_word' id='word_1_316' title='bbox 48 3805 244 3857; x_wconf 84' lang='lat' dir='ltr'>Matrimonium</span> <span class='ocrx_word' id='word_1_317' title='bbox 267 3821 282 3856; x_wconf 90' lang='lat' dir='ltr'>a</span> <span class='ocrx_word' id='word_1_318' title='bbox 303 3808 394 3870; x_wconf 74' lang='lat' dir='ltr'>judice</span> <span class='ocrx_word' id='word_1_319' title='bbox 418 3808 476 3871; x_wconf 88' lang='lat' dir='ltr'>cogi</span> <span class='ocrx_word' id='word_1_320' title='bbox 493 3811 589 3871; x_wconf 85' lang='lat' dir='ltr'>polest,</span> <span class='ocrx_word' id='word_1_321' title='bbox 607 3823 633 3858; x_wconf 92' lang='lat' dir='ltr'>n.</span> <span class='ocrx_word' id='word_1_322' title='bbox 649 3811 687 3858; x_wconf 84' lang='lat' dir='ltr'>aa.</span> <span class='ocrx_word' id='word_1_323' title='bbox 704 3811 754 3870; x_wconf 83' lang='lat' dir='ltr'>Qui</span> <span class='ocrx_word' id='word_1_324' title='bbox 770 3827 832 3876; x_wconf 92' lang='lat' dir='ltr'>pro·</span> 
     </span>
     <span class='ocr_line' id='line_1_46' title="bbox 48 3877 833 3943; baseline 0.01 -19"><span class='ocrx_word' id='word_1_325' title='bbox 48 3877 115 3928; x_wconf 89' lang='lat' dir='ltr'>misit</span> <span class='ocrx_word' id='word_1_326' title='bbox 128 3879 241 3934; x_wconf 87' lang='lat' dir='ltr'>omnino</span> <span class='ocrx_word' id='word_1_327' title='bbox 257 3891 312 3928; x_wconf 92' lang='lat' dir='ltr'>nou</span> <span class='ocrx_word' id='word_1_328' title='bbox 325 3879 448 3942; x_wconf 88' lang='lat' dir='ltr'>cogitans</span> <span class='ocrx_word' id='word_1_329' title='bbox 465 3879 498 3928; x_wconf 90' lang='lat' dir='ltr'>de</span> <span class='ocrx_word' id='word_1_330' title='bbox 518 3879 694 3943; x_wconf 81' lang='lat' dir='ltr'>obligatione,</span> <span class='ocrx_word' id='word_1_331' title='bbox 709 3882 731 3930; x_wconf 89' lang='lat' dir='ltr'>si</span> <span class='ocrx_word' id='word_1_332' title='bbox 748 3882 833 3934; x_wconf 89' lang='lat' dir='ltr'>lacere</span> 
     </span>
     <span class='ocr_line' id='line_1_47' title="bbox 48 3947 833 4012; baseline 0.01 -19"><span class='ocrx_word' id='word_1_333' title='bbox 48 3947 163 4009; x_wconf 78' lang='lat' dir='ltr'>soluerit,</span> <span class='ocrx_word' id='word_1_334' title='bbox 187 3949 262 4012; x_wconf 90' lang='lat' dir='ltr'>qnod</span> <span class='ocrx_word' id='word_1_335' title='bbox 280 3947 385 3998; x_wconf 86' lang='lat' dir='ltr'>iaciunt</span> <span class='ocrx_word' id='word_1_336' title='bbox 397 3949 456 4010; x_wconf 92' lang='lat' dir='ltr'>alii,</span> <span class='ocrx_word' id='word_1_337' title='bbox 472 3948 610 4012; x_wconf 86' lang='lat' dir='ltr'>obligatur</span> <span class='ocrx_word' id='word_1_338' title='bbox 634 3950 668 4000; x_wconf 90' lang='lat' dir='ltr'>ud</span> <span class='ocrx_word' id='word_1_339' title='bbox 690 3952 833 4002; x_wconf 82' lang='lat' dir='ltr'>blatrimo-</span> 
     </span>
     <span class='ocr_line' id='line_1_48' title="bbox 48 4016 833 4083; baseline 0.006 -17"><span class='ocrx_word' id='word_1_340' title='bbox 48 4016 126 4078; x_wconf 91' lang='lat' dir='ltr'>nium,</span> <span class='ocrx_word' id='word_1_341' title='bbox 147 4020 216 4070; x_wconf 88' lang='lat' dir='ltr'>alias</span> <span class='ocrx_word' id='word_1_342' title='bbox 242 4032 307 4080; x_wconf 90' lang='lat' dir='ltr'>noo,</span> <span class='ocrx_word' id='word_1_343' title='bbox 331 4023 393 4080; x_wconf 76' lang='grc' dir='ltr'><strong>ιιι,</strong></span> <span class='ocrx_word' id='word_1_344' title='bbox 417 4034 443 4070; x_wconf 90' lang='grc' dir='ltr'>ι.</span> <span class='ocrx_word' id='word_1_345' title='bbox 471 4020 509 4068; x_wconf 76' lang='lat' dir='ltr'>or.</span> <span class='ocrx_word' id='word_1_346' title='bbox 530 4020 580 4078; x_wconf 84' lang='lat' dir='ltr'>Qui</span> <span class='ocrx_word' id='word_1_347' title='bbox 597 4020 662 4074; x_wconf 77' lang='lat' dir='ltr'>acts</span> <span class='ocrx_word' id='word_1_348' title='bbox 678 4034 726 4083; x_wconf 84' lang='lat' dir='ltr'>spe</span> <span class='ocrx_word' id='word_1_349' title='bbox 743 4023 833 4073; x_wconf 91' lang='lat' dir='ltr'>Matri-</span> 
     </span>
     <span class='ocr_line' id='line_1_49' title="bbox 42 4089 833 4154; baseline 0.009 -18"><span class='ocrx_word' id='word_1_350' title='bbox 42 4089 136 4149; x_wconf 86' lang='lat' dir='ltr'>monii,</span> <span class='ocrx_word' id='word_1_351' title='bbox 153 4091 196 4140; x_wconf 91' lang='grc' dir='ltr'>ιιι</span> <span class='ocrx_word' id='word_1_352' title='bbox 214 4089 274 4140; x_wconf 85' lang='lat' dir='ltr'>licta</span> <span class='ocrx_word' id='word_1_353' title='bbox 290 4089 356 4140; x_wconf 90' lang='lat' dir='ltr'>illud</span> <span class='ocrx_word' id='word_1_354' title='bbox 373 4090 560 4152; x_wconf 90' lang='lat' dir='ltr'>promittendo</span> <span class='ocrx_word' id='word_1_355' title='bbox 583 4089 694 4139; x_wconf 71' lang='lat' dir='ltr'>induxit</span> <span class='ocrx_word' id='word_1_356' title='bbox 716 4092 833 4154; x_wconf 87' lang='lat' dir='ltr'>puellum</span> 
     </span>
     <span class='ocr_line' id='line_1_50' title="bbox 43 4157 832 4224; baseline 0.005 -16"><span class='ocrx_word' id='word_1_357' title='bbox 43 4157 77 4208; x_wconf 84' lang='lat' dir='ltr'>‚ad</span> <span class='ocrx_word' id='word_1_358' title='bbox 91 4160 223 4224; x_wconf 87' lang='lat' dir='ltr'>copulam,</span> <span class='ocrx_word' id='word_1_359' title='bbox 241 4161 291 4212; x_wconf 89' lang='lat' dir='ltr'>sub</span> <span class='ocrx_word' id='word_1_360' title='bbox 306 4160 413 4210; x_wconf 90' lang='lat' dir='ltr'>mortali</span> <span class='ocrx_word' id='word_1_361' title='bbox 431 4163 606 4210; x_wconf 84' lang='lat' dir='ltr'>leuetuream</span> <span class='ocrx_word' id='word_1_362' title='bbox 616 4159 726 4220; x_wconf 89' lang='lat' dir='ltr'>ducere,</span> <span class='ocrx_word' id='word_1_363' title='bbox 736 4174 832 4224; x_wconf 86' lang='lat' dir='ltr'>qaam·</span> 
     </span>
     <span class='ocr_line' id='line_1_51' title="bbox 48 4229 832 4297; baseline 0.011 -22"><span class='ocrx_word' id='word_1_364' title='bbox 48 4229 83 4278; x_wconf 80' lang='lat' dir='ltr'>vis</span> <span class='ocrx_word' id='word_1_365' title='bbox 96 4231 129 4280; x_wconf 91' lang='lat' dir='ltr'>sit</span> <span class='ocrx_word' id='word_1_366' title='bbox 144 4232 289 4282; x_wconf 87' lang='lat' dir='ltr'>nobilioris</span> <span class='ocrx_word' id='word_1_367' title='bbox 303 4231 470 4281; x_wconf 87' lang='lat' dir='ltr'>conditionis</span> <span class='ocrx_word' id='word_1_368' title='bbox 482 4251 488 4291; x_wconf 88' lang='lat'>;</span> <span class='ocrx_word' id='word_1_369' title='bbox 502 4232 577 4294; x_wconf 92' lang='lat' dir='ltr'>quod</span> <span class='ocrx_word' id='word_1_370' title='bbox 601 4232 623 4280; x_wconf 89' lang='lat' dir='ltr'>si</span> <span class='ocrx_word' id='word_1_371' title='bbox 649 4231 735 4282; x_wconf 87' lang='lat' dir='ltr'>iuuere</span> <span class='ocrx_word' id='word_1_372' title='bbox 754 4234 832 4297; x_wconf 92' lang='lat' dir='ltr'>nolit,</span> 
     </span>
     <span class='ocr_line' id='line_1_52' title="bbox 44 4299 832 4366; baseline 0.003 -14"><span class='ocrx_word' id='word_1_373' title='bbox 44 4299 143 4352; x_wconf 47' lang='lat' dir='ltr'>,absolvi</span> <span class='ocrx_word' id='word_1_374' title='bbox 157 4316 212 4352; x_wconf 91' lang='lat' dir='ltr'>nou</span> <span class='ocrx_word' id='word_1_375' title='bbox 227 4306 316 4366; x_wconf 88' lang='lat' dir='ltr'>potest</span> <span class='ocrx_word' id='word_1_376' title='bbox 330 4306 357 4353; x_wconf 88' lang='lat' dir='ltr'>et</span> <span class='ocrx_word' id='word_1_377' title='bbox 371 4302 539 4366; x_wconf 90' lang='lat' dir='ltr'>probabilius</span> <span class='ocrx_word' id='word_1_378' title='bbox 556 4302 638 4352; x_wconf 89' lang='lat' dir='ltr'>etiam</span> <span class='ocrx_word' id='word_1_379' title='bbox 662 4303 772 4354; x_wconf 85' lang='lat' dir='ltr'>ridetur</span> <span class='ocrx_word' id='word_1_380' title='bbox 792 4307 832 4354; x_wconf 90' lang='lat' dir='ltr'>te-</span> 
     </span>
     <span class='ocr_line' id='line_1_53' title="bbox 40 4372 832 4436; baseline 0.006 -16"><span class='ocrx_word' id='word_1_381' title='bbox 40 4372 100 4420; x_wconf 80' lang='lat' dir='ltr'>neri</span> <span class='ocrx_word' id='word_1_382' title='bbox 123 4385 181 4422; x_wconf 85' lang='lat' dir='ltr'>eam</span> <span class='ocrx_word' id='word_1_383' title='bbox 204 4373 319 4434; x_wconf 85' lang='lat' dir='ltr'>ducere,</span> <span class='ocrx_word' id='word_1_384' title='bbox 343 4374 467 4436; x_wconf 89' lang='lat' dir='ltr'>quamvis</span> <span class='ocrx_word' id='word_1_385' title='bbox 491 4373 600 4424; x_wconf 86' lang='lat' dir='ltr'>sciverit</span> <span class='ocrx_word' id='word_1_386' title='bbox 623 4373 697 4430; x_wconf 76' lang='lat' dir='ltr'>ilbim</span> <span class='ocrx_word' id='word_1_387' title='bbox 721 4374 756 4424; x_wconf 88' lang='lat' dir='ltr'>ab</span> <span class='ocrx_word' id='word_1_388' title='bbox 778 4375 832 4426; x_wconf 87' lang='lat' dir='ltr'>alio</span> 
     </span>
     <span class='ocr_line' id='line_1_54' title="bbox 49 4441 832 4509; baseline 0.009 -20"><span class='ocrx_word' id='word_1_389' title='bbox 49 4441 116 4503; x_wconf 89' lang='lat' dir='ltr'>prius</span> <span class='ocrx_word' id='word_1_390' title='bbox 130 4443 212 4494; x_wconf 75' lang='lat' dir='ltr'>titisse</span> <span class='ocrx_word' id='word_1_391' title='bbox 227 4445 392 4506; x_wconf 88' lang='lat' dir='ltr'>corruptum,</span> <span class='ocrx_word' id='word_1_392' title='bbox 416 4457 432 4492; x_wconf 90' lang='lat' dir='ltr'>a</span> <span class='ocrx_word' id='word_1_393' title='bbox 454 4457 481 4494; x_wconf 91' lang='lat' dir='ltr'>n.</span> <span class='ocrx_word' id='word_1_394' title='bbox 505 4445 546 4494; x_wconf 84' lang='lat'>68.</span> <span class='ocrx_word' id='word_1_395' title='bbox 562 4444 593 4494; x_wconf 83' lang='lat' dir='ltr'>V.</span> <span class='ocrx_word' id='word_1_396' title='bbox 611 4443 766 4509; x_wconf 83' lang='lat' dir='ltr'>Dsflorator.</span> <span class='ocrx_word' id='word_1_397' title='bbox 782 4446 832 4506; x_wconf 86' lang='lat' dir='ltr'>Qui</span> 
     </span>
     <span class='ocr_line' id='line_1_55' title="bbox 41 4515 833 4578; baseline 0.006 -17"><span class='ocrx_word' id='word_1_398' title='bbox 41 4515 163 4574; x_wconf 85' lang='lat' dir='ltr'>promisit</span> <span class='ocrx_word' id='word_1_399' title='bbox 184 4515 356 4577; x_wconf 80' lang='lat' dir='ltr'>disjunctive,</span> <span class='ocrx_word' id='word_1_400' title='bbox 382 4515 404 4563; x_wconf 90' lang='lat' dir='ltr'>si</span> <span class='ocrx_word' id='word_1_401' title='bbox 429 4515 572 4577; x_wconf 87' lang='lat' dir='ltr'>promissio</span> <span class='ocrx_word' id='word_1_402' title='bbox 594 4518 734 4578; x_wconf 81' lang='lat' dir='ltr'>acceptata</span> <span class='ocrx_word' id='word_1_403' title='bbox 748 4517 784 4565; x_wconf 92' lang='lat' dir='ltr'>sit</span> <span class='ocrx_word' id='word_1_404' title='bbox 798 4517 833 4566; x_wconf 94' lang='lat' dir='ltr'>ab</span> 
     </span>
     <span class='ocr_line' id='line_1_56' title="bbox 48 4585 833 4649; baseline 0.008 -19"><span class='ocrx_word' id='word_1_405' title='bbox 48 4585 156 4647; x_wconf 87' lang='lat' dir='ltr'>utraque</span> <span class='ocrx_word' id='word_1_406' title='bbox 178 4588 263 4648; x_wconf 89' lang='lat' dir='ltr'>parte,</span> <span class='ocrx_word' id='word_1_407' title='bbox 288 4588 398 4635; x_wconf 89' lang='lat' dir='ltr'>tenetur</span> <span class='ocrx_word' id='word_1_408' title='bbox 417 4586 575 4636; x_wconf 87' lang='lat' dir='ltr'>alterutram</span> <span class='ocrx_word' id='word_1_409' title='bbox 589 4586 706 4647; x_wconf 86' lang='lat' dir='ltr'>ducerc;</span> <span class='ocrx_word' id='word_1_410' title='bbox 723 4587 833 4649; x_wconf 85' lang='lat' dir='ltr'>quodsi</span> 
     </span>
     <span class='ocr_line' id='line_1_57' title="bbox 49 4656 812 4717; baseline 0.009 -15"><span class='ocrx_word' id='word_1_411' title='bbox 49 4664 98 4703; x_wconf 88' lang='grc' dir='ltr'>ιιι</span> <span class='ocrx_word' id='word_1_412' title='bbox 120 4656 203 4706; x_wconf 89' lang='lat' dir='ltr'>electa</span> <span class='ocrx_word' id='word_1_413' title='bbox 225 4660 339 4717; x_wconf 91' lang='lat' dir='ltr'>renuat,</span> <span class='ocrx_word' id='word_1_414' title='bbox 364 4669 417 4705; x_wconf 91' lang='lat' dir='ltr'>non</span> <span class='ocrx_word' id='word_1_415' title='bbox 446 4660 555 4706; x_wconf 89' lang='lat' dir='ltr'>tenetur</span> <span class='ocrx_word' id='word_1_416' title='bbox 577 4657 676 4708; x_wconf 89' lang='lat' dir='ltr'>ducere</span> <span class='ocrx_word' id='word_1_417' title='bbox 699 4658 812 4709; x_wconf 90' lang='lat' dir='ltr'>alteram</span> 
     </span>
     <span class='ocr_line' id='line_1_58' title="bbox 42 4726 832 4791; baseline 0.009 -19"><span class='ocrx_word' id='word_1_418' title='bbox 42 4735 73 4773; x_wconf 88' lang='lat' dir='ltr'>n.</span> <span class='ocrx_word' id='word_1_419' title='bbox 88 4726 124 4775; x_wconf 84' lang='lat' dir='ltr'>sn.</span> <span class='ocrx_word' id='word_1_420' title='bbox 139 4726 192 4785; x_wconf 84' lang='lat' dir='ltr'>Qui</span> <span class='ocrx_word' id='word_1_421' title='bbox 205 4726 370 4791; x_wconf 81' lang='lat' dir='ltr'>disjunctive</span> <span class='ocrx_word' id='word_1_422' title='bbox 386 4727 510 4790; x_wconf 90' lang='lat' dir='ltr'>promisit</span> <span class='ocrx_word' id='word_1_423' title='bbox 525 4727 630 4778; x_wconf 90' lang='lat' dir='ltr'>duabus</span> <span class='ocrx_word' id='word_1_424' title='bbox 647 4728 793 4790; x_wconf 85' lang='lat' dir='ltr'>sororibus,</span> <span class='ocrx_word' id='word_1_425' title='bbox 809 4729 832 4779; x_wconf 89' lang='lat' dir='ltr'>si</span> 
     </span>
     <span class='ocr_line' id='line_1_59' title="bbox 48 4796 831 4860; baseline 0.011 -19"><span class='ocrx_word' id='word_1_426' title='bbox 48 4805 104 4845; x_wconf 91' lang='lat' dir='ltr'>cum</span> <span class='ocrx_word' id='word_1_427' title='bbox 120 4809 173 4846; x_wconf 89' lang='grc' dir='ltr'>ιιι</span> <span class='ocrx_word' id='word_1_428' title='bbox 187 4796 313 4847; x_wconf 84' lang='lat' dir='ltr'>babuerit</span> <span class='ocrx_word' id='word_1_429' title='bbox 328 4798 461 4860; x_wconf 91' lang='lat' dir='ltr'>copulam,</span> <span class='ocrx_word' id='word_1_430' title='bbox 485 4799 519 4848; x_wconf 90' lang='lat' dir='ltr'>ad</span> <span class='ocrx_word' id='word_1_431' title='bbox 542 4811 601 4848; x_wconf 85' lang='lat' dir='ltr'>earn</span> <span class='ocrx_word' id='word_1_432' title='bbox 625 4798 776 4850; x_wconf 88' lang='lat' dir='ltr'>ducendam</span> <span class='ocrx_word' id='word_1_433' title='bbox 792 4802 831 4850; x_wconf 88' lang='lat' dir='ltr'>te-</span> 
     </span>
     <span class='ocr_line' id='line_1_60' title="bbox 46 4867 831 4933; baseline 0.01 -21"><span class='ocrx_word' id='word_1_434' title='bbox 46 4867 130 4927; x_wconf 87' lang='lat' dir='ltr'>natur,</span> <span class='ocrx_word' id='word_1_435' title='bbox 143 4868 216 4931; x_wconf 94' lang='lat' dir='ltr'>quod</span> <span class='ocrx_word' id='word_1_436' title='bbox 231 4869 400 4932; x_wconf 88' lang='lat' dir='ltr'>probabilius</span> <span class='ocrx_word' id='word_1_437' title='bbox 415 4870 496 4920; x_wconf 88' lang='lat' dir='ltr'>etiam</span> <span class='ocrx_word' id='word_1_438' title='bbox 511 4883 606 4922; x_wconf 83' lang='lat' dir='ltr'>rerum</span> <span class='ocrx_word' id='word_1_439' title='bbox 621 4873 670 4930; x_wconf 90' lang='grc' dir='ltr'><strong>ιιι,</strong></span> <span class='ocrx_word' id='word_1_440' title='bbox 686 4871 707 4918; x_wconf 87' lang='lat' dir='ltr'>si</span> <span class='ocrx_word' id='word_1_441' title='bbox 721 4871 758 4920; x_wconf 88' lang='lat' dir='ltr'>ita</span> <span class='ocrx_word' id='word_1_442' title='bbox 770 4884 831 4933; x_wconf 90' lang='lat' dir='ltr'>pro-</span> 
     </span>
     <span class='ocr_line' id='line_1_61' title="bbox 47 4933 832 5003; baseline 0.013 -21"><span class='ocrx_word' id='word_1_443' title='bbox 47 4933 144 4985; x_wconf 85' lang='lat' dir='ltr'>miserit</span> <span class='ocrx_word' id='word_1_444' title='bbox 157 4938 261 4989; x_wconf 87' lang='lat' dir='ltr'>duabus</span> <span class='ocrx_word' id='word_1_445' title='bbox 276 4952 331 4989; x_wconf 91' lang='lat' dir='ltr'>nou</span> <span class='ocrx_word' id='word_1_446' title='bbox 346 4940 559 5003; x_wconf 83' lang='lat' dir='ltr'>consanguineis</span> <span class='ocrx_word' id='word_1_447' title='bbox 582 4943 609 4991; x_wconf 88' lang='lat' dir='ltr'>et</span> <span class='ocrx_word' id='word_1_448' title='bbox 631 4953 693 4990; x_wconf 91' lang='lat' dir='ltr'>cum</span> <span class='ocrx_word' id='word_1_449' title='bbox 717 4955 771 4992; x_wconf 89' lang='lat' dir='ltr'>una</span> <span class='ocrx_word' id='word_1_450' title='bbox 786 4954 832 4992; x_wconf 90' lang='lat' dir='ltr'>co·</span> 
     </span>
     <span class='ocr_line' id='line_1_62' title="bbox 48 5005 832 5076; baseline 0.011 -23"><span class='ocrx_word' id='word_1_451' title='bbox 48 5005 132 5068; x_wconf 89' lang='lat' dir='ltr'>palam</span> <span class='ocrx_word' id='word_1_452' title='bbox 145 5007 278 5072; x_wconf 81' lang='lat' dir='ltr'>babuerit,</span> <span class='ocrx_word' id='word_1_453' title='bbox 294 5024 321 5060; x_wconf 93' lang='lat' dir='ltr'>u.</span> <span class='ocrx_word' id='word_1_454' title='bbox 336 5012 374 5062; x_wconf 87' lang='grc'>98.</span> <span class='ocrx_word' id='word_1_455' title='bbox 391 5011 439 5070; x_wconf 91' lang='lat' dir='ltr'>Qui</span> <span class='ocrx_word' id='word_1_456' title='bbox 457 5010 583 5075; x_wconf 90' lang='lat' dir='ltr'>promisit</span> <span class='ocrx_word' id='word_1_457' title='bbox 606 5025 688 5062; x_wconf 91' lang='lat' dir='ltr'>unam</span> <span class='ocrx_word' id='word_1_458' title='bbox 711 5013 832 5076; x_wconf 90' lang='lat' dir='ltr'>accipere</span> 
     </span>
     <span class='ocr_line' id='line_1_63' title="bbox 48 5077 832 5146; baseline 0.011 -23"><span class='ocrx_word' id='word_1_459' title='bbox 48 5077 155 5126; x_wconf 85' lang='lat' dir='ltr'>atribus</span> <span class='ocrx_word' id='word_1_460' title='bbox 170 5079 286 5138; x_wconf 84' lang='lat' dir='ltr'>filiabus,</span> <span class='ocrx_word' id='word_1_461' title='bbox 306 5083 415 5129; x_wconf 88' lang='lat' dir='ltr'>tenetur</span> <span class='ocrx_word' id='word_1_462' title='bbox 429 5081 464 5130; x_wconf 88' lang='lat' dir='ltr'>ad</span> <span class='ocrx_word' id='word_1_463' title='bbox 481 5095 574 5133; x_wconf 87' lang='lat' dir='ltr'>unam.</span> <span class='ocrx_word' id='word_1_464' title='bbox 599 5093 658 5144; x_wconf 82' lang='lat' dir='ltr'>quse</span> <span class='ocrx_word' id='word_1_465' title='bbox 684 5083 709 5131; x_wconf 89' lang='lat' dir='ltr'>ei</span> <span class='ocrx_word' id='word_1_466' title='bbox 725 5081 832 5146; x_wconf 90' lang='lat' dir='ltr'>placue-</span> 
     </span>
     <span class='ocr_line' id='line_1_64' title="bbox 49 5143 830 5216; baseline 0.013 -24"><span class='ocrx_word' id='word_1_467' title='bbox 49 5143 89 5206; x_wconf 89' lang='lat' dir='ltr'>rit,</span> <span class='ocrx_word' id='word_1_468' title='bbox 104 5161 129 5197; x_wconf 93' lang='lat' dir='ltr'>n.</span> <span class='ocrx_word' id='word_1_469' title='bbox 152 5151 190 5199; x_wconf 82' lang='grc'>99.</span> <span class='ocrx_word' id='word_1_470' title='bbox 206 5149 348 5212; x_wconf 88' lang='lat' dir='ltr'>Similiter,</span> <span class='ocrx_word' id='word_1_471' title='bbox 360 5151 386 5201; x_wconf 92' lang='lat' dir='ltr'>si</span> <span class='ocrx_word' id='word_1_472' title='bbox 402 5155 479 5215; x_wconf 88' lang='lat' dir='ltr'>pater</span> <span class='ocrx_word' id='word_1_473' title='bbox 494 5153 567 5216; x_wconf 73' lang='lat' dir='ltr'>iuret</span> <span class='ocrx_word' id='word_1_474' title='bbox 588 5152 654 5202; x_wconf 88' lang='lat' dir='ltr'>dare</span> <span class='ocrx_word' id='word_1_475' title='bbox 667 5153 747 5216; x_wconf 78' lang='lat' dir='ltr'>Titio,</span> <span class='ocrx_word' id='word_1_476' title='bbox 766 5167 791 5202; x_wconf 92' lang='grc' dir='ltr'>ι.</span> <span class='ocrx_word' id='word_1_477' title='bbox 805 5166 830 5216; x_wconf 94' lang='lat' dir='ltr'>g.</span> 
     </span>
     <span class='ocr_line' id='line_1_65' title="bbox 49 5220 832 5285; baseline 0.008 -21"><span class='ocrx_word' id='word_1_478' title='bbox 49 5227 154 5268; x_wconf 83' lang='lat' dir='ltr'>anama</span> <span class='ocrx_word' id='word_1_479' title='bbox 173 5220 268 5282; x_wconf 90' lang='lat' dir='ltr'>tribus,</span> <span class='ocrx_word' id='word_1_480' title='bbox 293 5225 402 5272; x_wconf 87' lang='lat' dir='ltr'>tenetur</span> <span class='ocrx_word' id='word_1_481' title='bbox 425 5235 508 5272; x_wconf 89' lang='lat' dir='ltr'>unam</span> <span class='ocrx_word' id='word_1_482' title='bbox 532 5222 679 5285; x_wconf 88' lang='lat' dir='ltr'>assignare,</span> <span class='ocrx_word' id='word_1_483' title='bbox 705 5235 785 5284; x_wconf 91' lang='lat' dir='ltr'>quam</span> <span class='ocrx_word' id='word_1_484' title='bbox 810 5221 832 5270; x_wconf 91' lang='lat' dir='ltr'>si</span> 
     </span>
     <span class='ocr_line' id='line_1_66' title="bbox 49 5283 831 5355; baseline 0.01 -21"><span class='ocrx_word' id='word_1_485' title='bbox 49 5283 129 5337; x_wconf 82' lang='lat' dir='ltr'>&#39;litim</span> <span class='ocrx_word' id='word_1_486' title='bbox 153 5295 270 5355; x_wconf 89' lang='lat' dir='ltr'>respuat,</span> <span class='ocrx_word' id='word_1_487' title='bbox 292 5305 348 5343; x_wconf 92' lang='lat' dir='ltr'>non</span> <span class='ocrx_word' id='word_1_488' title='bbox 373 5295 482 5342; x_wconf 92' lang='lat' dir='ltr'>tenetur</span> <span class='ocrx_word' id='word_1_489' title='bbox 504 5293 567 5342; x_wconf 89' lang='lat' dir='ltr'>dare</span> <span class='ocrx_word' id='word_1_490' title='bbox 584 5294 706 5352; x_wconf 88' lang='lat' dir='ltr'>alteram,</span> <span class='ocrx_word' id='word_1_491' title='bbox 721 5293 792 5355; x_wconf 90' lang='lat' dir='ltr'>quod</span> <span class='ocrx_word' id='word_1_492' title='bbox 809 5293 831 5342; x_wconf 90' lang='lat' dir='ltr'>si</span> 
     </span>
     <span class='ocr_line' id='line_1_67' title="bbox 49 5357 831 5436; baseline 0.01 -30"><span class='ocrx_word' id='word_1_493' title='bbox 49 5357 153 5436; x_wconf 78' lang='lat' dir='ltr'>reliques</span> <span class='ocrx_word' id='word_1_494' title='bbox 168 5362 327 5425; x_wconf 85' lang='lat' dir='ltr'>moriautur,</span> <span class='ocrx_word' id='word_1_495' title='bbox 342 5367 489 5426; x_wconf 76' lang='lat' dir='ltr'>nunquam</span> <span class='ocrx_word' id='word_1_496' title='bbox 512 5367 588 5428; x_wconf 88' lang='lat' dir='ltr'>pater</span> <span class='ocrx_word' id='word_1_497' title='bbox 612 5377 695 5415; x_wconf 89' lang='lat' dir='ltr'>unam</span> <span class='ocrx_word' id='word_1_498' title='bbox 711 5364 831 5426; x_wconf 86' lang='lat' dir='ltr'>assigna-</span> 
     </span>
     <span class='ocr_line' id='line_1_68' title="bbox 51 5430 831 5500; baseline 0.006 -19"><span class='ocrx_word' id='word_1_499' title='bbox 51 5430 91 5491; x_wconf 79' lang='lat' dir='ltr'>nt,</span> <span class='ocrx_word' id='word_1_500' title='bbox 106 5433 287 5486; x_wconf 83' lang='lat' dir='ltr'>taneturdare</span> <span class='ocrx_word' id='word_1_501' title='bbox 298 5435 475 5500; x_wconf 79' lang='lat' dir='ltr'>superstitem</span> <span class='ocrx_word' id='word_1_502' title='bbox 489 5453 495 5496; x_wconf 87' lang='lat'><strong>;</strong></span> <span class='ocrx_word' id='word_1_503' title='bbox 511 5435 583 5500; x_wconf 89' lang='lat' dir='ltr'>quod</span> <span class='ocrx_word' id='word_1_504' title='bbox 598 5433 621 5486; x_wconf 89' lang='lat' dir='ltr'>si</span> <span class='ocrx_word' id='word_1_505' title='bbox 635 5437 698 5486; x_wconf 87' lang='lat' dir='ltr'>ente</span> <span class='ocrx_word' id='word_1_506' title='bbox 712 5435 831 5498; x_wconf 67' lang='lat' dir='ltr'>samana·</span> 
     </span>
    </p>
   </div>
   <div class='ocr_carea' id='block_1_5' title="bbox 1635 517 1692 578">
    <p class='ocr_par' dir='ltr' id='par_1_9' title="bbox 1635 517 1692 578">
     <span class='ocr_line' id='line_1_69' title="bbox 1635 517 1692 578; baseline 0 -1"><span class='ocrx_word' id='word_1_507' title='bbox 1635 517 1692 578; x_wconf 76' lang='lat'>235</span> 
     </span>
    </p>
   </div>
   <div class='ocr_carea' id='block_1_6' title="bbox 892 693 1697 1678">
    <p class='ocr_par' dir='ltr' id='par_1_10' title="bbox 892 693 1697 1678">
     <span class='ocr_line' id='line_1_70' title="bbox 897 693 1691 765; baseline 0.011 -21"><span class='ocrx_word' id='word_1_508' title='bbox 897 695 999 744; x_wconf 89' lang='lat' dir='ltr'>tionem</span> <span class='ocrx_word' id='word_1_509' title='bbox 1022 693 1120 746; x_wconf 75' lang='lat' dir='ltr'>batem</span> <span class='ocrx_word' id='word_1_510' title='bbox 1145 695 1231 748; x_wconf 85' lang='lat' dir='ltr'>Titias</span> <span class='ocrx_word' id='word_1_511' title='bbox 1255 710 1338 748; x_wconf 87' lang='lat' dir='ltr'>unam</span> <span class='ocrx_word' id='word_1_512' title='bbox 1361 701 1534 763; x_wconf 83' lang='lat' dir='ltr'>cognoverit,</span> <span class='ocrx_word' id='word_1_513' title='bbox 1557 703 1632 765; x_wconf 80' lang='lat' dir='ltr'>pater</span> <span class='ocrx_word' id='word_1_514' title='bbox 1656 700 1691 764; x_wconf 79' lang='lat' dir='ltr'>od</span> 
     </span>
     <span class='ocr_line' id='line_1_71' title="bbox 897 766 1693 836; baseline 0.009 -21"><span class='ocrx_word' id='word_1_515' title='bbox 897 766 999 816; x_wconf 88' lang='lat' dir='ltr'>nullam</span> <span class='ocrx_word' id='word_1_516' title='bbox 1015 769 1131 830; x_wconf 86' lang='lat' dir='ltr'>tenetur,</span> <span class='ocrx_word' id='word_1_517' title='bbox 1156 767 1222 818; x_wconf 90' lang='lat' dir='ltr'>ibid.</span> <span class='ocrx_word' id='word_1_518' title='bbox 1246 768 1277 819; x_wconf 83' lang='lat' dir='ltr'>V.</span> <span class='ocrx_word' id='word_1_519' title='bbox 1300 771 1445 822; x_wconf 69' lang='lat' dir='ltr'>Promissis.</span> <span class='ocrx_word' id='word_1_520' title='bbox 1470 772 1611 836; x_wconf 84' lang='lat' dir='ltr'>Sponsalin</span> <span class='ocrx_word' id='word_1_521' title='bbox 1629 785 1693 822; x_wconf 92' lang='lat' dir='ltr'>oon·</span> 
     </span>
     <span class='ocr_line' id='line_1_72' title="bbox 896 836 1691 907; baseline 0.01 -23"><span class='ocrx_word' id='word_1_522' title='bbox 896 836 1006 886; x_wconf 87' lang='lat' dir='ltr'>trabcus</span> <span class='ocrx_word' id='word_1_523' title='bbox 1020 837 1113 887; x_wconf 81' lang='lat' dir='ltr'>aniano</span> <span class='ocrx_word' id='word_1_524' title='bbox 1131 840 1192 901; x_wconf 90' lang='lat' dir='ltr'>post</span> <span class='ocrx_word' id='word_1_525' title='bbox 1207 839 1411 892; x_wconf 88' lang='lat' dir='ltr'>Matrimonium</span> <span class='ocrx_word' id='word_1_526' title='bbox 1422 845 1512 893; x_wconf 89' lang='lat' dir='ltr'>ratam</span> <span class='ocrx_word' id='word_1_527' title='bbox 1521 841 1691 907; x_wconf 86' lang='lat' dir='ltr'>ingrediendi</span> 
     </span>
     <span class='ocr_line' id='line_1_73' title="bbox 895 905 1697 974; baseline 0.01 -18"><span class='ocrx_word' id='word_1_528' title='bbox 895 905 1074 970; x_wconf 79' lang='lat' dir='ltr'>Religionem,</span> <span class='ocrx_word' id='word_1_529' title='bbox 1089 908 1257 970; x_wconf 86' lang='lat' dir='ltr'>probabilius</span> <span class='ocrx_word' id='word_1_530' title='bbox 1271 916 1365 974; x_wconf 88' lang='lat' dir='ltr'>peccat</span> <span class='ocrx_word' id='word_1_531' title='bbox 1382 913 1509 974; x_wconf 84' lang='lat' dir='ltr'>graviter,</span> <span class='ocrx_word' id='word_1_532' title='bbox 1526 914 1549 963; x_wconf 89' lang='lat' dir='ltr'>si</span> <span class='ocrx_word' id='word_1_533' title='bbox 1564 912 1615 963; x_wconf 91' lang='lat' dir='ltr'>boc</span> <span class='ocrx_word' id='word_1_534' title='bbox 1630 913 1697 964; x_wconf 91' lang='lat' dir='ltr'>sine-</span> 
     </span>
     <span class='ocr_line' id='line_1_74' title="bbox 893 977 1691 1046; baseline 0.009 -21"><span class='ocrx_word' id='word_1_535' title='bbox 893 977 966 1040; x_wconf 77' lang='lat' dir='ltr'>Justa</span> <span class='ocrx_word' id='word_1_536' title='bbox 980 991 1060 1027; x_wconf 87' lang='lat' dir='ltr'>causa</span> <span class='ocrx_word' id='word_1_537' title='bbox 1073 979 1193 1040; x_wconf 87' lang='lat' dir='ltr'>reticeat,</span> <span class='ocrx_word' id='word_1_538' title='bbox 1209 980 1282 1042; x_wconf 90' lang='lat' dir='ltr'>quod</span> <span class='ocrx_word' id='word_1_539' title='bbox 1309 981 1331 1029; x_wconf 88' lang='lat' dir='ltr'>si</span> <span class='ocrx_word' id='word_1_540' title='bbox 1356 982 1439 1031; x_wconf 88' lang='lat' dir='ltr'>otiam</span> <span class='ocrx_word' id='word_1_541' title='bbox 1465 995 1499 1032; x_wconf 88' lang='lat' dir='ltr'>ex</span> <span class='ocrx_word' id='word_1_542' title='bbox 1522 983 1595 1046; x_wconf 85' lang='lat' dir='ltr'>justa</span> <span class='ocrx_word' id='word_1_543' title='bbox 1610 995 1691 1034; x_wconf 88' lang='lat' dir='ltr'>caasa</span> 
     </span>
     <span class='ocr_line' id='line_1_75' title="bbox 895 1046 1689 1118; baseline 0.01 -22"><span class='ocrx_word' id='word_1_544' title='bbox 895 1046 964 1096; x_wconf 88' lang='lat' dir='ltr'>clam</span> <span class='ocrx_word' id='word_1_545' title='bbox 979 1049 1080 1110; x_wconf 89' lang='lat' dir='ltr'>cogitet</span> <span class='ocrx_word' id='word_1_546' title='bbox 1101 1048 1269 1111; x_wconf 85' lang='lat' dir='ltr'>lleligionem</span> <span class='ocrx_word' id='word_1_547' title='bbox 1294 1050 1411 1116; x_wconf 76' lang='lat' dir='ltr'>ingredi,</span> <span class='ocrx_word' id='word_1_548' title='bbox 1436 1055 1545 1103; x_wconf 85' lang='lat' dir='ltr'>tenetur</span> <span class='ocrx_word' id='word_1_549' title='bbox 1559 1067 1689 1118; x_wconf 88' lang='lat' dir='ltr'>compen·</span> 
     </span>
     <span class='ocr_line' id='line_1_76' title="bbox 894 1119 1546 1187; baseline 0.014 -21"><span class='ocrx_word' id='word_1_550' title='bbox 894 1129 953 1166; x_wconf 86' lang='lat' dir='ltr'>sare</span> <span class='ocrx_word' id='word_1_551' title='bbox 967 1119 1067 1168; x_wconf 90' lang='lat' dir='ltr'>damna</span> <span class='ocrx_word' id='word_1_552' title='bbox 1082 1121 1108 1168; x_wconf 88' lang='lat' dir='ltr'>ot</span> <span class='ocrx_word' id='word_1_553' title='bbox 1123 1133 1253 1187; x_wconf 84' lang='lat' dir='ltr'>expensas</span> <span class='ocrx_word' id='word_1_554' title='bbox 1270 1121 1363 1184; x_wconf 86' lang='lat' dir='ltr'>lactas,</span> <span class='ocrx_word' id='word_1_555' title='bbox 1377 1136 1404 1173; x_wconf 92' lang='lat' dir='ltr'>n.</span> <span class='ocrx_word' id='word_1_556' title='bbox 1421 1125 1475 1186; x_wconf 80' lang='lat' dir='ltr'>sat,</span> <span class='ocrx_word' id='word_1_557' title='bbox 1490 1126 1546 1174; x_wconf 79' lang='lat'><strong>221.</strong></span> 
     </span>
     <span class='ocr_line' id='line_1_77' title="bbox 925 1189 1688 1256; baseline 0.008 -18"><span class='ocrx_word' id='word_1_558' title='bbox 925 1189 1065 1252; x_wconf 89' lang='lat' dir='ltr'>Sponsalin</span> <span class='ocrx_word' id='word_1_559' title='bbox 1080 1203 1113 1239; x_wconf 83' lang='lat' dir='ltr'>ex</span> <span class='ocrx_word' id='word_1_560' title='bbox 1127 1189 1181 1239; x_wconf 89' lang='lat' dir='ltr'>levi</span> <span class='ocrx_word' id='word_1_561' title='bbox 1199 1195 1273 1242; x_wconf 91' lang='lat' dir='ltr'>metu</span> <span class='ocrx_word' id='word_1_562' title='bbox 1288 1192 1388 1256; x_wconf 78' lang='lat' dir='ltr'>iniuste</span> <span class='ocrx_word' id='word_1_563' title='bbox 1402 1193 1511 1246; x_wconf 90' lang='lat' dir='ltr'>incusso</span> <span class='ocrx_word' id='word_1_564' title='bbox 1535 1196 1688 1255; x_wconf 86' lang='lat' dir='ltr'>contracta,</span> 
     </span>
     <span class='ocr_line' id='line_1_78' title="bbox 893 1258 1688 1328; baseline 0.011 -21"><span class='ocrx_word' id='word_1_565' title='bbox 893 1263 958 1308; x_wconf 91' lang='lat' dir='ltr'>sunt</span> <span class='ocrx_word' id='word_1_566' title='bbox 975 1258 1075 1320; x_wconf 81' lang='lat' dir='ltr'>valida,</span> <span class='ocrx_word' id='word_1_567' title='bbox 1090 1263 1204 1324; x_wconf 89' lang='lat' dir='ltr'>possunt</span> <span class='ocrx_word' id='word_1_568' title='bbox 1217 1264 1309 1312; x_wconf 90' lang='lat' dir='ltr'>tamen</span> <span class='ocrx_word' id='word_1_569' title='bbox 1327 1262 1427 1314; x_wconf 85' lang='lat' dir='ltr'>irritari</span> <span class='ocrx_word' id='word_1_570' title='bbox 1442 1279 1459 1314; x_wconf 90' lang='lat' dir='ltr'>a</span> <span class='ocrx_word' id='word_1_571' title='bbox 1473 1268 1576 1317; x_wconf 88' lang='lat' dir='ltr'>metum</span> <span class='ocrx_word' id='word_1_572' title='bbox 1591 1277 1688 1328; x_wconf 87' lang='lat' dir='ltr'>passo:</span> 
     </span>
     <span class='ocr_line' id='line_1_79' title="bbox 892 1329 1688 1398; baseline 0.008 -19"><span class='ocrx_word' id='word_1_573' title='bbox 892 1329 926 1384; x_wconf 89' lang='lat' dir='ltr'>ad</span> <span class='ocrx_word' id='word_1_574' title='bbox 943 1343 975 1379; x_wconf 90' lang='lat' dir='ltr'>ea</span> <span class='ocrx_word' id='word_1_575' title='bbox 989 1334 1090 1380; x_wconf 89' lang='lat' dir='ltr'>metum</span> <span class='ocrx_word' id='word_1_576' title='bbox 1106 1331 1243 1382; x_wconf 87' lang='lat' dir='ltr'>incutiens</span> <span class='ocrx_word' id='word_1_577' title='bbox 1259 1333 1428 1396; x_wconf 89' lang='lat' dir='ltr'>probabilius</span> <span class='ocrx_word' id='word_1_578' title='bbox 1438 1334 1582 1398; x_wconf 87' lang='lat' dir='ltr'>obligatur,</span> <span class='ocrx_word' id='word_1_579' title='bbox 1593 1349 1620 1384; x_wconf 93' lang='lat' dir='ltr'>n.</span> <span class='ocrx_word' id='word_1_580' title='bbox 1632 1336 1688 1385; x_wconf 78' lang='grc' dir='ltr'><strong>ιιι.</strong></span> 
     </span>
     <span class='ocr_line' id='line_1_80' title="bbox 894 1401 1690 1467; baseline 0 -15"><span class='ocrx_word' id='word_1_581' title='bbox 894 1401 932 1452; x_wconf 82' lang='lat' dir='ltr'>Ex</span> <span class='ocrx_word' id='word_1_582' title='bbox 947 1403 1020 1450; x_wconf 87' lang='lat' dir='ltr'>metu</span> <span class='ocrx_word' id='word_1_583' title='bbox 1035 1401 1110 1462; x_wconf 80' lang='lat' dir='ltr'>gravi</span> <span class='ocrx_word' id='word_1_584' title='bbox 1126 1402 1226 1464; x_wconf 73' lang='lat' dir='ltr'>iniuste</span> <span class='ocrx_word' id='word_1_585' title='bbox 1241 1401 1350 1453; x_wconf 87' lang='lat' dir='ltr'>incusso</span> <span class='ocrx_word' id='word_1_586' title='bbox 1365 1407 1503 1454; x_wconf 88' lang='lat' dir='ltr'>contracta</span> <span class='ocrx_word' id='word_1_587' title='bbox 1521 1404 1690 1467; x_wconf 90' lang='lat' dir='ltr'>probabilius</span> 
     </span>
     <span class='ocr_line' id='line_1_81' title="bbox 894 1471 1689 1538; baseline 0.004 -18"><span class='ocrx_word' id='word_1_588' title='bbox 894 1484 949 1520; x_wconf 92' lang='lat' dir='ltr'>non</span> <span class='ocrx_word' id='word_1_589' title='bbox 973 1475 1037 1520; x_wconf 90' lang='lat' dir='ltr'>sunt</span> <span class='ocrx_word' id='word_1_590' title='bbox 1061 1471 1179 1522; x_wconf 87' lang='lat' dir='ltr'>invalida</span> <span class='ocrx_word' id='word_1_591' title='bbox 1201 1473 1262 1535; x_wconf 84' lang='lat' dir='ltr'>jure</span> <span class='ocrx_word' id='word_1_592' title='bbox 1287 1477 1401 1535; x_wconf 82' lang='lat' dir='ltr'>natnrae,</span> <span class='ocrx_word' id='word_1_593' title='bbox 1425 1474 1472 1524; x_wconf 86' lang='lat' dir='ltr'>sed</span> <span class='ocrx_word' id='word_1_594' title='bbox 1494 1476 1556 1538; x_wconf 83' lang='lat' dir='ltr'>jure</span> <span class='ocrx_word' id='word_1_595' title='bbox 1570 1475 1689 1538; x_wconf 82' lang='lat' dir='ltr'>positivo</span> 
     </span>
     <span class='ocr_line' id='line_1_82' title="bbox 894 1540 1688 1608; baseline 0.005 -18"><span class='ocrx_word' id='word_1_596' title='bbox 894 1540 1070 1605; x_wconf 88' lang='lat' dir='ltr'>probabiliter</span> <span class='ocrx_word' id='word_1_597' title='bbox 1085 1542 1203 1592; x_wconf 87' lang='lat' dir='ltr'>invalida</span> <span class='ocrx_word' id='word_1_598' title='bbox 1218 1545 1290 1602; x_wconf 88' lang='lat' dir='ltr'>sunt,</span> <span class='ocrx_word' id='word_1_599' title='bbox 1302 1557 1353 1593; x_wconf 90' lang='lat' dir='ltr'>nec</span> <span class='ocrx_word' id='word_1_600' title='bbox 1365 1545 1520 1608; x_wconf 75' lang='lat' dir='ltr'>iuramento</span> <span class='ocrx_word' id='word_1_601' title='bbox 1533 1545 1688 1606; x_wconf 71' lang='lat' dir='ltr'>firmentum</span> 
     </span>
     <span class='ocr_line' id='line_1_83' title="bbox 893 1611 1678 1678; baseline 0.005 -16"><span class='ocrx_word' id='word_1_602' title='bbox 893 1612 965 1676; x_wconf 90' lang='lat' dir='ltr'>qnod</span> <span class='ocrx_word' id='word_1_603' title='bbox 975 1612 1081 1662; x_wconf 89' lang='lat' dir='ltr'>etiamsi</span> <span class='ocrx_word' id='word_1_604' title='bbox 1089 1611 1191 1664; x_wconf 85' lang='lat' dir='ltr'>iactum</span> <span class='ocrx_word' id='word_1_605' title='bbox 1200 1613 1244 1675; x_wconf 89' lang='lat' dir='ltr'>sit,</span> <span class='ocrx_word' id='word_1_606' title='bbox 1256 1627 1311 1664; x_wconf 91' lang='lat' dir='ltr'>nou</span> <span class='ocrx_word' id='word_1_607' title='bbox 1322 1614 1432 1678; x_wconf 90' lang='lat' dir='ltr'>obligat,</span> <span class='ocrx_word' id='word_1_608' title='bbox 1443 1629 1518 1664; x_wconf 84' lang='lat' dir='ltr'>nuru.</span> <span class='ocrx_word' id='word_1_609' title='bbox 1534 1617 1678 1678; x_wconf 82' lang='lat' dir='ltr'>ll,an.l⁰6.</span> 
     </span>
    </p>
   </div>
   <div class='ocr_carea' id='block_1_7' title="bbox 888 1691 1687 3664">
    <p class='ocr_par' dir='ltr' id='par_1_11' title="bbox 892 1691 1687 2106">
     <span class='ocr_line' id='line_1_84' title="bbox 924 1691 1683 1757; baseline 0 -15"><span class='ocrx_word' id='word_1_610' title='bbox 924 1691 1065 1754; x_wconf 87' lang='lat' dir='ltr'>Sponsalin</span> <span class='ocrx_word' id='word_1_611' title='bbox 1089 1691 1183 1741; x_wconf 86' lang='lat' dir='ltr'>invitis</span> <span class='ocrx_word' id='word_1_612' title='bbox 1203 1695 1230 1742; x_wconf 92' lang='lat' dir='ltr'>et</span> <span class='ocrx_word' id='word_1_613' title='bbox 1253 1692 1345 1742; x_wconf 91' lang='lat' dir='ltr'>insciis</span> <span class='ocrx_word' id='word_1_614' title='bbox 1369 1693 1528 1757; x_wconf 86' lang='lat' dir='ltr'>parentibus</span> <span class='ocrx_word' id='word_1_615' title='bbox 1542 1695 1683 1744; x_wconf 87' lang='lat' dir='ltr'>ordinarie</span> 
     </span>
     <span class='ocr_line' id='line_1_85' title="bbox 894 1761 1685 1828; baseline 0.004 -16"><span class='ocrx_word' id='word_1_616' title='bbox 894 1762 957 1812; x_wconf 91' lang='lat' dir='ltr'>iniri</span> <span class='ocrx_word' id='word_1_617' title='bbox 971 1774 1024 1812; x_wconf 92' lang='lat' dir='ltr'>uon</span> <span class='ocrx_word' id='word_1_618' title='bbox 1055 1761 1173 1822; x_wconf 71' lang='lat' dir='ltr'>debent,</span> <span class='ocrx_word' id='word_1_619' title='bbox 1188 1761 1211 1812; x_wconf 93' lang='lat' dir='ltr'>si</span> <span class='ocrx_word' id='word_1_620' title='bbox 1226 1765 1315 1812; x_wconf 90' lang='lat' dir='ltr'>tamen</span> <span class='ocrx_word' id='word_1_621' title='bbox 1331 1763 1398 1814; x_wconf 91' lang='lat' dir='ltr'>inita</span> <span class='ocrx_word' id='word_1_622' title='bbox 1415 1769 1479 1828; x_wconf 82' lang='lat' dir='ltr'>quot</span> <span class='ocrx_word' id='word_1_623' title='bbox 1496 1764 1585 1814; x_wconf 89' lang='lat' dir='ltr'>valida</span> <span class='ocrx_word' id='word_1_624' title='bbox 1600 1768 1627 1815; x_wconf 92' lang='grc' dir='ltr'>ιι</span> <span class='ocrx_word' id='word_1_625' title='bbox 1641 1778 1685 1815; x_wconf 89' lang='lat' dir='ltr'>or-</span> 
     </span>
     <span class='ocr_line' id='line_1_86' title="bbox 893 1832 1686 1897; baseline 0.004 -16"><span class='ocrx_word' id='word_1_626' title='bbox 893 1832 1000 1882; x_wconf 90' lang='lat' dir='ltr'>dinarie</span> <span class='ocrx_word' id='word_1_627' title='bbox 1018 1832 1142 1896; x_wconf 90' lang='lat' dir='ltr'>obligant</span> <span class='ocrx_word' id='word_1_628' title='bbox 1156 1834 1237 1882; x_wconf 91' lang='lat' dir='ltr'>etiam</span> <span class='ocrx_word' id='word_1_629' title='bbox 1252 1833 1434 1896; x_wconf 88' lang='lat' dir='ltr'>Minoraunes,</span> <span class='ocrx_word' id='word_1_630' title='bbox 1459 1849 1486 1884; x_wconf 95' lang='lat' dir='ltr'>n.</span> <span class='ocrx_word' id='word_1_631' title='bbox 1510 1838 1551 1895; x_wconf 77' lang='lat' dir='ltr'>ti,</span> <span class='ocrx_word' id='word_1_632' title='bbox 1572 1838 1612 1897; x_wconf 87' lang='grc' dir='ltr'>6ι,</span> <span class='ocrx_word' id='word_1_633' title='bbox 1631 1838 1686 1886; x_wconf 88' lang='grc' dir='ltr'><strong>ιιι.</strong></span> 
     </span>
     <span class='ocr_line' id='line_1_87' title="bbox 892 1903 1687 1969; baseline 0.008 -17"><span class='ocrx_word' id='word_1_634' title='bbox 892 1904 979 1954; x_wconf 86' lang='lat' dir='ltr'>Etiam</span> <span class='ocrx_word' id='word_1_635' title='bbox 992 1903 1128 1954; x_wconf 85' lang='lat' dir='ltr'>ordinarie</span> <span class='ocrx_word' id='word_1_636' title='bbox 1142 1905 1273 1967; x_wconf 85' lang='lat' dir='ltr'>obligant,</span> <span class='ocrx_word' id='word_1_637' title='bbox 1289 1906 1413 1969; x_wconf 84' lang='lat' dir='ltr'>quamvis</span> <span class='ocrx_word' id='word_1_638' title='bbox 1427 1911 1552 1969; x_wconf 88' lang='lat' dir='ltr'>parentes</span> <span class='ocrx_word' id='word_1_639' title='bbox 1563 1907 1601 1956; x_wconf 88' lang='lat' dir='ltr'>ita</span> <span class='ocrx_word' id='word_1_640' title='bbox 1611 1906 1687 1958; x_wconf 89' lang='lat' dir='ltr'>initis</span> 
     </span>
     <span class='ocr_line' id='line_1_88' title="bbox 893 1975 1683 2038; baseline 0.008 -16"><span class='ocrx_word' id='word_1_641' title='bbox 893 1975 1080 2025; x_wconf 91' lang='lat' dir='ltr'>contradicunt</span> <span class='ocrx_word' id='word_1_642' title='bbox 1103 1978 1130 2026; x_wconf 96' lang='grc' dir='ltr'>ιι</span> <span class='ocrx_word' id='word_1_643' title='bbox 1151 1975 1277 2038; x_wconf 81' lang='lat' dir='ltr'>quumvis</span> <span class='ocrx_word' id='word_1_644' title='bbox 1302 1977 1472 2030; x_wconf 88' lang='lat' dir='ltr'>minarentur</span> <span class='ocrx_word' id='word_1_645' title='bbox 1488 1979 1683 2030; x_wconf 74' lang='lat' dir='ltr'>exhaeredatio·</span> 
     </span>
     <span class='ocr_line' id='line_1_89' title="bbox 892 2049 1112 2106; baseline 0.005 -11"><span class='ocrx_word' id='word_1_646' title='bbox 892 2059 965 2106; x_wconf 85' lang='lat' dir='ltr'>nem,</span> <span class='ocrx_word' id='word_1_647' title='bbox 985 2060 1042 2097; x_wconf 90' lang='lat' dir='ltr'>su.</span> <span class='ocrx_word' id='word_1_648' title='bbox 1059 2049 1112 2098; x_wconf 88' lang='lat' dir='ltr'>llll.</span> 
     </span>
    </p>

    <p class='ocr_par' dir='ltr' id='par_1_12' title="bbox 889 2117 1687 3099">
     <span class='ocr_line' id='line_1_90' title="bbox 923 2117 1685 2184; baseline 0.005 -18"><span class='ocrx_word' id='word_1_649' title='bbox 923 2118 945 2166; x_wconf 85' lang='grc' dir='ltr'><strong>Α</strong></span> <span class='ocrx_word' id='word_1_650' title='bbox 962 2117 1134 2180; x_wconf 83' lang='lat' dir='ltr'>sponsalibus</span> <span class='ocrx_word' id='word_1_651' title='bbox 1148 2117 1272 2171; x_wconf 86' lang='lat' dir='ltr'>resiliens</span> <span class='ocrx_word' id='word_1_652' title='bbox 1286 2118 1319 2169; x_wconf 89' lang='lat' dir='ltr'>od</span> <span class='ocrx_word' id='word_1_653' title='bbox 1335 2120 1539 2172; x_wconf 87' lang='lat' dir='ltr'>Matrimonium</span> <span class='ocrx_word' id='word_1_654' title='bbox 1554 2119 1613 2183; x_wconf 88' lang='lat' dir='ltr'>cogi</span> <span class='ocrx_word' id='word_1_655' title='bbox 1637 2133 1685 2184; x_wconf 87' lang='lat' dir='ltr'>po.</span> 
     </span>
     <span class='ocr_line' id='line_1_91' title="bbox 892 2188 1687 2255; baseline 0.005 -19"><span class='ocrx_word' id='word_1_656' title='bbox 892 2191 954 2250; x_wconf 87' lang='lat' dir='ltr'>teet,</span> <span class='ocrx_word' id='word_1_657' title='bbox 969 2202 995 2238; x_wconf 94' lang='lat' dir='ltr'>n.</span> <span class='ocrx_word' id='word_1_658' title='bbox 1012 2191 1050 2238; x_wconf 76' lang='lat'>57.</span> <span class='ocrx_word' id='word_1_659' title='bbox 1069 2188 1247 2252; x_wconf 79' lang='lat' dir='ltr'>Calmbiliter</span> <span class='ocrx_word' id='word_1_660' title='bbox 1261 2190 1296 2240; x_wconf 87' lang='lat' dir='ltr'>ab</span> <span class='ocrx_word' id='word_1_661' title='bbox 1310 2190 1354 2240; x_wconf 88' lang='lat' dir='ltr'>his</span> <span class='ocrx_word' id='word_1_662' title='bbox 1369 2191 1491 2243; x_wconf 91' lang='lat' dir='ltr'>resiliens</span> <span class='ocrx_word' id='word_1_663' title='bbox 1515 2191 1604 2255; x_wconf 90' lang='lat' dir='ltr'>perdit</span> <span class='ocrx_word' id='word_1_664' title='bbox 1625 2203 1687 2241; x_wconf 87' lang='lat' dir='ltr'>suas</span> 
     </span>
     <span class='ocr_line' id='line_1_92' title="bbox 891 2259 1684 2324; baseline 0.003 -16"><span class='ocrx_word' id='word_1_665' title='bbox 891 2259 984 2309; x_wconf 88' lang='lat' dir='ltr'>arrhas</span> <span class='ocrx_word' id='word_1_666' title='bbox 1006 2262 1033 2308; x_wconf 89' lang='lat' dir='ltr'>et</span> <span class='ocrx_word' id='word_1_667' title='bbox 1056 2263 1163 2309; x_wconf 92' lang='lat' dir='ltr'>tenetur</span> <span class='ocrx_word' id='word_1_668' title='bbox 1186 2261 1221 2308; x_wconf 87' lang='lat' dir='ltr'>ad</span> <span class='ocrx_word' id='word_1_669' title='bbox 1243 2259 1357 2312; x_wconf 83' lang='lat' dir='ltr'>alterius</span> <span class='ocrx_word' id='word_1_670' title='bbox 1377 2262 1461 2324; x_wconf 90' lang='lat' dir='ltr'>partis</span> <span class='ocrx_word' id='word_1_671' title='bbox 1476 2261 1637 2320; x_wconf 87' lang='lat' dir='ltr'>reddendas,</span> <span class='ocrx_word' id='word_1_672' title='bbox 1653 2273 1684 2310; x_wconf 88' lang='lat' dir='ltr'>ao</span> 
     </span>
     <span class='ocr_line' id='line_1_93' title="bbox 891 2329 1687 2392; baseline 0.003 -14"><span class='ocrx_word' id='word_1_673' title='bbox 891 2329 926 2380; x_wconf 89' lang='lat' dir='ltr'>ad</span> <span class='ocrx_word' id='word_1_674' title='bbox 943 2329 1155 2390; x_wconf 87' lang='lat' dir='ltr'>restitutionem,</span> <span class='ocrx_word' id='word_1_675' title='bbox 1173 2330 1269 2391; x_wconf 89' lang='lat' dir='ltr'>quanti</span> <span class='ocrx_word' id='word_1_676' title='bbox 1292 2331 1349 2392; x_wconf 86' lang='lat' dir='ltr'>ejus</span> <span class='ocrx_word' id='word_1_677' title='bbox 1374 2331 1505 2381; x_wconf 84' lang='lat' dir='ltr'>intererat</span> <span class='ocrx_word' id='word_1_678' title='bbox 1522 2331 1603 2382; x_wconf 89' lang='lat' dir='ltr'>talem</span> <span class='ocrx_word' id='word_1_679' title='bbox 1621 2344 1687 2380; x_wconf 90' lang='lat' dir='ltr'>cou-</span> 
     </span>
     <span class='ocr_line' id='line_1_94' title="bbox 891 2399 1687 2466; baseline 0.003 -18"><span class='ocrx_word' id='word_1_680' title='bbox 891 2401 1007 2449; x_wconf 89' lang='lat' dir='ltr'>traclum</span> <span class='ocrx_word' id='word_1_681' title='bbox 1024 2399 1142 2462; x_wconf 89' lang='lat' dir='ltr'>impleri,</span> <span class='ocrx_word' id='word_1_682' title='bbox 1159 2399 1226 2448; x_wconf 90' lang='lat' dir='ltr'>ibid.</span> <span class='ocrx_word' id='word_1_683' title='bbox 1242 2400 1316 2452; x_wconf 84' lang='lat' dir='ltr'>iuste</span> <span class='ocrx_word' id='word_1_684' title='bbox 1339 2401 1374 2450; x_wconf 92' lang='lat' dir='ltr'>ub</span> <span class='ocrx_word' id='word_1_685' title='bbox 1399 2401 1432 2450; x_wconf 89' lang='lat' dir='ltr'>iis</span> <span class='ocrx_word' id='word_1_686' title='bbox 1453 2402 1578 2452; x_wconf 87' lang='lat' dir='ltr'>resiliens</span> <span class='ocrx_word' id='word_1_687' title='bbox 1593 2401 1687 2466; x_wconf 85' lang='lat' dir='ltr'>proba·</span> 
     </span>
     <span class='ocr_line' id='line_1_95' title="bbox 891 2468 1686 2536; baseline 0.003 -18"><span class='ocrx_word' id='word_1_688' title='bbox 891 2468 985 2520; x_wconf 87' lang='lat' dir='ltr'>bilitcr</span> <span class='ocrx_word' id='word_1_689' title='bbox 998 2482 1054 2518; x_wconf 92' lang='lat' dir='ltr'>non</span> <span class='ocrx_word' id='word_1_690' title='bbox 1068 2473 1178 2519; x_wconf 89' lang='lat' dir='ltr'>tenetur</span> <span class='ocrx_word' id='word_1_691' title='bbox 1190 2469 1224 2518; x_wconf 92' lang='lat' dir='ltr'>ad</span> <span class='ocrx_word' id='word_1_692' title='bbox 1241 2482 1371 2532; x_wconf 81' lang='lat' dir='ltr'>expensas</span> <span class='ocrx_word' id='word_1_693' title='bbox 1394 2473 1421 2520; x_wconf 87' lang='lat' dir='ltr'>et</span> <span class='ocrx_word' id='word_1_694' title='bbox 1445 2471 1555 2531; x_wconf 87' lang='lat' dir='ltr'>damna,</span> <span class='ocrx_word' id='word_1_695' title='bbox 1571 2483 1631 2536; x_wconf 82' lang='lat' dir='ltr'>quse</span> <span class='ocrx_word' id='word_1_696' title='bbox 1646 2471 1686 2520; x_wconf 89' lang='lat' dir='ltr'>in·</span> 
     </span>
     <span class='ocr_line' id='line_1_96' title="bbox 889 2539 1686 2604; baseline 0.001 -15"><span class='ocrx_word' id='word_1_697' title='bbox 889 2541 963 2604; x_wconf 81' lang='lat' dir='ltr'>jisste</span> <span class='ocrx_word' id='word_1_698' title='bbox 988 2541 1112 2590; x_wconf 89' lang='lat' dir='ltr'>resiliens</span> <span class='ocrx_word' id='word_1_699' title='bbox 1138 2553 1313 2603; x_wconf 87' lang='lat' dir='ltr'>compensare</span> <span class='ocrx_word' id='word_1_700' title='bbox 1332 2539 1427 2602; x_wconf 88' lang='lat' dir='ltr'>debet,</span> <span class='ocrx_word' id='word_1_701' title='bbox 1449 2555 1464 2590; x_wconf 90' lang='lat' dir='ltr'>a</span> <span class='ocrx_word' id='word_1_702' title='bbox 1486 2555 1513 2592; x_wconf 89' lang='lat' dir='ltr'>n.</span> <span class='ocrx_word' id='word_1_703' title='bbox 1536 2542 1590 2591; x_wconf 83' lang='lat'><strong>218.</strong></span> <span class='ocrx_word' id='word_1_704' title='bbox 1614 2541 1686 2600; x_wconf 58' lang='lat' dir='ltr'>Dans</span> 
     </span>
     <span class='ocr_line' id='line_1_97' title="bbox 891 2610 1685 2674; baseline 0.001 -14"><span class='ocrx_word' id='word_1_705' title='bbox 891 2611 969 2661; x_wconf 90' lang='lat' dir='ltr'>alteri</span> <span class='ocrx_word' id='word_1_706' title='bbox 983 2611 1084 2674; x_wconf 85' lang='lat' dir='ltr'>justam</span> <span class='ocrx_word' id='word_1_707' title='bbox 1102 2623 1190 2660; x_wconf 87' lang='lat' dir='ltr'>casum</span> <span class='ocrx_word' id='word_1_708' title='bbox 1213 2610 1249 2659; x_wconf 90' lang='lat' dir='ltr'>ab</span> <span class='ocrx_word' id='word_1_709' title='bbox 1273 2610 1306 2660; x_wconf 87' lang='lat' dir='ltr'>iis</span> <span class='ocrx_word' id='word_1_710' title='bbox 1330 2611 1480 2670; x_wconf 86' lang='lat' dir='ltr'>resiliendi,</span> <span class='ocrx_word' id='word_1_711' title='bbox 1498 2613 1607 2660; x_wconf 86' lang='lat' dir='ltr'>tenetur</span> <span class='ocrx_word' id='word_1_712' title='bbox 1621 2611 1685 2662; x_wconf 88' lang='lat' dir='ltr'>buia</span> 
     </span>
     <span class='ocr_line' id='line_1_98' title="bbox 892 2679 1684 2745; baseline -0.001 -14"><span class='ocrx_word' id='word_1_713' title='bbox 892 2693 1023 2745; x_wconf 82' lang='lat' dir='ltr'>expensas</span> <span class='ocrx_word' id='word_1_714' title='bbox 1037 2680 1188 2741; x_wconf 83' lang='lat' dir='ltr'>retundere,</span> <span class='ocrx_word' id='word_1_715' title='bbox 1204 2694 1231 2730; x_wconf 93' lang='lat' dir='ltr'>n.</span> <span class='ocrx_word' id='word_1_716' title='bbox 1246 2679 1301 2730; x_wconf 73' lang='lat'><strong>222.</strong></span> <span class='ocrx_word' id='word_1_717' title='bbox 1317 2681 1356 2730; x_wconf 80' lang='lat' dir='ltr'>Ab</span> <span class='ocrx_word' id='word_1_718' title='bbox 1372 2681 1406 2730; x_wconf 90' lang='lat' dir='ltr'>iis</span> <span class='ocrx_word' id='word_1_719' title='bbox 1424 2680 1558 2741; x_wconf 87' lang='lat' dir='ltr'>resiliens,</span> <span class='ocrx_word' id='word_1_720' title='bbox 1574 2681 1621 2744; x_wconf 92' lang='lat' dir='ltr'>qui</span> <span class='ocrx_word' id='word_1_721' title='bbox 1634 2681 1684 2730; x_wconf 91' lang='lat' dir='ltr'>ab·</span> 
     </span>
     <span class='ocr_line' id='line_1_99' title="bbox 889 2751 1684 2816; baseline -0.003 -12"><span class='ocrx_word' id='word_1_722' title='bbox 889 2753 989 2812; x_wconf 81' lang='lat' dir='ltr'>soluta,</span> <span class='ocrx_word' id='word_1_723' title='bbox 1007 2752 1052 2802; x_wconf 91' lang='lat' dir='ltr'>sed</span> <span class='ocrx_word' id='word_1_724' title='bbox 1072 2751 1221 2802; x_wconf 87' lang='lat' dir='ltr'>liberaliter</span> <span class='ocrx_word' id='word_1_725' title='bbox 1234 2751 1369 2814; x_wconf 89' lang='lat' dir='ltr'>promisit,</span> <span class='ocrx_word' id='word_1_726' title='bbox 1392 2751 1415 2800; x_wconf 91' lang='lat' dir='ltr'>si</span> <span class='ocrx_word' id='word_1_727' title='bbox 1437 2752 1579 2814; x_wconf 87' lang='lat' dir='ltr'>promissio</span> <span class='ocrx_word' id='word_1_728' title='bbox 1593 2764 1684 2816; x_wconf 85' lang='lat' dir='ltr'>accep</span> 
     </span>
     <span class='ocr_line' id='line_1_100' title="bbox 891 2821 1685 2885; baseline -0.001 -9"><span class='ocrx_word' id='word_1_729' title='bbox 891 2829 960 2884; x_wconf 82' lang='lat' dir='ltr'>tata,</span> <span class='ocrx_word' id='word_1_730' title='bbox 983 2822 1028 2874; x_wconf 84' lang='lat' dir='ltr'>sed</span> <span class='ocrx_word' id='word_1_731' title='bbox 1053 2823 1170 2874; x_wconf 87' lang='lat' dir='ltr'>nonsit</span> <span class='ocrx_word' id='word_1_732' title='bbox 1193 2821 1262 2870; x_wconf 89' lang='lat' dir='ltr'>iacta</span> <span class='ocrx_word' id='word_1_733' title='bbox 1286 2821 1479 2884; x_wconf 88' lang='lat' dir='ltr'>repromissio,</span> <span class='ocrx_word' id='word_1_734' title='bbox 1504 2823 1685 2885; x_wconf 89' lang='lat' dir='ltr'>probabiliter</span> 
     </span>
     <span class='ocr_line' id='line_1_101' title="bbox 891 2893 1684 2957; baseline -0.001 -12"><span class='ocrx_word' id='word_1_735' title='bbox 891 2899 998 2946; x_wconf 90' lang='lat' dir='ltr'>tautum</span> <span class='ocrx_word' id='word_1_736' title='bbox 1014 2897 1107 2957; x_wconf 87' lang='lat' dir='ltr'>peccat</span> <span class='ocrx_word' id='word_1_737' title='bbox 1120 2893 1283 2955; x_wconf 78' lang='lat' dir='ltr'>venialiter;</span> <span class='ocrx_word' id='word_1_738' title='bbox 1304 2893 1376 2955; x_wconf 92' lang='lat' dir='ltr'>qnod</span> <span class='ocrx_word' id='word_1_739' title='bbox 1391 2893 1413 2942; x_wconf 90' lang='lat' dir='ltr'>si</span> <span class='ocrx_word' id='word_1_740' title='bbox 1427 2893 1507 2944; x_wconf 89' lang='lat' dir='ltr'>alteri</span> <span class='ocrx_word' id='word_1_741' title='bbox 1522 2894 1684 2944; x_wconf 82' lang='lat' dir='ltr'>volueritis·</span> 
     </span>
     <span class='ocr_line' id='line_1_102' title="bbox 891 2963 1685 3030; baseline 0 -14"><span class='ocrx_word' id='word_1_742' title='bbox 891 2979 949 3016; x_wconf 83' lang='lat' dir='ltr'>ccre</span> <span class='ocrx_word' id='word_1_743' title='bbox 972 2967 1017 3030; x_wconf 83' lang='lat' dir='ltr'>jus</span> <span class='ocrx_word' id='word_1_744' title='bbox 1039 2966 1184 3026; x_wconf 84' lang='lat' dir='ltr'>strictum,</span> <span class='ocrx_word' id='word_1_745' title='bbox 1210 2963 1378 3026; x_wconf 88' lang='lat' dir='ltr'>probabilius</span> <span class='ocrx_word' id='word_1_746' title='bbox 1408 2969 1501 3028; x_wconf 86' lang='lat' dir='ltr'>peccat</span> <span class='ocrx_word' id='word_1_747' title='bbox 1533 2965 1685 3016; x_wconf 89' lang='lat' dir='ltr'>mortaliter</span> 
     </span>
     <span class='ocr_line' id='line_1_103' title="bbox 891 3035 1241 3099; baseline -0.011 -11"><span class='ocrx_word' id='word_1_748' title='bbox 891 3041 985 3088; x_wconf 83' lang='lat' dir='ltr'>contra</span> <span class='ocrx_word' id='word_1_749' title='bbox 997 3035 1145 3099; x_wconf 83' lang='lat' dir='ltr'>justitiam,</span> <span class='ocrx_word' id='word_1_750' title='bbox 1160 3047 1186 3082; x_wconf 94' lang='lat' dir='ltr'>n.</span> <span class='ocrx_word' id='word_1_751' title='bbox 1202 3035 1241 3084; x_wconf 79' lang='lat'>58.</span> 
     </span>
    </p>

    <p class='ocr_par' dir='ltr' id='par_1_13' title="bbox 888 3103 1684 3664">
     <span class='ocr_line' id='line_1_104' title="bbox 923 3103 1683 3170; baseline -0.004 -11"><span class='ocrx_word' id='word_1_752' title='bbox 923 3106 1063 3170; x_wconf 83' lang='lat' dir='ltr'>Sponsalin</span> <span class='ocrx_word' id='word_1_753' title='bbox 1093 3105 1243 3168; x_wconf 88' lang='lat' dir='ltr'>posteriora</span> <span class='ocrx_word' id='word_1_754' title='bbox 1268 3107 1360 3154; x_wconf 88' lang='lat' dir='ltr'>contra</span> <span class='ocrx_word' id='word_1_755' title='bbox 1377 3103 1457 3154; x_wconf 85' lang='lat' dir='ltr'>fldem</span> <span class='ocrx_word' id='word_1_756' title='bbox 1471 3105 1591 3168; x_wconf 91' lang='lat' dir='ltr'>priorum</span> <span class='ocrx_word' id='word_1_757' title='bbox 1606 3105 1683 3168; x_wconf 89' lang='lat' dir='ltr'>inita,</span> 
     </span>
     <span class='ocr_line' id='line_1_105' title="bbox 891 3174 1683 3242; baseline -0.004 -14"><span class='ocrx_word' id='word_1_758' title='bbox 891 3178 1016 3242; x_wconf 80' lang='lat' dir='ltr'>quamvis</span> <span class='ocrx_word' id='word_1_759' title='bbox 1028 3177 1117 3240; x_wconf 77' lang='lat' dir='ltr'>iurata</span> <span class='ocrx_word' id='word_1_760' title='bbox 1132 3175 1195 3234; x_wconf 86' lang='lat' dir='ltr'>sint,</span> <span class='ocrx_word' id='word_1_761' title='bbox 1211 3177 1259 3224; x_wconf 91' lang='lat' dir='ltr'>aut</span> <span class='ocrx_word' id='word_1_762' title='bbox 1277 3174 1373 3236; x_wconf 89' lang='lat' dir='ltr'>copula</span> <span class='ocrx_word' id='word_1_763' title='bbox 1396 3175 1549 3236; x_wconf 79' lang='lat' dir='ltr'>acoesserit,</span> <span class='ocrx_word' id='word_1_764' title='bbox 1572 3179 1620 3226; x_wconf 88' lang='lat' dir='ltr'>sut</span> <span class='ocrx_word' id='word_1_765' title='bbox 1642 3189 1683 3225; x_wconf 87' lang='lat' dir='ltr'>so·</span> 
     </span>
     <span class='ocr_line' id='line_1_106' title="bbox 890 3243 1684 3308; baseline -0.003 -10"><span class='ocrx_word' id='word_1_766' title='bbox 890 3248 1015 3299; x_wconf 89' lang='lat' dir='ltr'>lemniter</span> <span class='ocrx_word' id='word_1_767' title='bbox 1030 3259 1121 3296; x_wconf 83' lang='lat' dir='ltr'>coram</span> <span class='ocrx_word' id='word_1_768' title='bbox 1136 3243 1255 3295; x_wconf 88' lang='lat' dir='ltr'>Parocbo</span> <span class='ocrx_word' id='word_1_769' title='bbox 1270 3248 1297 3294; x_wconf 89' lang='grc' dir='ltr'>ιι</span> <span class='ocrx_word' id='word_1_770' title='bbox 1312 3245 1424 3294; x_wconf 90' lang='lat' dir='ltr'>testibus</span> <span class='ocrx_word' id='word_1_771' title='bbox 1440 3245 1518 3308; x_wconf 89' lang='lat' dir='ltr'>inita,</span> <span class='ocrx_word' id='word_1_772' title='bbox 1532 3249 1596 3296; x_wconf 89' lang='lat' dir='ltr'>sunt</span> <span class='ocrx_word' id='word_1_773' title='bbox 1609 3247 1684 3296; x_wconf 90' lang='lat' dir='ltr'>inva-</span> 
     </span>
     <span class='ocr_line' id='line_1_107' title="bbox 889 3315 1682 3380; baseline 0 -13"><span class='ocrx_word' id='word_1_774' title='bbox 889 3318 955 3376; x_wconf 90' lang='lat' dir='ltr'>lida,</span> <span class='ocrx_word' id='word_1_775' title='bbox 970 3318 1032 3368; x_wconf 85' lang='lat' dir='ltr'>licet</span> <span class='ocrx_word' id='word_1_776' title='bbox 1046 3319 1135 3380; x_wconf 89' lang='lat' dir='ltr'>priora</span> <span class='ocrx_word' id='word_1_777' title='bbox 1150 3315 1317 3365; x_wconf 86' lang='lat' dir='ltr'>clandestine</span> <span class='ocrx_word' id='word_1_778' title='bbox 1342 3316 1396 3364; x_wconf 90' lang='lat' dir='ltr'>sint</span> <span class='ocrx_word' id='word_1_779' title='bbox 1419 3315 1486 3372; x_wconf 89' lang='lat' dir='ltr'>inita</span> <span class='ocrx_word' id='word_1_780' title='bbox 1506 3334 1513 3366; x_wconf 76' lang='grc' dir='ltr'>ι</span> <span class='ocrx_word' id='word_1_781' title='bbox 1538 3321 1625 3379; x_wconf 86' lang='lat' dir='ltr'>potest</span> <span class='ocrx_word' id='word_1_782' title='bbox 1641 3322 1682 3368; x_wconf 86' lang='lat' dir='ltr'>ta·</span> 
     </span>
     <span class='ocr_line' id='line_1_108' title="bbox 890 3387 1683 3452; baseline 0 -14"><span class='ocrx_word' id='word_1_783' title='bbox 890 3388 1052 3440; x_wconf 80' lang='lat' dir='ltr'>menludas</span> <span class='ocrx_word' id='word_1_784' title='bbox 1067 3389 1158 3452; x_wconf 91' lang='lat' dir='ltr'>priora</span> <span class='ocrx_word' id='word_1_785' title='bbox 1185 3387 1313 3449; x_wconf 88' lang='lat' dir='ltr'>ignorans</span> <span class='ocrx_word' id='word_1_786' title='bbox 1338 3387 1488 3448; x_wconf 86' lang='lat' dir='ltr'>aliquando</span> <span class='ocrx_word' id='word_1_787' title='bbox 1511 3387 1545 3437; x_wconf 90' lang='lat' dir='ltr'>ad</span> <span class='ocrx_word' id='word_1_788' title='bbox 1566 3388 1683 3438; x_wconf 87' lang='lat' dir='ltr'>secunda</span> 
     </span>
     <span class='ocr_line' id='line_1_109' title="bbox 891 3458 1684 3523; baseline 0 -15"><span class='ocrx_word' id='word_1_789' title='bbox 891 3459 938 3508; x_wconf 91' lang='lat' dir='ltr'>illa</span> <span class='ocrx_word' id='word_1_790' title='bbox 953 3471 1058 3523; x_wconf 85' lang='lat' dir='ltr'>cogere,</span> <span class='ocrx_word' id='word_1_791' title='bbox 1083 3459 1101 3508; x_wconf 96' lang='lat' dir='ltr'>l.</span> <span class='ocrx_word' id='word_1_792' title='bbox 1124 3460 1149 3519; x_wconf 89' lang='grc'>6,</span> <span class='ocrx_word' id='word_1_793' title='bbox 1176 3471 1201 3521; x_wconf 94' lang='lat' dir='ltr'>p.</span> <span class='ocrx_word' id='word_1_794' title='bbox 1228 3459 1253 3518; x_wconf 90' lang='grc'>3,</span> <span class='ocrx_word' id='word_1_795' title='bbox 1269 3471 1295 3507; x_wconf 91' lang='grc' dir='ltr'>ι.</span> <span class='ocrx_word' id='word_1_796' title='bbox 1311 3460 1351 3518; x_wconf 82' lang='lat'>57,</span> <span class='ocrx_word' id='word_1_797' title='bbox 1367 3472 1382 3507; x_wconf 92' lang='lat' dir='ltr'>a</span> <span class='ocrx_word' id='word_1_798' title='bbox 1397 3471 1424 3508; x_wconf 94' lang='lat' dir='ltr'>n.</span> <span class='ocrx_word' id='word_1_799' title='bbox 1440 3458 1479 3507; x_wconf 83' lang='grc'>73.</span> <span class='ocrx_word' id='word_1_800' title='bbox 1496 3459 1587 3508; x_wconf 81' lang='lat' dir='ltr'>Potest</span> <span class='ocrx_word' id='word_1_801' title='bbox 1601 3460 1684 3510; x_wconf 87' lang='lat' dir='ltr'>etiam</span> 
     </span>
     <span class='ocr_line' id='line_1_110' title="bbox 889 3529 1682 3595; baseline 0.001 -16"><span class='ocrx_word' id='word_1_802' title='bbox 889 3531 990 3594; x_wconf 87' lang='lat' dir='ltr'>puelle,</span> <span class='ocrx_word' id='word_1_803' title='bbox 1005 3531 1028 3580; x_wconf 92' lang='lat' dir='ltr'>si</span> <span class='ocrx_word' id='word_1_804' title='bbox 1044 3534 1104 3595; x_wconf 89' lang='lat' dir='ltr'>post</span> <span class='ocrx_word' id='word_1_805' title='bbox 1120 3531 1186 3580; x_wconf 88' lang='lat' dir='ltr'>inita</span> <span class='ocrx_word' id='word_1_806' title='bbox 1207 3529 1343 3592; x_wconf 89' lang='lat' dir='ltr'>sponsalia</span> <span class='ocrx_word' id='word_1_807' title='bbox 1367 3542 1429 3579; x_wconf 91' lang='lat' dir='ltr'>cum</span> <span class='ocrx_word' id='word_1_808' title='bbox 1453 3529 1551 3592; x_wconf 91' lang='lat' dir='ltr'>primo,</span> <span class='ocrx_word' id='word_1_809' title='bbox 1576 3531 1682 3594; x_wconf 76' lang='lat' dir='ltr'>imprae-</span> 
     </span>
     <span class='ocr_line' id='line_1_111' title="bbox 888 3599 1683 3664; baseline 0.001 -14"><span class='ocrx_word' id='word_1_810' title='bbox 888 3606 970 3664; x_wconf 85' lang='lat' dir='ltr'>gnata</span> <span class='ocrx_word' id='word_1_811' title='bbox 985 3601 1050 3650; x_wconf 90' lang='lat' dir='ltr'>sita</span> <span class='ocrx_word' id='word_1_812' title='bbox 1066 3600 1194 3661; x_wconf 87' lang='lat' dir='ltr'>secundo,</span> <span class='ocrx_word' id='word_1_813' title='bbox 1210 3600 1256 3662; x_wconf 92' lang='lat' dir='ltr'>qui</span> <span class='ocrx_word' id='word_1_814' title='bbox 1271 3613 1300 3650; x_wconf 90' lang='lat' dir='ltr'>ee</span> <span class='ocrx_word' id='word_1_815' title='bbox 1315 3599 1394 3650; x_wconf 88' lang='lat' dir='ltr'>oticrt</span> <span class='ocrx_word' id='word_1_816' title='bbox 1406 3600 1440 3650; x_wconf 93' lang='lat' dir='ltr'>ad</span> <span class='ocrx_word' id='word_1_817' title='bbox 1451 3600 1683 3663; x_wconf 88' lang='lat' dir='ltr'>eamducendam,</span> 
     </span>
    </p>
   </div>
   <div class='ocr_carea' id='block_1_8' title="bbox 881 3673 1175 3735">
    <p class='ocr_par' dir='ltr' id='par_1_14' title="bbox 881 3673 1175 3735">
     <span class='ocr_line' id='line_1_112' title="bbox 881 3673 1175 3735; baseline -0.007 -11"><span class='ocrx_word' id='word_1_818' title='bbox 881 3673 953 3724; x_wconf 79' lang='lat' dir='ltr'>,huic</span> <span class='ocrx_word' id='word_1_819' title='bbox 967 3674 1080 3735; x_wconf 87' lang='lat' dir='ltr'>nubere,</span> <span class='ocrx_word' id='word_1_820' title='bbox 1095 3687 1121 3723; x_wconf 89' lang='lat' dir='ltr'>n.</span> <span class='ocrx_word' id='word_1_821' title='bbox 1137 3675 1175 3722; x_wconf 79' lang='grc' dir='ltr'>ιι.</span> 
     </span>
    </p>
   </div>
   <div class='ocr_carea' id='block_1_9' title="bbox 887 3742 1683 3947">
    <p class='ocr_par' dir='ltr' id='par_1_15' title="bbox 887 3742 1683 3947">
     <span class='ocr_line' id='line_1_113' title="bbox 921 3742 1683 3807; baseline -0.005 -13"><span class='ocrx_word' id='word_1_822' title='bbox 921 3745 971 3805; x_wconf 84' lang='lat' dir='ltr'>Qui</span> <span class='ocrx_word' id='word_1_823' title='bbox 991 3743 1126 3807; x_wconf 88' lang='lat' dir='ltr'>sponsalia</span> <span class='ocrx_word' id='word_1_824' title='bbox 1142 3742 1224 3792; x_wconf 83' lang='lat' dir='ltr'>inivit</span> <span class='ocrx_word' id='word_1_825' title='bbox 1238 3755 1300 3792; x_wconf 88' lang='lat' dir='ltr'>cnm</span> <span class='ocrx_word' id='word_1_826' title='bbox 1315 3743 1438 3806; x_wconf 90' lang='lat' dir='ltr'>pluribus</span> <span class='ocrx_word' id='word_1_827' title='bbox 1452 3745 1547 3792; x_wconf 89' lang='lat' dir='ltr'>contra</span> <span class='ocrx_word' id='word_1_828' title='bbox 1561 3743 1683 3805; x_wconf 88' lang='lat' dir='ltr'>sponsio.</span> 
     </span>
     <span class='ocr_line' id='line_1_114' title="bbox 887 3811 1682 3879; baseline -0.001 -15"><span class='ocrx_word' id='word_1_829' title='bbox 887 3828 951 3864; x_wconf 89' lang='lat' dir='ltr'>nem</span> <span class='ocrx_word' id='word_1_830' title='bbox 966 3816 1061 3879; x_wconf 78' lang='lat' dir='ltr'>primas</span> <span class='ocrx_word' id='word_1_831' title='bbox 1075 3814 1185 3874; x_wconf 87' lang='lat' dir='ltr'>iactum,</span> <span class='ocrx_word' id='word_1_832' title='bbox 1194 3814 1217 3862; x_wconf 88' lang='lat' dir='ltr'>si</span> <span class='ocrx_word' id='word_1_833' title='bbox 1228 3813 1286 3864; x_wconf 80' lang='lat' dir='ltr'>baeo</span> <span class='ocrx_word' id='word_1_834' title='bbox 1296 3815 1426 3864; x_wconf 92' lang='lat' dir='ltr'>moriatur</span> <span class='ocrx_word' id='word_1_835' title='bbox 1436 3813 1477 3863; x_wconf 88' lang='lat' dir='ltr'>vel</span> <span class='ocrx_word' id='word_1_836' title='bbox 1488 3811 1682 3878; x_wconf 86' lang='lat' dir='ltr'>obligationem</span> 
     </span>
     <span class='ocr_line' id='line_1_115' title="bbox 888 3882 1681 3947; baseline -0.001 -12"><span class='ocrx_word' id='word_1_837' title='bbox 888 3886 1019 3944; x_wconf 88' lang='lat' dir='ltr'>remittat,</span> <span class='ocrx_word' id='word_1_838' title='bbox 1034 3885 1171 3935; x_wconf 90' lang='lat' dir='ltr'>ordinarie</span> <span class='ocrx_word' id='word_1_839' title='bbox 1191 3897 1245 3932; x_wconf 92' lang='lat' dir='ltr'>non</span> <span class='ocrx_word' id='word_1_840' title='bbox 1267 3887 1375 3936; x_wconf 86' lang='lat' dir='ltr'>tenetur</span> <span class='ocrx_word' id='word_1_841' title='bbox 1398 3882 1447 3933; x_wconf 92' lang='lat' dir='ltr'>ulli</span> <span class='ocrx_word' id='word_1_842' title='bbox 1471 3895 1504 3934; x_wconf 87' lang='lat' dir='ltr'>ex</span> <span class='ocrx_word' id='word_1_843' title='bbox 1525 3885 1681 3947; x_wconf 87' lang='lat' dir='ltr'>posteriori-</span> 
     </span>
    </p>
   </div>
   <div class='ocr_carea' id='block_1_10' title="bbox 878 3955 1045 4016">
    <p class='ocr_par' dir='ltr' id='par_1_16' title="bbox 878 3955 1045 4016">
     <span class='ocr_line' id='line_1_116' title="bbox 878 3955 1045 4016; baseline -0.018 -10"><span class='ocrx_word' id='word_1_844' title='bbox 878 3955 948 4016; x_wconf 90' lang='lat' dir='ltr'>·bns,</span> <span class='ocrx_word' id='word_1_845' title='bbox 965 3969 991 4004; x_wconf 93' lang='lat' dir='ltr'>n.</span> <span class='ocrx_word' id='word_1_846' title='bbox 1006 3957 1045 4006; x_wconf 79' lang='grc' dir='ltr'>ιι.</span> 
     </span>
    </p>
   </div>
   <div class='ocr_carea' id='block_1_11' title="bbox 919 4023 1681 4089">
    <p class='ocr_par' dir='ltr' id='par_1_17' title="bbox 919 4023 1681 4089">
     <span class='ocr_line' id='line_1_117' title="bbox 919 4023 1681 4089; baseline -0.003 -13"><span class='ocrx_word' id='word_1_847' title='bbox 919 4024 1059 4089; x_wconf 87' lang='lat' dir='ltr'>Sponsalin</span> <span class='ocrx_word' id='word_1_848' title='bbox 1083 4025 1230 4086; x_wconf 89' lang='lat' dir='ltr'>posteriora</span> <span class='ocrx_word' id='word_1_849' title='bbox 1255 4027 1322 4076; x_wconf 86' lang='lat' dir='ltr'>inita</span> <span class='ocrx_word' id='word_1_850' title='bbox 1346 4023 1395 4074; x_wconf 90' lang='lat' dir='ltr'>sub</span> <span class='ocrx_word' id='word_1_851' title='bbox 1419 4023 1586 4084; x_wconf 90' lang='lat' dir='ltr'>conditione,</span> <span class='ocrx_word' id='word_1_852' title='bbox 1603 4025 1626 4074; x_wconf 91' lang='lat' dir='ltr'>si</span> <span class='ocrx_word' id='word_1_853' title='bbox 1642 4023 1681 4074; x_wconf 90' lang='lat' dir='ltr'>al·</span> 
     </span>
    </p>
   </div>
   <div class='ocr_carea' id='block_1_12' title="bbox 879 4095 1679 4160">
    <p class='ocr_par' dir='ltr' id='par_1_18' title="bbox 879 4095 1679 4160">
     <span class='ocr_line' id='line_1_118' title="bbox 879 4095 1679 4160; baseline 0 -14"><span class='ocrx_word' id='word_1_854' title='bbox 879 4100 945 4146; x_wconf 89' lang='lat' dir='ltr'>-tera</span> <span class='ocrx_word' id='word_1_855' title='bbox 969 4109 1067 4160; x_wconf 87' lang='lat' dir='ltr'>sponsa</span> <span class='ocrx_word' id='word_1_856' title='bbox 1091 4095 1184 4156; x_wconf 87' lang='lat' dir='ltr'>nollet,</span> <span class='ocrx_word' id='word_1_857' title='bbox 1208 4098 1251 4147; x_wconf 85' lang='lat' dir='ltr'>rel</span> <span class='ocrx_word' id='word_1_858' title='bbox 1275 4099 1435 4157; x_wconf 87' lang='lat' dir='ltr'>moreretur,</span> <span class='ocrx_word' id='word_1_859' title='bbox 1460 4095 1503 4144; x_wconf 89' lang='grc' dir='ltr'>ιιι</span> <span class='ocrx_word' id='word_1_860' title='bbox 1518 4095 1679 4156; x_wconf 83' lang='grc' dir='ltr'><strong>ιιιιίιιιιιι,</strong></span> 
     </span>
    </p>
   </div>
   <div class='ocr_carea' id='block_1_13' title="bbox 887 4167 1681 4374">
    <p class='ocr_par' dir='ltr' id='par_1_19' title="bbox 887 4167 1681 4374">
     <span class='ocr_line' id='line_1_119' title="bbox 887 4167 1681 4230; baseline 0.004 -13"><span class='ocrx_word' id='word_1_861' title='bbox 887 4172 951 4218; x_wconf 87' lang='grc' dir='ltr'><strong>ιιιι</strong></span> <span class='ocrx_word' id='word_1_862' title='bbox 965 4168 1064 4218; x_wconf 82' lang='lat' dir='ltr'>valida.</span> <span class='ocrx_word' id='word_1_863' title='bbox 1090 4167 1117 4217; x_wconf 91' lang='grc' dir='ltr'>ιιι</span> <span class='ocrx_word' id='word_1_864' title='bbox 1140 4167 1235 4229; x_wconf 90' lang='lat' dir='ltr'>dubio,</span> <span class='ocrx_word' id='word_1_865' title='bbox 1257 4182 1293 4218; x_wconf 85' lang='lat' dir='ltr'>aa</span> <span class='ocrx_word' id='word_1_866' title='bbox 1315 4167 1465 4230; x_wconf 85' lang='lat' dir='ltr'>posteriora</span> <span class='ocrx_word' id='word_1_867' title='bbox 1489 4167 1591 4218; x_wconf 88' lang='lat' dir='ltr'>inerint</span> <span class='ocrx_word' id='word_1_868' title='bbox 1604 4168 1681 4220; x_wconf 85' lang='lat' dir='ltr'>abso·</span> 
     </span>
     <span class='ocr_line' id='line_1_120' title="bbox 888 4237 1679 4303; baseline 0.003 -15"><span class='ocrx_word' id='word_1_869' title='bbox 888 4238 956 4298; x_wconf 90' lang='lat' dir='ltr'>luta,</span> <span class='ocrx_word' id='word_1_870' title='bbox 979 4251 1014 4287; x_wconf 89' lang='lat' dir='ltr'>au</span> <span class='ocrx_word' id='word_1_871' title='bbox 1038 4237 1233 4298; x_wconf 86' lang='lat' dir='ltr'>conditionata,</span> <span class='ocrx_word' id='word_1_872' title='bbox 1257 4241 1460 4303; x_wconf 81' lang='lat' dir='ltr'>praesumuntur</span> <span class='ocrx_word' id='word_1_873' title='bbox 1483 4237 1679 4300; x_wconf 83' lang='lat' dir='ltr'>conditionata,</span> 
     </span>
     <span class='ocr_line' id='line_1_121' title="bbox 887 4309 1679 4374; baseline 0.001 -14"><span class='ocrx_word' id='word_1_874' title='bbox 887 4323 915 4360; x_wconf 91' lang='lat' dir='ltr'>n.</span> <span class='ocrx_word' id='word_1_875' title='bbox 929 4311 968 4360; x_wconf 84' lang='lat' dir='ltr'>ll.</span> <span class='ocrx_word' id='word_1_876' title='bbox 982 4310 1009 4360; x_wconf 85' lang='lat' dir='ltr'>Si</span> <span class='ocrx_word' id='word_1_877' title='bbox 1024 4310 1173 4373; x_wconf 87' lang='lat' dir='ltr'>posteriora</span> <span class='ocrx_word' id='word_1_878' title='bbox 1184 4309 1423 4360; x_wconf 81' lang='lat' dir='ltr'>lueriutabsclutu</span> <span class='ocrx_word' id='word_1_879' title='bbox 1438 4313 1466 4360; x_wconf 88' lang='lat' dir='ltr'>ei</span> <span class='ocrx_word' id='word_1_880' title='bbox 1480 4310 1570 4374; x_wconf 86' lang='lat' dir='ltr'>priora</span> <span class='ocrx_word' id='word_1_881' title='bbox 1585 4309 1679 4362; x_wconf 89' lang='lat' dir='ltr'>condi·</span> 
     </span>
    </p>
   </div>
   <div class='ocr_carea' id='block_1_14' title="bbox 876 4379 1449 4443">
    <p class='ocr_par' dir='ltr' id='par_1_20' title="bbox 876 4379 1449 4443">
     <span class='ocr_line' id='line_1_122' title="bbox 876 4379 1449 4443; baseline -0.005 -12"><span class='ocrx_word' id='word_1_882' title='bbox 876 4382 1001 4442; x_wconf 81' lang='lat' dir='ltr'>tionata,</span> <span class='ocrx_word' id='word_1_883' title='bbox 1017 4379 1074 4429; x_wconf 81' lang='lat' dir='ltr'>haec</span> <span class='ocrx_word' id='word_1_884' title='bbox 1089 4383 1180 4432; x_wconf 84' lang='grc' dir='ltr'><strong>ιιιιιιι</strong></span> <span class='ocrx_word' id='word_1_885' title='bbox 1198 4381 1354 4443; x_wconf 77' lang='lat' dir='ltr'>prevalent,</span> <span class='ocrx_word' id='word_1_886' title='bbox 1368 4393 1395 4430; x_wconf 94' lang='lat' dir='ltr'>n.</span> <span class='ocrx_word' id='word_1_887' title='bbox 1410 4381 1449 4429; x_wconf 81' lang='grc' dir='ltr'>ιι.</span> 
     </span>
    </p>
   </div>
   <div class='ocr_carea' id='block_1_15' title="bbox 886 4449 1682 4797">
    <p class='ocr_par' dir='ltr' id='par_1_21' title="bbox 886 4449 1682 4797">
     <span class='ocr_line' id='line_1_123' title="bbox 919 4449 1682 4513; baseline -0.001 -11"><span class='ocrx_word' id='word_1_888' title='bbox 919 4449 1058 4513; x_wconf 80' lang='lat' dir='ltr'>Sponsalia</span> <span class='ocrx_word' id='word_1_889' title='bbox 1081 4450 1267 4501; x_wconf 89' lang='lat' dir='ltr'>conditionata</span> <span class='ocrx_word' id='word_1_890' title='bbox 1289 4450 1323 4500; x_wconf 89' lang='lat' dir='ltr'>ad</span> <span class='ocrx_word' id='word_1_891' title='bbox 1349 4450 1403 4500; x_wconf 90' lang='lat' dir='ltr'>duo</span> <span class='ocrx_word' id='word_1_892' title='bbox 1427 4449 1558 4512; x_wconf 85' lang='lat' dir='ltr'>obligant,</span> <span class='ocrx_word' id='word_1_893' title='bbox 1578 4449 1682 4501; x_wconf 87' lang='lat' dir='ltr'>scilicet</span> 
     </span>
     <span class='ocr_line' id='line_1_124' title="bbox 886 4519 1677 4584; baseline -0.003 -12"><span class='ocrx_word' id='word_1_894' title='bbox 886 4523 921 4572; x_wconf 90' lang='lat' dir='ltr'>ud</span> <span class='ocrx_word' id='word_1_895' title='bbox 935 4521 1139 4572; x_wconf 89' lang='lat' dir='ltr'>Matrimonium</span> <span class='ocrx_word' id='word_1_896' title='bbox 1159 4521 1315 4571; x_wconf 45' lang='lat' dir='ltr'>ineundum.</span> <span class='ocrx_word' id='word_1_897' title='bbox 1323 4524 1383 4584; x_wconf 91' lang='lat' dir='ltr'>post</span> <span class='ocrx_word' id='word_1_898' title='bbox 1397 4523 1526 4572; x_wconf 87' lang='lat' dir='ltr'>eventum</span> <span class='ocrx_word' id='word_1_899' title='bbox 1540 4519 1677 4570; x_wconf 90' lang='lat' dir='ltr'>conditio·</span> 
     </span>
     <span class='ocr_line' id='line_1_125' title="bbox 887 4588 1680 4655; baseline -0.005 -13"><span class='ocrx_word' id='word_1_900' title='bbox 887 4594 932 4642; x_wconf 87' lang='lat' dir='ltr'>nis</span> <span class='ocrx_word' id='word_1_901' title='bbox 945 4596 972 4642; x_wconf 90' lang='lat' dir='ltr'>et</span> <span class='ocrx_word' id='word_1_902' title='bbox 986 4589 1020 4641; x_wconf 86' lang='lat' dir='ltr'>ad</span> <span class='ocrx_word' id='word_1_903' title='bbox 1037 4591 1234 4655; x_wconf 83' lang='lat' dir='ltr'>expectandum</span> <span class='ocrx_word' id='word_1_904' title='bbox 1249 4591 1326 4642; x_wconf 91' lang='lat' dir='ltr'>illum</span> <span class='ocrx_word' id='word_1_905' title='bbox 1341 4595 1485 4648; x_wconf 71' lang='lat' dir='ltr'>eventum</span> <span class='ocrx_word' id='word_1_906' title='bbox 1503 4601 1563 4652; x_wconf 81' lang='lat' dir='ltr'>qum</span> <span class='ocrx_word' id='word_1_907' title='bbox 1585 4588 1680 4639; x_wconf 88' lang='lat' dir='ltr'>condi·</span> 
     </span>
     <span class='ocr_line' id='line_1_126' title="bbox 890 4657 1681 4725; baseline -0.004 -12"><span class='ocrx_word' id='word_1_908' title='bbox 890 4663 967 4713; x_wconf 91' lang='lat' dir='ltr'>tione</span> <span class='ocrx_word' id='word_1_909' title='bbox 982 4661 1092 4725; x_wconf 89' lang='lat' dir='ltr'>impleta</span> <span class='ocrx_word' id='word_1_910' title='bbox 1108 4661 1178 4711; x_wconf 88' lang='lat' dir='ltr'>liunt</span> <span class='ocrx_word' id='word_1_911' title='bbox 1191 4661 1325 4721; x_wconf 88' lang='lat' dir='ltr'>absoluta,</span> <span class='ocrx_word' id='word_1_912' title='bbox 1348 4675 1375 4711; x_wconf 94' lang='lat' dir='ltr'>n.</span> <span class='ocrx_word' id='word_1_913' title='bbox 1400 4662 1438 4712; x_wconf 78' lang='grc' dir='ltr'>ιι.</span> <span class='ocrx_word' id='word_1_914' title='bbox 1454 4661 1483 4712; x_wconf 89' lang='lat' dir='ltr'>Si</span> <span class='ocrx_word' id='word_1_915' title='bbox 1497 4659 1620 4710; x_wconf 85' lang='lat' dir='ltr'>conditio</span> <span class='ocrx_word' id='word_1_916' title='bbox 1634 4657 1681 4712; x_wconf 84' lang='lat' dir='ltr'>ad·</span> 
     </span>
     <span class='ocr_line' id='line_1_127' title="bbox 887 4730 1680 4797; baseline 0 -15"><span class='ocrx_word' id='word_1_917' title='bbox 887 4735 958 4797; x_wconf 87' lang='lat' dir='ltr'>jecto</span> <span class='ocrx_word' id='word_1_918' title='bbox 975 4733 1012 4782; x_wconf 89' lang='lat' dir='ltr'>sit</span> <span class='ocrx_word' id='word_1_919' title='bbox 1025 4733 1113 4796; x_wconf 93' lang='lat' dir='ltr'>turpis</span> <span class='ocrx_word' id='word_1_920' title='bbox 1135 4732 1177 4782; x_wconf 83' lang='lat' dir='ltr'>rel</span> <span class='ocrx_word' id='word_1_921' title='bbox 1203 4732 1390 4796; x_wconf 85' lang='lat' dir='ltr'>impossibilis,</span> <span class='ocrx_word' id='word_1_922' title='bbox 1407 4731 1542 4796; x_wconf 72' lang='lat' dir='ltr'>mansalia</span> <span class='ocrx_word' id='word_1_923' title='bbox 1556 4730 1680 4794; x_wconf 80' lang='lat' dir='ltr'>probabi·</span> 
     </span>
    </p>
   </div>
   <div class='ocr_carea' id='block_1_16' title="bbox 877 4801 1682 4863">
    <p class='ocr_par' dir='ltr' id='par_1_22' title="bbox 877 4801 1682 4863">
     <span class='ocr_line' id='line_1_128' title="bbox 877 4801 1682 4863; baseline 0 -9"><span class='ocrx_word' id='word_1_924' title='bbox 877 4803 942 4854; x_wconf 83' lang='lat' dir='ltr'>‚lias</span> <span class='ocrx_word' id='word_1_925' title='bbox 959 4807 1022 4854; x_wconf 91' lang='lat' dir='ltr'>sunt</span> <span class='ocrx_word' id='word_1_926' title='bbox 1039 4802 1171 4863; x_wconf 83' lang='lat' dir='ltr'>invalida,</span> <span class='ocrx_word' id='word_1_927' title='bbox 1185 4803 1368 4853; x_wconf 88' lang='lat' dir='ltr'>communiter</span> <span class='ocrx_word' id='word_1_928' title='bbox 1382 4806 1473 4852; x_wconf 89' lang='lat' dir='ltr'>tamen</span> <span class='ocrx_word' id='word_1_929' title='bbox 1491 4801 1617 4852; x_wconf 89' lang='lat' dir='ltr'>standum</span> <span class='ocrx_word' id='word_1_930' title='bbox 1641 4806 1682 4854; x_wconf 85' lang='lat' dir='ltr'>est</span> 
     </span>
    </p>
   </div>
   <div class='ocr_carea' id='block_1_17' title="bbox 886 4870 1681 5008">
    <p class='ocr_par' dir='ltr' id='par_1_23' title="bbox 886 4870 1681 5008">
     <span class='ocr_line' id='line_1_129' title="bbox 888 4870 1679 4934; baseline -0.003 -11"><span class='ocrx_word' id='word_1_931' title='bbox 888 4873 1035 4924; x_wconf 90' lang='lat' dir='ltr'>intentioni</span> <span class='ocrx_word' id='word_1_932' title='bbox 1050 4873 1282 4934; x_wconf 87' lang='lat' dir='ltr'>contrahentium,</span> <span class='ocrx_word' id='word_1_933' title='bbox 1297 4887 1324 4924; x_wconf 92' lang='lat' dir='ltr'>n.</span> <span class='ocrx_word' id='word_1_934' title='bbox 1339 4875 1378 4934; x_wconf 80' lang='lat' dir='ltr'>la,</span> <span class='ocrx_word' id='word_1_935' title='bbox 1391 4887 1407 4922; x_wconf 89' lang='lat' dir='ltr'>a</span> <span class='ocrx_word' id='word_1_936' title='bbox 1422 4885 1449 4922; x_wconf 95' lang='lat' dir='ltr'>n.</span> <span class='ocrx_word' id='word_1_937' title='bbox 1467 4875 1505 4922; x_wconf 86' lang='lat' dir='ltr'>al.</span> <span class='ocrx_word' id='word_1_938' title='bbox 1520 4872 1549 4925; x_wconf 84' lang='lat' dir='ltr'>Si</span> <span class='ocrx_word' id='word_1_939' title='bbox 1559 4870 1679 4922; x_wconf 85' lang='lat' dir='ltr'>conditio</span> 
     </span>
     <span class='ocr_line' id='line_1_130' title="bbox 886 4940 1681 5008; baseline -0.005 -14"><span class='ocrx_word' id='word_1_940' title='bbox 886 4945 992 5008; x_wconf 85' lang='lat' dir='ltr'>adjecta</span> <span class='ocrx_word' id='word_1_941' title='bbox 1016 4944 1051 4994; x_wconf 91' lang='lat' dir='ltr'>sit</span> <span class='ocrx_word' id='word_1_942' title='bbox 1064 4956 1227 5007; x_wconf 82' lang='lat' dir='ltr'>‚repugnans</span> <span class='ocrx_word' id='word_1_943' title='bbox 1249 4943 1436 5002; x_wconf 86' lang='lat' dir='ltr'>Matrimonia,</span> <span class='ocrx_word' id='word_1_944' title='bbox 1458 4940 1594 5004; x_wconf 87' lang='lat' dir='ltr'>sponsalia</span> <span class='ocrx_word' id='word_1_945' title='bbox 1616 4943 1681 4992; x_wconf 89' lang='lat' dir='ltr'>suut</span> 
     </span>
    </p>
   </div>
   <div class='ocr_carea' id='block_1_18' title="bbox 877 5010 1679 5078">
    <p class='ocr_par' dir='ltr' id='par_1_24' title="bbox 877 5010 1679 5078">
     <span class='ocr_line' id='line_1_131' title="bbox 877 5010 1679 5078; baseline 0.001 -14"><span class='ocrx_word' id='word_1_946' title='bbox 877 5013 1020 5076; x_wconf 79' lang='lat' dir='ltr'>invalida,</span> <span class='ocrx_word' id='word_1_947' title='bbox 1042 5028 1068 5064; x_wconf 91' lang='lat' dir='ltr'>n.</span> <span class='ocrx_word' id='word_1_948' title='bbox 1093 5016 1131 5064; x_wconf 84' lang='grc'><strong>86.</strong></span> <span class='ocrx_word' id='word_1_949' title='bbox 1154 5014 1279 5064; x_wconf 84' lang='lat' dir='ltr'>Conditio</span> <span class='ocrx_word' id='word_1_950' title='bbox 1306 5029 1351 5066; x_wconf 91' lang='lat' dir='ltr'>sen</span> <span class='ocrx_word' id='word_1_951' title='bbox 1370 5018 1478 5078; x_wconf 88' lang='lat' dir='ltr'>pactum</span> <span class='ocrx_word' id='word_1_952' title='bbox 1499 5023 1555 5061; x_wconf 90' lang='lat' dir='ltr'>non</span> <span class='ocrx_word' id='word_1_953' title='bbox 1570 5010 1679 5073; x_wconf 86' lang='lat' dir='ltr'>petendi</span> 
     </span>
    </p>
   </div>
   <div class='ocr_carea' id='block_1_19' title="bbox 883 5081 1680 5510">
    <p class='ocr_par' dir='ltr' id='par_1_25' title="bbox 883 5081 1680 5510">
     <span class='ocr_line' id='line_1_132' title="bbox 887 5081 1678 5148; baseline -0.001 -16"><span class='ocrx_word' id='word_1_954' title='bbox 887 5083 931 5134; x_wconf 85' lang='lat' dir='ltr'>rel</span> <span class='ocrx_word' id='word_1_955' title='bbox 946 5083 1078 5135; x_wconf 90' lang='lat' dir='ltr'>reddendi</span> <span class='ocrx_word' id='word_1_956' title='bbox 1093 5084 1216 5136; x_wconf 88' lang='lat' dir='ltr'>debitam</span> <span class='ocrx_word' id='word_1_957' title='bbox 1232 5083 1405 5148; x_wconf 86' lang='lat' dir='ltr'>sponsalibus</span> <span class='ocrx_word' id='word_1_958' title='bbox 1419 5082 1493 5132; x_wconf 89' lang='lat' dir='ltr'>licite</span> <span class='ocrx_word' id='word_1_959' title='bbox 1503 5081 1568 5131; x_wconf 91' lang='lat' dir='ltr'>addi</span> <span class='ocrx_word' id='word_1_960' title='bbox 1578 5085 1678 5144; x_wconf 90' lang='lat' dir='ltr'>potest,</span> 
     </span>
     <span class='ocr_line' id='line_1_133' title="bbox 887 5149 1678 5216; baseline -0.003 -13"><span class='ocrx_word' id='word_1_961' title='bbox 887 5153 925 5203; x_wconf 91' lang='lat' dir='ltr'>ib.</span> <span class='ocrx_word' id='word_1_962' title='bbox 942 5155 971 5202; x_wconf 94' lang='lat' dir='ltr'>ln</span> <span class='ocrx_word' id='word_1_963' title='bbox 987 5153 1082 5213; x_wconf 90' lang='lat' dir='ltr'>dubio,</span> <span class='ocrx_word' id='word_1_964' title='bbox 1097 5167 1132 5204; x_wconf 89' lang='lat' dir='ltr'>an</span> <span class='ocrx_word' id='word_1_965' title='bbox 1148 5154 1271 5204; x_wconf 90' lang='lat' dir='ltr'>conditio</span> <span class='ocrx_word' id='word_1_966' title='bbox 1291 5153 1379 5216; x_wconf 91' lang='lat' dir='ltr'>turpis</span> <span class='ocrx_word' id='word_1_967' title='bbox 1397 5153 1433 5202; x_wconf 88' lang='grc' dir='ltr'>ιιι</span> <span class='ocrx_word' id='word_1_968' title='bbox 1447 5151 1528 5211; x_wconf 84' lang='lat' dir='ltr'>sorio,</span> <span class='ocrx_word' id='word_1_969' title='bbox 1542 5163 1577 5199; x_wconf 93' lang='lat' dir='ltr'>nn</span> <span class='ocrx_word' id='word_1_970' title='bbox 1591 5149 1678 5202; x_wconf 86' lang='lat' dir='ltr'>solam</span> 
     </span>
     <span class='ocr_line' id='line_1_134' title="bbox 887 5221 1679 5288; baseline -0.003 -16"><span class='ocrx_word' id='word_1_971' title='bbox 887 5235 920 5272; x_wconf 81' lang='lat' dir='ltr'>ex</span> <span class='ocrx_word' id='word_1_972' title='bbox 943 5223 1004 5286; x_wconf 87' lang='lat' dir='ltr'>joco</span> <span class='ocrx_word' id='word_1_973' title='bbox 1023 5223 1137 5288; x_wconf 86' lang='lat' dir='ltr'>adjecta,</span> <span class='ocrx_word' id='word_1_974' title='bbox 1162 5224 1298 5276; x_wconf 88' lang='lat' dir='ltr'>ordinarie</span> <span class='ocrx_word' id='word_1_975' title='bbox 1317 5221 1419 5272; x_wconf 86' lang='lat' dir='ltr'>censeri</span> <span class='ocrx_word' id='word_1_976' title='bbox 1444 5221 1526 5271; x_wconf 90' lang='lat' dir='ltr'>debet</span> <span class='ocrx_word' id='word_1_977' title='bbox 1549 5221 1679 5283; x_wconf 82' lang='lat' dir='ltr'>essajooo</span> 
     </span>
     <span class='ocr_line' id='line_1_135' title="bbox 886 5293 1584 5358; baseline -0.009 -13"><span class='ocrx_word' id='word_1_978' title='bbox 886 5295 1022 5358; x_wconf 84' lang='lat' dir='ltr'>adjectam</span> <span class='ocrx_word' id='word_1_979' title='bbox 1035 5298 1061 5344; x_wconf 87' lang='lat' dir='ltr'>et</span> <span class='ocrx_word' id='word_1_980' title='bbox 1075 5293 1192 5346; x_wconf 83' lang='lat' dir='ltr'>defuisse</span> <span class='ocrx_word' id='word_1_981' title='bbox 1207 5307 1302 5344; x_wconf 87' lang='lat' dir='ltr'>rarum</span> <span class='ocrx_word' id='word_1_982' title='bbox 1317 5304 1488 5344; x_wconf 83' lang='lat' dir='ltr'>consensum.</span> <span class='ocrx_word' id='word_1_983' title='bbox 1504 5304 1531 5340; x_wconf 92' lang='lat' dir='ltr'>n.</span> <span class='ocrx_word' id='word_1_984' title='bbox 1545 5293 1584 5340; x_wconf 80' lang='lat'>8³.</span> 
     </span>
     <span class='ocr_line' id='line_1_136' title="bbox 918 5361 1680 5428; baseline -0.008 -12"><span class='ocrx_word' id='word_1_985' title='bbox 918 5364 1060 5428; x_wconf 80' lang='lat' dir='ltr'>Sponsalin</span> <span class='ocrx_word' id='word_1_986' title='bbox 1083 5365 1116 5414; x_wconf 88' lang='lat' dir='ltr'>ab</span> <span class='ocrx_word' id='word_1_987' title='bbox 1141 5364 1279 5428; x_wconf 87' lang='lat' dir='ltr'>impeditis</span> <span class='ocrx_word' id='word_1_988' title='bbox 1302 5363 1352 5414; x_wconf 89' lang='lat' dir='ltr'>sub</span> <span class='ocrx_word' id='word_1_989' title='bbox 1372 5362 1528 5414; x_wconf 80' lang='lat' dir='ltr'>cosiditione</span> <span class='ocrx_word' id='word_1_990' title='bbox 1549 5361 1617 5412; x_wconf 88' lang='lat' dir='ltr'>inita</span> <span class='ocrx_word' id='word_1_991' title='bbox 1633 5379 1640 5412; x_wconf 75' lang='lat' dir='ltr'>a</span> <span class='ocrx_word' id='word_1_992' title='bbox 1655 5363 1680 5415; x_wconf 81' lang='lat' dir='ltr'>si</span> 
     </span>
     <span class='ocr_line' id='line_1_137' title="bbox 883 5433 1677 5510; baseline -0.008 -19"><span class='ocrx_word' id='word_1_993' title='bbox 883 5438 961 5500; x_wconf 75' lang='lat' dir='ltr'>rapa</span> <span class='ocrx_word' id='word_1_994' title='bbox 984 5436 1117 5501; x_wconf 69' lang='lat' dir='ltr'>dispensat,</span> <span class='ocrx_word' id='word_1_995' title='bbox 1139 5435 1308 5510; x_wconf 65' lang='lat' dir='ltr'>probabilius</span> <span class='ocrx_word' id='word_1_996' title='bbox 1331 5433 1468 5490; x_wconf 82' lang='lat' dir='ltr'>ordinarie</span> <span class='ocrx_word' id='word_1_997' title='bbox 1495 5437 1559 5488; x_wconf 80' lang='lat' dir='ltr'>sant</span> <span class='ocrx_word' id='word_1_998' title='bbox 1575 5433 1677 5486; x_wconf 74' lang='lat' dir='ltr'>aulida.</span> 
     </span>
    </p>
   </div>
   <div class='ocr_carea' id='block_1_20' title="bbox 0 0 2010 6354">
    <p class='ocr_par' dir='ltr' id='par_1_26' title="bbox 0 0 2010 6354">
     <span class='ocr_line' id='line_1_138' title="bbox 0 0 2010 6354; baseline 0 3"><span class='ocrx_word' id='word_1_999' title='bbox 0 0 2010 6354; x_wconf 95' lang='lat' dir='ltr'> </span> 
     </span>
    </p>
   </div>
  </div>
 </body>
</html>
