4044 6340
6 727 18 847 l

730 525 782 588 uu
802 521 1069 590 Mauuunouuo.

118 737 131 774 ιι
147 713 193 780 Vl.
207 713 450 793 contrahentes,
466 719 502 776 ιιι
515 732 579 778 nan
593 713 735 795 p’eccent,
749 712 866 776 debent

87 824 144 868 case
156 805 185 868 in
197 805 312 886 gratia,
329 805 427 868 etiam
442 809 529 883 tunc,
546 803 671 886 quando
686 821 743 884 per
756 820 867 883 proau-

88 893 867 975 ratonemconhahuut,quieverumSacramentum

89 982 254 1062 suscipiunt,
270 983 348 1046 licet
368 983 545 1056 dormiant3
574 999 664 1042 secus
679 984 726 1042 est
740 979 780 1039 de
794 996 868 1057 pro·

90 1076 226 1148 curatore,
242 1089 301 1152 per
315 1089 412 1151 quarn
427 1069 626 1147 coubahunt,
643 1068 687 1131 uti
702 1067 742 1132 de
757 1068 868 1128 Sacer-

1191 815 1445 879 ADDENDA.

962 984 1072 1060 Quasi.
1096 985 1144 1047 33.
1171 1017 1211 1028 -
1235 981 1317 1056 Quid
1333 990 1476 1064 praterea
1497 979 1538 1041 sit
1559 979 1719 1042 notandam
1743 1001 1788 1047 aas

921 1076 1001 1135 circa
1014 1071 1176 1140 essentiam,
1201 1089 1367 1132 comanam
1390 1079 1417 1130 et
1430 1068 1530 1151 finan,
1551 1088 1609 1151 quo
1623 1069 1720 1130 initur

91 1158 151 1222 dote
162 1158 338 1237 copulante,
362 1158 439 1240 quia
461 1176 518 1220 nec
533 1155 672 1237 suscipit,
697 1172 755 1218 nee
770 1152 868 1215 admi·
921 1160 1175 1223 Matrimonium?
1198 1161 1290 1237 Resp.
1307 1159 1325 1236 5
1340 1161 1368 1218 1.
1386 1157 1619 1220 Matrimonium
1633 1157 1719 1220 aliud

91 1245 185 1308 nishnt
205 1247 464 1318 Sacramentum
496 1244 552 1306 sed
581 1248 704 1306 tantum
727 1246 761 1304 ιιι
781 1239 868 1304 testis

92 1332 199 1396 assistit.
219 1335 253 1396 11.
270 1336 359 1412 hugo
375 1331 510 1395 deSacr.
530 1333 559 1393 d.
580 1335 609 1408 8,
627 1351 657 1392 n.
677 1333 746 1392 155.

124 1444 136 1479 ι
152 1423 213 1483 Vll.
237 1419 359 1501 Coujux
383 1421 479 1482 habet
492 1421 679 1499 potestatem
694 1418 726 1478 in
741 1417 869 1479 alterius

94 1527 199 1589 corpus,
215 1509 272 1572 sed
286 1527 350 1570 uon
364 1509 406 1570 ad
420 1506 627 1572 exercendam
640 1505 802 1568 libidinem
817 1524 869 1586 ge-

94 1597 229 1660 nerationi
244 1597 476 1658 adversantem

125 1687 228 1748 nVlll.
254 1684 435 1766 Requiritur
456 1703 626 1748 consensus
649 1684 689 1745 de
711 1682 869 1764 presenti,

95 1774 185 1852 rerba,
208 1773 337 1853 scripto,
352 1778 409 1835 aut
423 1774 549 1838 nutibus
563 1790 740 1852 expressus,
757 1769 873 1832 sufficit

96 1867 184 1924 amen
197 1863 372 1942 exprimere
382 1880 439 1941 per
451 1862 558 1939 abum,
571 1864 605 1923 ut
614 1859 640 1922 si
654 1863 800 1940 parentes
814 1875 871 1938 pro

96 1950 152 2012 iliis
165 1951 360 2028 contrahant,
377 1949 426 2010 his
439 1949 624 2013 tacentibus.
645 1951 682 2012 V.
694 1947 784 2010 Dian.
795 1967 827 2028 p.
840 1947 870 2022 3,

97 2041 152 2114 tl,
172 2035 285 2100 11111.
303 2035 425 2099 Sufficit
437 2037 541 2116 eham,
559 2035 584 2098 si
599 2033 728 2096 alterius
742 2051 873 2096 consen-

97 2125 135 2188 sui
155 2123 353 2204 precedenti,
369 2128 401 2187 et
414 2143 476 2186 non
500 2129 658 2199 revocato,
683 2120 762 2182 alter
784 2137 874 2182 acce-

97 2213 149 2274 dat.
176 2212 263 2278 Unde
286 2213 313 2274 si
337 2213 407 2294 quis
431 2231 538 2276 coram
557 2209 698 2274 Paracho
722 2227 785 2271 non
800 2225 873 2268 uera

98 2301 282 2378 consenserit,
298 2301 450 2364 satisfecit
463 2297 687 2363 consentiendo
697 2299 816 2376 postea.
833 2295 871 2356 V.

98 2388 309 2452 1111111161.

128 2499 140 2534 ι
165 2475 287 2552 Ouarar.
317 2478 367 2539 An
387 2475 522 2540 sufficiat
535 2493 704 2539 consensus
723 2470 875 2536 conditio·

99 2565 195 2626 natus?

129 2655 247 2732 »Resp
271 2654 295 2716 l.
322 2651 444 2715 Sufficit
466 2650 697 2715 conditionatos
722 2649 780 2712 sub
801 2666 876 2710 con-

101 2737 199 2802 ditione
221 2741 261 2802 de
282 2740 440 2820 preterita
463 2740 513 2802 rel
527 2737 673 2819 praesenti
688 2741 789 2799 stante
804 2754 875 2797 con·

101 2825 211 2905 ditium,
223 2828 298 2910 quia
307 2831 384 2890 tunc
394 2833 571 2890 contractus
586 2845 648 2888 non
663 2825 873 2906 suspenditur.

131 2939 143 2976 ι
161 2917 248 2997 Resp.
273 2919 312 2980 ll.
335 2916 457 2980 Sufficit
470 2917 529 2978 sub
544 2914 721 2978 conditione
736 2931 876 2975 necessa·

102 3005 138 3067 ria
149 3004 184 3067 de
197 3004 314 3082 futuro,
331 3004 503 3066 dummodo
519 3002 739 3067 contrahentes
754 3020 816 3063 uon
830 3001 878 3064 in·

102 3093 214 3156 leudam
222 3093 416 3174 suspendere
427 3093 578 3172 tantisper
587 3109 784 3168 consensum,
799 3110 830 3152 v.
843 3109 874 3169 g.

102 3181 171 3242 Duco
190 3185 220 3244 te
241 3181 267 3242 si
291 3199 363 3242 cras
377 3181 424 3242 sol
437 3181 576 3254 oriatur3
601 3182 680 3240 Item
697 3179 755 3240 sub
769 3177 879 3239 condi-

102 3266 170 3330 tione
183 3269 221 3330 de
235 3268 341 3331 tuturo
355 3267 550 3348 impossibili,
567 3287 598 3328 r.
615 3286 647 3346 g.
665 3265 697 3329 Si
706 3267 821 3328 coelum
834 3270 878 3326 te-

101 3354 209 3436 tigeris3
231 3357 283 3418 rel
303 3355 344 3417 de
368 3355 472 3418 lutura
487 3355 582 3434 turpi,
599 3353 694 3416 mado
709 3371 771 3416 nan
786 3371 880 3432 repu-

99 3443 363 3522 messopotamiae
385 3443 574 3506 Matrimonii
599 3447 630 3503 et
652 3461 822 3504 cousensus
840 3441 881 3503 sit

98 3529 256 3610 absolutus,
282 3551 314 3594 ιι.
337 3551 369 3612 g.
394 3531 426 3595 Si
450 3536 573 3611 patrem
587 3527 750 3592 occideris.
777 3529 878 3606 Ratio,

97 3620 162 3699 quia
174 3622 252 3684 tales
262 3619 458 3682 conditiones
469 3620 624 3682 habentur
636 3635 692 3695 pro
704 3635 766 3679 non
776 3616 881 3698 adjec-

96 3705 139 3784 iis,
158 3707 272 3770 Sanch.
294 3707 317 3768 l.
340 3709 371 3784 5,
393 3705 424 3768 d.
449 3709 498 3783 15,
520 3705 607 3766 11111.
629 3704 697 3765 Fill.
718 3705 783 3767 Lei.
809 3705 831 3765 l.
848 3709 879 3782 1,

94 3811 117 3855 e.
132 3797 178 3874 18,
194 3795 224 3857 d.
243 3799 292 3872 15,
308 3797 419 3872 haym.
433 3794 549 3854 B0nac.
563 3795 656 3872 ltesp.
673 3794 725 3856 lll.
742 3795 809 3855 Non
820 3791 881 3853 sui·

94 3879 152 3943 licit
164 3882 222 3944 sub
245 3879 426 3943 conditione
449 3879 489 3940 da
511 3879 615 3940 futuro
635 3897 705 3958 quae
720 3879 760 3940 sit
773 3883 883 3941 contra

91 3965 294 4031 substantiam
319 3965 519 4046 obligationis
535 3965 784 4044 matrimonialis,
801 3987 831 4028 v.
848 3986 880 4046 g.

90 4055 223 4136 siprolis
244 4055 485 4138 generationem
507 4052 659 4134 impedire
674 4053 750 4116 velis
764 4055 883 4116 maleli-

87 4143 145 4222 cio,
171 4147 223 4208 rel
242 4145 363 4208 victum
378 4160 561 4223 comparare
577 4140 730 4202 adulterio
746 4145 832 4220 patet
846 4159 883 4202 ex

86 4247 116 4295 1.
130 4233 184 4295 lin.
201 4235 247 4296 Ite
262 4231 381 4296 candit.
399 4231 436 4294 V.
450 4230 565 4294 Sanch.
577 4229 608 4293 d.
622 4232 671 4307 10,
687 4231 766 4293 Kon.
785 4229 815 4292 rt.
832 4233 881 4308 16,

84 4317 153 4384 dut.
170 4323 202 4400 ³,
219 4323 287 4386 Fitl.
305 4325 366 4384 eto.
535 4337 546 4361 ⁸

82 4503 177 4561 nesta
189 4497 231 4560 de
245 4497 352 4560 tuturo
363 4503 411 4560 est
425 4502 603 4561 contractus
612 4495 806 4576 sponsalium
819 4501 885 4558 tan·

80 4586 166 4663 tum,
188 4591 223 4648 et
245 4603 308 4647 non
322 4584 524 4665 Matrimonii,
550 4585 624 4666 quia
644 4584 695 4646 hic
710 4585 804 4646 debet
818 4602 885 4648 esse

81 4670 126 4732 de
140 4672 303 4752 praesenti.
329 4672 377 4735 Ob
400 4691 495 4754 quam
514 4674 668 4734 rationem
683 4691 745 4734 non
759 4671 887 4750 incipiet

85 4759 223 4823 solidari
252 4761 485 4824 Matrimonium
512 4759 578 4822 siue
606 4777 687 4822 novo
720 4778 883 4836 consensu,

84 4852 262 4928 postquam
275 4849 410 4912 conditio
425 4849 554 4930 impleta
568 4848 673 4926 fuerit,
690 4849 884 4911 1111111111.

922 1250 1036 1311 dicitur
1049 1248 1235 1327 legitimum,
1248 1246 1333 1308 aliud
1344 1251 1458 1323 ratum,
1471 1246 1560 1308 aliud
1574 1263 1722 1308 consum·

924 1342 1055 1414 matum,
1081 1335 1125 1396 uti
1147 1335 1210 1395 dixi
1226 1354 1304 1396 nrum.
1323 1337 1353 1394 1.
1370 1333 1426 1394 Mic
1442 1333 1639 1412 potissimum
1653 1334 1723 1414 agi*

923 1444 993 1492 mus
1007 1425 1046 1486 de
1060 1424 1257 1486 Matrimonia
1282 1423 1364 1483 inter
1377 1422 1485 1483 fideles
1500 1426 1568 1484 rata
1582 1422 1634 1484 vel
1648 1440 1722 1484 corus

923 1516 1089 1588 summata,
1102 1511 1325 1590 eliquatamen
1336 1527 1392 1589 per
1402 1508 1569 1572 decursum
1580 1510 1723 1573 dicemus

925 1601 1020 1662 etiam
1034 1601 1073 1661 de
1088 1598 1286 1660 Matrimonia
1302 1597 1485 1658 infidelium.
1756 1587 1762 1600 '

964 1686 1024 1766 §2
1041 1687 1136 1747 Notat
1149 1685 1265 1748 Sanch.
1283 1684 1338 1744 tm.
1356 1687 1386 1760 1,
1411 1682 1441 1746 d.
1460 1688 1488 1762 1,
1507 1704 1538 1746 n.
1554 1689 1584 1762 1,
1601 1690 1721 1765 septem

925 1775 957 1837 in
972 1773 1171 1836 Matrimonia
1186 1772 1386 1840 intervenire.
1401 1774 1427 1833 1.
1448 1773 1503 1833 Est
1511 1777 1638 1834 mutuus
1648 1791 1723 1836 con·

926 1879 1047 1937 sensus,
1064 1863 1093 1920 1.
1111 1862 1266 1922 Externos
1281 1863 1471 1934 contractus,
1487 1860 1517 1919 3.
1533 1858 1722 1920 1111111111-

926 1966 1039 2030 porum
1048 1947 1185 2024 tradita,
1197 1951 1227 2009 1.
1241 1947 1409 2008 Vinculum
1418 1951 1521 2007 artum
1532 1965 1570 2006 er
1580 1946 1632 2008 illo
1648 1966 1723 2010 aaa·

926 2040 1040 2112 hacto,
1063 2038 1094 2098 5.
1113 2035 1223 2098 Mutua
1237 2035 1385 2115 obligatio
1401 2034 1442 2094 ad
1456 2033 1653 2097 reddendum
1667 2037 1724 2097 de-

926 2124 1038 2202 bitum,
1055 2122 1311 2200 cohabitandum,
1329 2127 1388 2184 eto.
1404 2126 1434 2184 6.
1451 2123 1519 2203 111,
1536 2124 1620 2204 quod
1634 2123 1722 2186 estin

928 2228 1116 2292 unoquoque
1127 2209 1166 2271 ad
1178 2210 1321 2286 alterum,
1337 2215 1367 2272 1.
1384 2212 1465 2272 Usus
1480 2213 1511 2271 et
1525 2228 1724 2274 consumma-

928 2301 971 2366 tio
989 2298 1190 2362 Matrimonii.
1217 2302 1312 2360 Recte
1334 2304 1440 2360 autem
1463 2298 1539 2360 dicit
1562 2304 1634 2378 post
1648 2302 1725 2363 Sco*

928 2393 995 2451 tum
1005 2389 1111 2450 Mastr.
1124 2406 1232 2448 anam.
1244 2389 1275 2464 1,
1287 2386 1521 2448 Matrimonium
1530 2385 1610 2448 sumi
1619 2404 1721 2464 posse,

928 2478 978 2540 vel
992 2495 1050 2557 pro
1063 2477 1200 2554 vincula,
1217 2475 1266 2536 vel
1281 2493 1338 2554 pro
1353 2480 1527 2552 conuecto,
1544 2494 1584 2536 ex
1597 2494 1659 2555 quo
1674 2493 1725 2535 re·

929 2568 1025 2630 sultat
1037 2565 1208 2641 vinculum,
1234 2564 1285 2624 vel
1299 2581 1356 2643 pro
1371 2565 1586 2642 Sacramenta,
1603 2563 1668 2625 sire
1683 2563 1724 2624 si-

930 2673 992 2737 gno
1006 2653 1122 2716 sensibi
1133 2653 1291 2714 causativo
1302 2653 1422 2732 gratiae,
1440 2657 1471 2714 et
1480 2652 1550 2713 ideo
1564 2651 1725 2715 Matrimo-

931 2745 1016 2806 nium
1027 2741 1150 2805 avariis
1159 2741 1245 2802 varie
1257 2741 1404 2802 definitur
1418 2741 1591 2802 secundum
1604 2739 1725 2804 variam

931 2829 1190 2910 acceptationem,
1204 2833 1342 2889 attamen
1350 2828 1524 2890 secundum
1534 2826 1725 2889 communio·

931 2937 999 2981 rem
1019 2915 1149 2978 modum
1170 2914 1318 2995 loquendi
1343 2914 1457 2976 docent
1477 2915 1590 2978 Sanch.
1619 2918 1651 2975 et
1673 2914 1725 2975 alii

932 3024 1003 3068 cum
1018 3002 1135 3066 Arcud.
1153 3001 1202 3062 tib.
1220 3006 1250 3079 1,
1267 3020 1332 3084 cap.
1351 3005 1380 3079 l,
1397 3005 1506 3063 contm
1518 3002 1634 3063 multos
1648 3000 1726 3062 alios

932 3111 1004 3156 cum
1019 3094 1129 3152 Auers.
1153 3109 1183 3171 q.
1201 3093 1230 3166 1,
1247 3093 1323 3150 1111.
1342 3091 1370 3166 1,
1389 3087 1524 3150 essentia
1538 3085 1726 3150 Matrimonii

933 3178 1125 3260 simpliciter,
1152 3195 1215 3238 non
1230 3177 1346 3238 debere
1361 3177 1453 3239 statui
1468 3178 1597 3256 praecise
1611 3176 1644 3236 in
1657 3192 1729 3237 mu·

933 3273 987 3332 tuo
1002 3285 1168 3344 consensu,
1192 3263 1365 3344 contractu,
1388 3265 1557 3328 traditione
1572 3269 1604 3326 et
1617 3281 1728 3342 accep-

932 3356 1049 3420 tatione
1065 3373 1242 3433 corporum,
1259 3355 1313 3415 sed
1329 3355 1361 3415 in
1375 3354 1500 3417 vinculo
1515 3351 1671 3434 conjugali
1686 3351 1728 3412 si-

934 3443 1101 3524 gnificante
1123 3442 1375 3522 conjunctionem
1399 3441 1511 3505 Christi
1533 3439 1728 3503 1111111111-

934 3529 991 3607 sia,
1008 3529 1098 3611 cujus
1113 3529 1346 3610 quadammodo
1357 3548 1453 3592 11111
1462 3530 1503 3592 sit
1516 3529 1583 3610 ipse
1597 3546 1729 3591 conseo-

935 3637 988 3680 sus
1009 3637 1065 3680 seu
1087 3622 1278 3697 contractus,
1304 3637 1378 3680 nam
1393 3619 1531 3680 Floreat.
1556 3617 1588 3677 in
1602 3617 1728 3680 decreto

935 3709 1053 3786 Eugen.
1075 3707 1126 3768 lV.
1144 3707 1184 3767 ad
1198 3710 1326 3768 Armen.
1344 3707 1406 3768 ait:
1423 3704 1652 3787 causaesptciem
1666 3703 1729 3765 Ma·

937 3794 1075 3856 trimom'i
1097 3792 1276 3876 reputaretur
1301 3804 1341 3856 est
1363 3804 1481 3856 mutuus
1504 3811 1652 3856 consensus
1676 3809 1731 3873 per

936 3882 1021 3944 uerba
1038 3880 1074 3942 de
1094 3883 1233 3962 prasenti
1245 3902 1396 3964 expressus
1411 3901 1421 3943 .·
1437 3887 1468 3945 et
1481 3882 1551 3944 ideo
1567 3881 1600 3944 S.
1616 3880 1727 3942 Thom.

938 3970 971 4030 ia
991 3968 1132 4052 supplem.
1154 3977 1256 4050 quast.
1282 3973 1332 4038 lt,
1348 3979 1407 4031 art.
1429 3973 1457 4038 l,
1479 3967 1574 4046 1111,
1591 3967 1634 4029 111
1651 3987 1657 4028 :
1674 3965 1732 4028 Di·

937 4057 1068 4135 cardum,
1084 4057 1164 4140 qaod
1177 4057 1400 4120 Matrimonium
1415 4077 1473 4120 non
1487 4066 1528 4118 eat
1543 4058 1605 4137 ipse
1617 4069 1731 4116 consen·

936 4165 994 4214 aas,
1019 4145 1070 4207 sed
1090 4143 1227 4228 quadam
1249 4146 1318 4206 anio
1341 4144 1544 4206 ordinatorum
1568 4141 1608 4204 ad
1626 4161 1730 4220 unum,

937 4254 1025 4317 quam
1040 4253 1189 4295 conannas
1197 4233 1282 4315 sarit.
1294 4235 1333 4296 ut
1343 4233 1469 4298 Gateoh.
1483 4235 1573 4295 Rom.
1589 4231 1646 4292 iric.
1663 4245 1729 4311 cap.

939 4328 968 4402 1,
985 4324 1048 4384 ait:
1072 4329 1154 4403 patet
1177 4321 1364 4382 Matrimonii
1383 4330 1522 4383 naturam
1541 4329 1570 4381 et
1589 4319 1733 4380 rationem

15 4408 51 4460 ¹⁸
124 4412 253 4489 sheep.
271 4411 324 4472 lV.
351 4413 527 4472 consensus
548 4409 606 4471 sub
629 4407 806 4470 conditione
830 4407 884 4468 ho·
939 4413 970 4473 in
992 4409 1113 4473 uinculo
1135 4408 1191 4470 illo
1212 4410 1375 4472 consistere.
1403 4411 1443 4472 Et
1464 4409 1496 4470 in
1520 4426 1593 4470 eum
1606 4421 1733 4469 sensum

939 4502 1025 4565 Alex.
1053 4502 1104 4563 111.
1122 4501 1196 4580 Gap.
1224 4498 1319 4561 Illud.
1336 4502 1380 4561 De
1394 4500 1576 4579 proesumpt
1593 4494 1734 4558 1111111-

941 4590 1051 4650 nianus
1064 4588 1164 4650 Instit.
1188 4589 1232 4648 De
1247 4592 1328 4665 patr.
1345 4590 1458 4666 potest.
1475 4585 1507 4646 in
1521 4583 1674 4665 principio
1689 4581 1734 4643 di·

941 4679 1038 4738 cunt:
1062 4675 1288 4736 Matrimonium
1311 4683 1352 4736 est
1373 4674 1463 4735 mam‘s
1485 4681 1513 4734 et
1528 4671 1652 4752 janiam
1667 4689 1736 4732 con-

937 4763 1062 4843 p'anctr'm
1075 4761 1257 4823 irurliuiduam
1268 4761 1339 4824 uita
1348 4759 1583 4824 consuetudinem
1596 4759 1732 4820 retinens.

942 4854 1028 4927 Quae,
1054 4856 1089 4912 ut
1108 4851 1219 4912 melius
1242 4851 1446 4930 explicentur,
1470 4849 1565 4930 aliqui
1588 4848 1732 4910 addunt:

89 4935 153 4996 Th.
170 4955 245 4998 aum
259 4937 326 4998 aliis
340 4938 423 5017 apud
439 4937 553 5000 Sanch.
571 4937 628 4999 etsi
645 4936 714 4998 Fill.
730 4939 839 5014 Laym.
857 4937 889 4998 ct
942 4938 1169 5000 Matrimonium
1190 4948 1231 5000 est
1258 4938 1425 5020 conjunctio
1452 4937 1606 4998 maritalis
1627 4935 1692 4996 uiri
1709 4943 1737 4995 et

96 5019 151 5080 alii
167 5023 293 5101 quuidem
305 5028 414 5102 puteat
424 5025 616 5086 contrarium
631 5041 698 5085 esse
713 5022 886 5102 probabile,

104 5125 141 5168 eo
155 5111 240 5188 quod
253 5117 425 5176 contractus
439 5111 615 5176 celebratus
638 5113 696 5174 sub
711 5111 888 5174 conditione

108 5191 240 5258 honesta
251 5198 361 5276 futura,
377 5199 435 5262 hac
449 5201 577 5282 impleta
591 5201 782 5280 purificetur.
800 5199 889 5272 Quod

121 5283 252 5344 concedit
264 5286 336 5350 Bon.
356 5298 455 5368 quast.
475 5293 505 5367 1,
519 5309 551 5370 p.
564 5292 612 5365 11),
624 5309 656 5350 n.
668 5291 718 5368 10,
731 5287 891 5352 1ι11ιιιι1-

942 5026 1059 5108 lentina
1068 5027 1144 5086 inter
1153 5025 1297 5108 legitimas
1311 5046 1458 5108 pmsonoa
1472 5022 1655 5087 individuam
1668 5023 1738 5084 vita

943 5112 1174 5175 consuetudinem
1188 5114 1324 5176 retinens.
1344 5115 1464 5175 Dicitur
1479 5117 1583 5174 aulem
1599 5110 1737 5191 conjunc·

944 5203 985 5264 tio
994 5201 1157 5272 maritalis,
1170 5203 1260 5280 idest,
1273 5203 1403 5264 fundata
1411 5203 1442 5261 in
1452 5199 1737 5263 mutuatraditione

945 5308 1111 5368 corporum
1125 5309 1132 5349 :
1149 5307 1223 5350 nam
1237 5290 1269 5349 in
1283 5288 1480 5369 sponsalibus
1495 5287 1590 5348 etiam
1603 5289 1651 5348 est
1663 5303 1739 5347 coo-

126 5363 228 5428 hentes
247 5369 286 5430 ιιι·
296 5372 400 5436 codem
421 5393 575 5438 consensu
595 5376 767 5438 manserint
781 5377 891 5440 saltem
941 5377 1074 5458 junctio,
1091 5380 1229 5438 attamen
1244 5394 1307 5437 nan
1321 5373 1484 5450 maritalis,
1500 5371 1576 5452 quia
1589 5372 1657 5435 baec
1671 5372 1738 5432 iun·

134 5446 298 5516 sirmium.
317 5480 331 5516 u

946 5465 1090 5528 daturin
1113 5463 1180 5527 sola
1202 5462 1409 5543 promissione
1431 5460 1607 5526 traditionis
1628 5478 1740 5542 corpo·
