3974 6348
329 572 387 639 aaa
599 527 601 532 Ι
1051 569 1168 642 Lissa
1189 567 1255 641 vll.

325 783 393 826 esse
408 766 704 844 excemmunicatus,
722 765 797 847 quia
815 784 853 827 ex
877 770 1009 846 utraque
1032 771 1121 845 parte
1217 785 1231 822 o
1256 759 1950 845 ll.Proptcrcommunicationentcamertem·

325 856 373 914 est
395 853 548 931 possessio
572 871 629 932 pro
644 853 788 916 libertate
809 853 1060 916 communicandi
1075 854 1124 915 in·
1176 851 1335 912 municato
1363 853 1484 913 minore
1510 855 1844 932 excommunicatione,
1874 857 1949 918 etian

325 945 374 1001 ter
394 959 449 1001 se:
466 941 511 1002 ita
533 959 606 1003 cum
619 944 689 1004 aliis
712 943 778 1004 Dic.
796 962 827 1003 c.
844 946 914 1020 403,
930 953 958 1004 et
979 947 1047 1021 597,
1070 963 1124 1004 ex·
1177 939 1362 1000 nominatim
1384 939 1584 1019 denuntiato,
1611 943 1698 1003 nulla
1715 943 1878 1005 incurritur
1893 961 1951 1006 cen-

325 1027 404 1106 6466,
420 1029 473 1090 ubi
489 1032 571 1091 esset
585 1030 759 1108 periculum
773 1031 924 1106 scandali,
941 1032 990 1092 vel
1000 1032 1122 1093 irritan-
1176 1046 1262 1090 sura.

325 1115 356 1176 di
373 1117 578 1178 Sacramenti.
596 1119 637 1180 Ut
650 1123 756 1179 tamen
771 1119 841 1199 quis
856 1123 1001 1180 teneatur
1009 1119 1120 1196 vitare,
1216 1138 1230 1174 u
1256 1118 1308 1178 lll.
1324 1117 1389 1179 Etsi
1403 1119 1692 1180 excommunicatus
1706 1119 1824 1180 minore
1846 1139 1951 1184 excom·
1974 1129 1975 1132 ’

326 1211 449 1264 nonest
464 1221 542 1283 opus
558 1209 592 1266 ut
605 1205 671 1284 ipse
688 1204 823 1267 audierit
841 1206 1120 1283 denuntiationem,
1176 1205 1398 1272 municatione.
1406 1208 1584 1286 recipiendo
1596 1207 1724 1288 aliquod
1735 1209 1951 1275 Sacramentum

325 1292 381 1354 sed
396 1292 471 1354 satis
493 1297 540 1354 cst
561 1293 646 1372 quod
667 1293 706 1354 dc
730 1313 768 1355 ea
782 1300 903 1356 constet
917 1295 975 1375 ipsi
990 1314 1047 1374 per
1060 1295 1121 1356 fide
1177 1312 1238 1356 non
1258 1295 1398 1357 incurrat
1416 1296 1690 1375 irregularitatem,
1712 1297 1848 1376 graviter
1865 1301 1951 1358 umen

325 1381 448 1461 dignos,
465 1381 560 1443 ctiam
574 1401 631 1461 per
645 1401 743 1444 unum
757 1384 862 1463 gravis
877 1384 1123 1445 omninoaucto·
1176 1388 1286 1462 peccat
1308 1404 1316 1444 ε
1339 1384 1587 1446 administrando
1615 1402 1703 1462 vero,
1733 1384 1890 1463 probabile
1915 1391 1951 1444 est

326 1469 436 1546 vitatis,
452 1470 503 1531 vel
516 1488 573 1548 per
586 1471 703 1532 famam
718 1472 889 1550 publicam;
910 1471 1014 1552 major
1038 1472 1123 1532 enim
1176 1489 1233 1532 nec
1247 1471 1411 1534 venialiter
1424 1490 1566 1551 peccare.

326 1557 357 1617 in
379 1557 473 1619 rebus
494 1557 666 1618 moralibus
690 1577 753 1619 non
768 1560 939 1640 requiritur
954 1559 1119 1635 certitudo,
1217 1583 1230 1618 u
1256 1561 1309 1621 lv.
1339 1561 1513 1623 Incurritur
1540 1561 1609 1622 haec
1641 1579 1784 1640 censura,
1815 1560 1869 1622 etsi
1898 1561 1953 1639 quis

326 1646 403 1706 Nav.
421 1645 535 1725 aliique
550 1663 623 1706 cum
637 1646 705 1707 Dic.
721 1668 751 1707 a.
768 1650 839 1710 405.
1176 1653 1306 1726 propter
1329 1648 1488 1710 levitatem
1512 1647 1652 1709 materiae
1670 1651 1792 1710 tantum
1812 1647 1953 1709 venialiter

259 1752 298 1798 lev
365 1732 447 1810 §ld
464 1733 688 1794 Denuntiatum
702 1753 765 1795 uno
780 1735 849 1796 loco
865 1753 933 1795 esse
949 1734 1123 1796 videndum
1176 1741 1296 1815 peccet,
1313 1757 1343 1798 v.
1359 1756 1391 1817 g.
1408 1736 1639 1799 confabulando
1656 1736 1838 1798 nominatim
1849 1755 1954 1797 excon-

326 1818 358 1878 in
373 1819 457 1880 omni
471 1820 539 1881 loco
555 1820 669 1881 docent
682 1821 811 1902 Henriq.
830 1822 898 1882 Fill.
916 1822 1034 1902 aliique
1050 1839 1122 1882 cum
1176 1825 1347 1902 municato,
1365 1825 1490 1904 quando
1506 1843 1567 1885 non
1583 1826 1674 1898 licet;
1701 1843 1791 1886 secus
1811 1825 1836 1886 si
1858 1825 1895 1887 sit
1912 1843 1953 1884 ve-

325 1908 404 1968 Bon.
420 1906 450 1968 d.
468 1914 497 1985 2,
512 1927 543 1988 q.
560 1911 589 1983 2,
605 1927 640 1988 p.
666 1911 696 1984 6,
722 1909 797 1988 quia
819 1907 908 1970 Cone.
934 1908 1031 1971 Const.
1055 1909 1123 1970 vult
1177 1912 1258 1972 niele
1273 1918 1401 1992 propter
1415 1913 1634 1993 imperfectum
1644 1933 1735 1974 usum
1745 1913 1882 1990 rationis,
1893 1913 1953 1992 quia
1975 1949 1976 1954 κ

326 2015 434 2057 omnes
449 1996 648 2058 denuntiatos
662 1997 766 2075 vitari,
791 1997 858 2058 sine
873 1998 1067 2060 restrictione
1081 1997 1122 2058 ad
1176 2019 1272 2080 prena
1286 2000 1437 2082 intligitur
1457 2005 1586 2081 propter
1609 2007 1716 2063 actum
1737 2001 1802 2083 qui,
1824 1965 1976 2082 quantuni

325 2085 446 2157 locum;
463 2085 516 2146 alii
529 2084 613 2163 apud
629 2086 737 2165 Steph.
754 2104 774 2146 a
789 2089 821 2149 S.
848 2087 944 2147 Paulo
964 2094 1004 2148 tr.
1030 2088 1060 2164 5,
1087 2085 1119 2148 d.
1178 2090 1276 2148 estex
1291 2107 1335 2164 se,
1352 2089 1467 2149 sufficit
1481 2089 1521 2150 ad
1536 2089 1678 2151 mortale.
1974 2161 1976 2168 ⁴

325 2177 355 2250 5,
371 2194 401 2235 c.
418 2175 487 2249 266,
504 2173 613 2235 dicunt
625 2174 658 2234 in
672 2175 741 2236 loco
753 2175 805 2235 ubi
821 2193 883 2236 non
898 2175 1121 2237 estdenuntia-
1217 2196 1232 2232 u
1258 2176 1295 2235 V.
1312 2174 1376 2237 Etsi
1392 2181 1555 2253 peccatum
1570 2175 1694 2237 veniale
1709 2175 1808 2254 possit
1826 2175 1915 2236 omitti
1928 2174 1951 2234 in

325 2267 387 2339 tua,
403 2281 470 2324 esse
485 2261 648 2323 vitandum
662 2262 694 2324 in
709 2264 844 2341 occulto,
861 2263 994 2324 sednon
1009 2263 1041 2323 in
1064 2282 1124 2343 pu·
1178 2262 1383 2340 confessione,
1401 2269 1584 2324 nontamen
1599 2263 1687 2342 illud,
1701 2263 1751 2325 cui
1768 2264 1952 2325 baeccensura
1974 2255 1976 2264 ⁴

325 2352 418 2428 blico,
431 2350 505 2431 quia
518 2349 643 2411 videtur
656 2351 790 2414 retinere
808 2351 861 2432 jus
885 2351 925 2411 ad
947 2351 1065 2412 famam
1090 2351 1122 2412 in
1178 2353 1225 2410 est
1240 2369 1372 2428 annexa,
1389 2371 1429 2412 ne
1443 2353 1682 2414 Sacramentum
1697 2351 1730 2411 in
1746 2351 1949 2430 earecipintur.
1975 2381 1976 2386 κ

325 2437 461 2517 publico;
475 2441 506 2499 64
515 2439 669 2501 consentit
679 2441 744 2501 Dic.
755 2439 785 2500 d.
802 2442 872 2501 444.
889 2441 1032 2501 Econtra
1046 2441 1123 2502 San·
1178 2439 1267 2499 Unde
1283 2439 1378 2500 etiam
1393 2439 1580 2502 confessarii
1595 2438 1755 2501 ordinarie
1768 2439 1855 2518 prius
1873 2436 1951 2500 absol-

325 2526 375 2588 ch.
393 2526 473 2588 Avil.
490 2527 587 2588 Gastr.
604 2525 634 2588 d.
651 2529 680 2604 2,
688 2545 723 2608 p.
740 2531 770 2604 4,
787 2529 985 2607 n.9;Bi1rg.
1003 2537 1076 2590 cent.
1091 2532 1120 2606 4,
1177 2531 1256 2586 vunt
1269 2525 1377 2587 fideles
1392 2527 1432 2589 ab
1447 2526 1532 2587 omni
1548 2523 1950 2586 vinculoexcommunicatio·
1975 2553 1976 2560 1

325 2636 383 2677 cos.
400 2619 449 2692 44,
465 2616 606 2678 absolute
621 2616 730 2678 dicunt
744 2635 806 2679 non
820 2635 887 2678 csse
903 2617 934 2676 in
945 2614 1123 2680 alteroloco
1178 2611 1236 2689 nis,
1254 2613 1349 2674 etiam
1363 2612 1503 2690 minaria,
1521 2612 1832 2691 deindeapeccatis.
1974 2605 1976 2638 ¹

326 2704 498 2780 vitandum,
516 2703 590 2783 quia
604 2704 657 2764 ubi
682 2704 750 2766 baec
771 2704 965 2766 denuntiatio
991 2721 1053 2764 non
1077 2706 1125 2764 est
1218 2723 1231 2758 u
1258 2703 1310 2762 vt.
1328 2702 1376 2762 Ab
1390 2701 1451 2762 hac
1468 2700 1792 2762 excommunicatione
1802 2700 1950 2762 lataature
1973 2679 1976 2754 Ι

326 2790 459 2868 notoria,
472 2790 538 2870 ipse
554 2809 616 2852 non
631 2797 678 2852 est
691 2793 734 2854 ibi
756 2791 1043 2854 excommunicatus
1065 2811 1124 2871 pu·
1178 2789 1340 2850 absolvere
1355 2793 1458 2868 potest
1472 2789 1642 2867 Parochus,
1661 2793 1692 2850 et
1713 2788 1853 2869 quisquis
1872 2789 1951 2867 potest
1974 2787 1976 2856 4

325 2875 435 2956 blicus,
453 2883 484 2940 et
498 2879 718 2956 denuntiatus;
735 2899 810 2962 ergo
825 2899 888 2942 non
904 2884 950 2941 est
964 2880 1006 2941 ibi
1022 2881 1124 2944 vitan·
1179 2896 1197 2938 a
1211 2878 1407 2956 mortalibus,
1424 2895 1496 2940 cum
1512 2897 1575 2940 non
1589 2879 1629 2938 sit
1643 2882 1817 2940 reservata.
1839 2879 1882 2938 An
1894 2891 1950 2934 vero
1975 2871 1976 2906 ³

327 2966 396 3028 dus.
410 2968 447 3028 V.
465 2965 548 3027 dicta
562 2985 593 3028 n.
612 2969 680 3028 444.
1178 2965 1230 3046 qui
1246 2970 1349 3045 potest
1362 2966 1525 3030 absolvere
1545 2985 1564 3027 a
1581 2965 1697 3027 veniali
1721 2965 1857 3026 habente
1877 2979 1950 3022 anne
1974 2971 1976 3030 t

260 3081 301 3130 ης
365 3054 446 3134 §tt
464 3057 634 3136 Postquam
649 3056 719 3136 quis
737 3058 834 3118 semol
856 3058 952 3120 scitur
975 3077 1044 3120 esse
1068 3058 1124 3119 de·
1177 3072 1250 3115 xam
1266 3055 1347 3116 hanc
1362 3053 1729 3130 excommunicationem,
1757 3051 1855 3132 possit
1878 3051 1950 3112 edan

327 3143 497 3220 nuntiatus,
514 3161 640 3222 semper
653 3148 701 3206 cst
714 3145 871 3223 vitandus
889 3147 990 3208 donec
1005 3148 1054 3208 vel
1065 3165 1123 3226 per
1179 3143 1312 3222 abipsa,
1330 3143 1459 3222 quidam
1474 3143 1642 3220 altlrmant,
1659 3145 1693 3204 ut
1708 3143 1788 3202 Nav.
1805 3150 1832 3201 et
1843 3137 1900 3200 Tot.
1911 3136 1948 3197 ali

327 3233 443 3293 lamam
456 3230 627 3311 publicam,
643 3232 694 3293 vel
708 3251 766 3311 per
778 3233 994 3295 testimonium
1005 3235 1067 3295 fide
1078 3234 1124 3295 di·
1176 3231 1369 3311 probabilius
1380 3236 1507 3310 negant,
1517 3236 1551 3292 ut
1562 3231 1653 3292 Suar.
1667 3234 1698 3291 et
1712 3233 1795 3291 Kon.
1812 3227 1950 3311 quiasicut

326 3338 423 3399 gnum
437 3319 642 3398 probabiliter
656 3323 803 3383 credatur
813 3321 881 3402 jam
902 3340 970 3383 esse
994 3323 1122 3384 absolu·
1179 3319 1246 3380 haec
1260 3318 1413 3380 absolutio
1429 3324 1477 3378 est
1490 3318 1637 3379 distincta
1651 3314 1909 3388 aSacramentali,
1919 3313 1950 3372 ita

327 3413 387 3484 tus,
405 3407 447 3469 uti
464 3407 599 3469 habetur
611 3427 637 3470 c.
655 3407 750 3486 Sicut,
776 3411 825 3487 39,
853 3408 888 3470 de
909 3417 980 3471 sent.
1007 3429 1118 3471 aarum.
1179 3407 1274 3469 etiam
1289 3407 1329 3468 ad
1343 3425 1413 3468 eam
1432 3405 1603 3487 requiritur
1624 3404 1771 3466 distincta
1788 3398 1948 3485 jurisdictio,
1972 3369 1975 3446 i

327 3500 491 3576 potestque
502 3495 627 3576 ipsimet
640 3499 909 3560 excommunicato
925 3499 1069 3560 adbiberi
1086 3499 1120 3559 tl-
1179 3514 1249 3576 quaa
1264 3513 1419 3575 nusquam
1434 3493 1618 3556 conceditur
1632 3493 1779 3556 omnibus
1801 3485 1950 3554 Sacerdoti·
1972 3507 1974 3566 4

329 3584 395 3661 des,
411 3584 437 3645 si
453 3584 529 3646 elias
544 3588 592 3646 est
605 3586 666 3646 fide
685 3586 798 3666 dignus
814 3591 845 3648 et
858 3587 948 3649 bonae
963 3587 1124 3648 conscien·
1178 3584 1248 3647 bus.
1266 3586 1303 3648 V.
1320 3587 1430 3664 Laym.
1447 3601 1472 3644 c.
1490 3584 1519 3643 3.

328 3673 390 3750 tire,
406 3691 443 3734 ec
457 3673 541 3736 dicet
555 3691 588 3736 se
603 3674 793 3752 absolutum,
810 3679 865 3737 aut
879 3675 1015 3738 exercite
1026 3694 1059 3737 se
1070 3694 1124 3756 ge·
1972 3689 1974 3740 l

208 3785 211 3790 ¹
327 3767 377 3822 rat
410 3766 560 3843 tanquam
588 3781 650 3826 non
686 3764 1016 3840 excommunicatum
1042 3767 1120 3827 Nav.
1968 3747 1973 3840 i

327 3850 455 3931 ilenriq.
473 3849 554 3915 Avil.
571 3851 686 3916 Dicast.
702 3871 734 3915 n.
751 3855 821 3916 406.
1460 3883 1694 3948 ADDENDA·
1971 3841 1973 3878 ¹

1221 4117 1328 4193 Ouoest.
1345 4121 1394 4178 at.
1405 4151 1445 4162 -
1454 4113 1685 4197 Our'dproetcreo
1694 4114 1732 4175 sit
1743 4113 1790 4174 446
1799 4107 1948 4174 eumdum!

1179 4211 1216 4270 lt.
1233 4225 1320 4287 seqq.
1345 4207 1407 4284 51.
1434 4208 1499 4269 Sot.
1522 4205 1603 4268 ltled.
1625 4205 1737 4265 Govar.
1765 4203 1860 4265 'lolet
1881 4201 1945 4260 less.

647 4359 653 4370 .
1178 4299 1287 4374 Leym.
1305 4296 1402 4357 Castr.
1420 4296 1451 4355 ct
1460 4293 1512 4354 alii
1521 4293 1610 4355 multi
1621 4287 1705 4371 apud
1717 4289 1830 4353 Mende
1841 4285 1944 4358 desalt,

259 4387 300 4442 ¹⁸⁹
328 4355 371 4418 Ob
390 4377 479 4439 quam
500 4377 617 4420 mmm
640 4368 812 4421 'mmm'
833 4368 862 4421 θ’
882 4379 967 4441 qm
990 4359 1124 4439 ΨΜ
1177 4405 1208 4466 q.
1232 4389 1262 4461 9,
1287 4383 1396 4444 dicunt
1419 4380 1691 4442 administrantem
1716 4372 1946 4441 sacramentale

477 4455 578 4518 habi-'⁰²
591 4456 849 4518 eximmuiiiffliib
866 4456 973 4519 4447404·
1178 4469 1500 4534 excommunicatione
1514 4470 1636 4530 minore
1650 4485 1786 4547 peccare
1800 4461 1944 4534 venialiter,

1178 4562 1252 4642 quia
1266 4563 1313 4621 est
1327 4559 1432 4639 aliqua
1441 4555 1655 4634 irreverentia,
1669 4573 1733 4617 non
1744 4559 1846 4617 tamen
1854 4549 1944 4631 gravis

1184 4647 1270 4730 Vosq.
1285 4645 1360 4707 dicit
1369 4662 1500 4725 peccare
1510 4641 1695 4719 mortallter,
1709 4643 1877 4722 probatque
1886 4655 1916 4733 er
1925 4651 1944 4731 c.

366 4761 380 4798 n
406 4743 499 4818 Resp.
516 4738 690 4800 Incurritur
705 4738 745 4799 ob
761 4736 887 4799 unicam
906 4739 1029 4798 tantum
1051 4755 1122 4798 cau·
1178 4735 1218 4798 Si
1230 4735 1361 4811 celebret,
1377 4733 1414 4794 de
1429 4730 1544 4794 Clerico
1558 4730 1821 4806 excommunicato,
1833 4725 1877 4786 ubi
1890 4723 1945 4782 dm·

326 4847 405 4906 sam,
435 4826 553 4908 siquis
582 4828 728 4889 nimirum
756 4845 829 4888 cum
852 4825 1122 4888 excommunicato
1176 4827 1242 4884 tur:
1256 4812 1944 4904 peccotcutemconserendoEcclesiosticcSorm

326 4917 445 4998 majore
457 4917 778 4978 excommunicatione
794 4915 1004 4977 communicet
1016 4915 1054 4976 iis
1074 4934 1123 4976 ea·
1177 4919 1289 4984 mcoto3
1314 4910 1441 4991 quando
1463 4913 1568 4969 autem
1583 4907 1614 4967 in
1631 4907 1703 4988 jure
1729 4906 1841 4968 dicitnr
1855 4903 1943 4998 peut

302 5027 303 5030 ¹
326 5005 549 5085 sibus,qnibus
565 5005 724 5066 nonlicet.
742 5006 879 5066 Effectus
901 5003 969 5084 ejus
992 5009 1039 5066 est
1059 5004 1122 5083 pri·
1176 4999 1360 5080 intelligitur
1368 4997 1512 5059 mortale.
1525 4993 1630 5056 diendo
1640 4995 1729 5072 dicit,
1746 4994 1795 5056 vel
1805 4987 1944 5054 mortellttl'

325 5094 409 5156 vatio
425 5096 700 5156 sacramentorum
714 5093 936 5172 perceptionis.
953 5094 990 5156 V.
1009 5097 1119 5173 Laym.
1177 5089 1226 5150 vel
1241 5089 1593 5167 nullomodopeocarc:
1610 5084 1635 5144 si
1651 5083 1943 5172 enimestirrercreu·

327 5183 349 5244 Ι.
367 5186 395 5260 4,
413 5191 452 5243 tr.
469 5185 500 5259 5,
516 5201 548 5262 p.
565 5186 595 5260 2,
612 5200 678 5262 cop.
695 5184 724 5244 3.
745 5182 830 5244 Unde
841 5181 967 5242 resolues
992 5201 999 5242 ε
1177 5177 1231 5255 446,
1249 5181 1296 5239 est
1309 5177 1471 5250 mortalis3
1488 5174 1513 5235 si
1529 5177 1577 5234 est
1590 5172 1774 5252 prohibitio,
1790 5175 1834 5232 est.
1845 5173 1941 5262 grotti

365 5293 380 5330 o
405 5273 428 5332 l.
442 5272 607 5333 GumJura
626 5269 734 5331 dicunt
751 5269 1035 5332 communicantem
1051 5288 1123 5331 eum
1177 5266 1336 5329 concludit
1349 5267 1455 5326 tamen
1479 5281 1551 5323 cum
1575 5263 1652 5322 Nav.
1677 5261 1772 5322 Suar.
1792 5256 1853 5355 Fill.
1873 5255 1940 5314 Dran·

326 5359 594 5421 excommunicato
609 5358 770 5418 incurrere
784 5357 917 5419 similem
942 5375 1123 5419 excommu-
1177 5353 1325 5417 anemb.
1341 5352 1439 5414 lirim.
1456 5371 1487 5413 n.
1504 5347 1746 5429 somniisque
1766 5335 1942 5436 multicaulia

326 5447 523 5525 cinationem,
547 5465 657 5508 sensus
673 5452 729 5523 est,
747 5446 830 5526 quod
846 5445 997 5523 similiter,
1016 5446 1047 5506 id
1063 5449 1120 5524 est,
1176 5444 1270 5506 modo
1286 5459 1429 5524 peccare,
1445 5437 1586 5502 Ecclesia
1600 5435 1685 5499 enirn
1706 5436 1806 5498 solam
1822 5431 1940 5528 receptet·

325 5553 397 5600 vere
413 5535 709 5616 excommunicetur,
736 5534 808 5597 licet
828 5535 959 5598 minore.
1178 5551 1250 5596 uem
1273 5530 1430 5614 probibet,
1456 5527 1541 5591 unde
1564 5526 1597 5588 io
1611 5545 1637 5590 r.
1662 5521 1704 5588 Si
1716 5523 1840 5592 celebret,
1855 5517 1941 5580 dicitu

587 4157 771 4228 DUBlUltl
813 4157 859 4226 11.
