4186 6348
13 2579 20 2600 ·
147 2575 193 2637 dit
214 2576 255 2637 ab
275 2576 328 2637 illa
346 2577 517 2653 voluntate,
535 2581 569 2639 ut
583 2583 696 2656 potest,
713 2585 802 2640 extra
816 2579 938 2656 pericu·

724 551 776 612 ult
797 552 829 614 S.
853 551 1064 614 CRUCIATAE
1086 549 1229 616 Bonna,
1740 553 1799 614 369

153 737 320 813 mortis,·et
341 736 384 796 ita
406 735 437 797 in
452 735 511 798 hoo
525 737 664 815 periculo
688 740 792 816 potest
805 738 876 818 quis
893 739 946 800 ab·
1006 738 1052 799 vel
1067 736 1172 818 aliquo
1187 753 1296 798 eorum
1320 735 1352 796 in
1374 735 1489 798 liducia
1507 734 1601 815 hujus
1621 735 1731 816 gratia
1746 754 1799 796 ne·

152 825 230 887 solvi
243 843 301 904 per
314 823 446 900 Bullum,
464 829 495 887 et
509 825 666 904 applicata
680 825 821 905 gaudere
841 827 949 889 lndnl-
1003 830 1098 907 queat
1111 824 1196 886 illam
1210 825 1337 901 lucrari,
1356 825 1500 904 quamvis
1515 824 1668 886 contritus
1682 824 1795 886 moria-

151 912 269 990 gcntia.
286 910 366 972 Idan
384 931 465 972 nam.
482 914 531 973 34.
1003 921 1063 992 tur,
1077 914 1135 977 nisi
1147 913 1361 975 confessarius
1376 914 1512 992 applicet
1527 931 1616 985 eam3
1633 917 1737 992 potest
1750 916 1797 974 ta·

190 1003 220 1061 2.
236 1001 426 1062 Damnatum
440 1000 480 1061 ad
502 999 656 1078 triremes,
674 1019 737 1062 non
758 997 895 1082 judicari
911 1002 944 1062 in
1002 1021 1085 1079 men,
1108 1002 1134 1062 si
1155 1001 1368 1063 confessarius
1390 1002 1542 1080 applicet,
1565 1002 1709 1082 quamvis
1729 1000 1797 1082 ejus

149 1087 288 1166 periculo
314 1086 430 1148 versari
453 1089 573 1165 mortis,
599 1090 659 1150 nisi
674 1085 754 1152 torte
770 1090 946 1170 navigatio·
1001 1088 1230 1150 contessionem
1245 1091 1353 1151 audire
1370 1107 1432 1151 non
1447 1090 1600 1168 potuerit;
1618 1091 1692 1170 quia
1706 1090 1797 1151 Bulla

151 1193 224 1236 nem
246 1174 373 1255 naviget
395 1175 710 1254 periculosissimam,
735 1181 766 1239 et
788 1178 832 1239 ita
856 1183 945 1238 extra
1001 1177 1104 1237 solum
1119 1176 1258 1239 excludit
1278 1177 1373 1240 istum
1388 1179 1428 1238 ab
1450 1195 1489 1238 ea
1508 1178 1621 1257 gratia,
1637 1197 1707 1256 quac
1722 1195 1798 1237 con-

152 1262 234 1326 buuc
260 1281 366 1324 casum
388 1279 452 1324 non
475 1281 567 1342 posse
590 1263 618 1324 ai
641 1264 756 1326 valenti
779 1265 947 1345 Indulgen·
1001 1262 1204 1326 ceditursino
1225 1264 1454 1327 interveniente
1475 1264 1694 1343 applicatione.
1712 1266 1750 1326 llt
1770 1265 1796 1325 si

152 1350 226 1412 bam
240 1351 402 1431 applicari.
1001 1355 1048 1412 cst
1068 1369 1144 1412 vera
1167 1351 1323 1413 sententia
1347 1352 1453 1412 Dianae
1477 1351 1646 1428 efferentis,
1668 1351 1796 1412 Laicum

187 1441 219 1500 3.
249 1441 356 1518 Neque
385 1437 480 1499 etiam
507 1438 631 1499 leminis
657 1439 797 1518 gravidis
826 1440 946 1501 cunctis
1001 1456 1091 1516 posse
1115 1438 1274 1516 applicare
1297 1438 1529 1517 Indulgentiam
1553 1437 1711 1515 morienti,
1742 1438 1794 1498 ab

149 1525 301 1604 applicari
324 1544 428 1604 posse,
455 1526 580 1606 quando
604 1531 713 1606 partus
735 1527 831 1588 instat
853 1527 943 1605 hora,
1000 1531 1088 1587 sente
1104 1527 1285 1594 Sacerdote,
1309 1527 1424 1605 poterit
1442 1527 1537 1589 ctiam
1558 1525 1717 1606 applicare
1739 1526 1796 1588 lai-

149 1614 224 1694 quia
238 1632 301 1675 non
316 1631 424 1676 omnes
438 1618 513 1675 tunc
535 1614 575 1675 de
590 1619 690 1676 morte
709 1614 944 1694 periclitantem
1001 1632 1056 1674 cus
1078 1614 1134 1692 illi,
1161 1614 1306 1694 quamvis
1328 1615 1359 1675 in
1383 1615 1499 1677 tiducia
1517 1616 1609 1677 bullae
1633 1617 1795 1695 negligens

149 1701 204 1762 sed
225 1701 289 1762 illoe
311 1701 422 1777 solum,
440 1719 509 1780 quae
530 1700 571 1761 ab
586 1700 719 1762 aliorum
733 1706 880 1781 partuum
895 1720 945 1762 ex·
1000 1702 1140 1764 fueritin
1155 1702 1404 1765 confessionibus
1418 1706 1534 1764 statuto
1551 1708 1701 1782 ternpore.

149 1787 313 1867 perdentia,
327 1788 375 1850 vel
391 1807 428 1848 ex
442 1788 685 1850 circumstantiis
695 1793 770 1849 tunc
780 1806 944 1849 occurren·
1039 1794 1070 1851 l.
1087 1792 1178 1868 Eum,
1197 1791 1250 1871 qui
1272 1809 1335 1851 non
1356 1790 1453 1852 habet
1471 1792 1637 1852 mortalem
1656 1792 1791 1870 culpam,

149 1875 246 1954 libus,
277 1875 438 1939 sinistrum
465 1879 590 1954 partum
618 1875 789 1956 prudenter
816 1877 937 1938 timent.
998 1879 1706 1958 posscluerariindulgentiam,quamvissine
1722 1899 1794 1942 con-

148 1961 230 2024 Idem
252 1962 325 2025 itta.
998 1965 1122 2027 tritione
1144 1967 1307 2043 moriatur,
1329 1965 1361 2026 in
1376 1984 1458 2042 ,casu
1482 1966 1600 2028 scilicet
1623 1967 1792 2046 repentina.

185 2054 216 2112 t.
232 2053 325 2130 Eum,
350 2051 403 2132 qui
425 2051 527 2113 sciens
545 2058 577 2112 et
599 2053 707 2114 volens
726 2052 794 2113 sine
809 2057 942 2132 urgente
996 2055 1117 2131 mortis,
1134 2055 1184 2116 vel
1198 2055 1327 2116 absente
1343 2053 1549 2116 Confessario.

147 2155 244 2200 causa
265 2140 392 2219 exponit
413 2158 447 2200 se
468 2140 605 2219 periculo
628 2141 748 2218 martia,
766 2159 828 2202 non
849 2159 940 2220 posse

147 2225 286 2304 gaudere
300 2225 361 2287 hoc
374 2227 472 2288 Bullae
486 2226 662 2306 privilegio,
679 2226 764 2307 quod
779 2228 810 2288 in
831 2227 941 2289 mortis

147 2311 329 2373 conceditur
355 2312 493 2392 periculo
522 2313 708 2377 constitutis.
743 2315 832 2376 Ratio
866 2313 941 2395 quia

148 2398 205 2461 iste
233 2405 366 2462 nonest
393 2399 579 2463 constitutus
606 2401 638 2461 in
657 2403 795 2481 periculo
817 2403 937 2478 morlia,

147 2487 201 2548 scd
215 2487 283 2568 ipse
297 2507 331 2550 se
345 2489 520 2551 voluntarie
531 2490 701 2567 constitnit,
713 2491 796 2552 unde
811 2491 836 2552 si
851 2509 939 2552 rece-

1199 2356 1493 2418 anticanus
1525 2359 1585 2419 lv.

994 2551 1037 2611 Dr
1055 2550 1244 2635 indulgentia
1268 2554 1433 2636 quindecim
1451 2577 1596 2620 oorwrum
1620 2567 1646 2620 et
1659 2562 1790 2648 partici-

146 2661 212 2723 lum
226 2663 296 2726 erit.
324 2664 386 2726 Sed
401 2663 427 2724 si
441 2664 538 2724 semel
554 2663 585 2724 ln
600 2665 738 2742 periculo
753 2665 939 2727 constitutus
1184 2645 1314 2724 Pallffliil
1331 2645 1449 2725 dmm
1467 2665 1594 2728 ‘’Pel'llm·

148 2755 178 2810 et
189 2749 259 2830 jam
272 2751 371 2811 vitare
385 2768 447 2811 non
462 2751 580 2828 valens,
597 2751 623 2812 si
637 2752 704 2830 ipse
719 2759 767 2813 est
779 2753 859 2814 benc
875 2752 939 2813 dis-

147 2840 277 2917 positus,
302 2843 406 2917 potest
428 2837 559 2915 absolvi,
584 2843 748 2920 potestque
777 2841 805 2901 ei
833 2841 939 2902 Indul-

147 2925 254 3003 gentia
275 2925 436 3004 applicari.
466 2925 594 3003 lllendc,
620 2947 650 2987 a.
677 2931 726 3003 35,
749 2946 822 2990 curn
836 2929 934 2990 Trull.

147 3011 293 3074 Corduba
306 3016 338 3073 et
352 3012 466 3074 Sanch.

189 3098 343 3173 Quaeritur
355 3107 448 3174 secto,
467 3119 505 3160 on
514 3101 609 3181 possit
621 3101 688 3182 qnia
703 3101 819 3165 lucrari
832 3101 939 3164 Indul-

146 3188 273 3268 pectam
304 3187 380 3268 quia
412 3187 501 3268 aptam
533 3188 661 3270 applicet
697 3189 939 3270 Consemoriua?

149 3278 239 3355 Resp.
252 3276 438 3337 affirmative
451 3294 458 3336 :
472 3277 602 3348 Quando
618 3277 688 3355 quis
703 3283 803 3340 morte
818 3279 939 3357 rapitur

148 3363 261 3439 subito,
278 3367 334 3424 aut
353 3363 420 3422 sine
435 3363 622 3424 confessarii
637 3365 738 3444 copia,
753 3365 849 3427 modo
870 3383 939 3427 mo-

148 3451 246 3512 n'atur
259 3450 423 3527 contritus,
441 3455 472 3511 et
490 3450 588 3513 fretus
610 3451 671 3513 hcc
692 3453 854 3533 privilegio
876 3471 938 3514 non

147 3540 240 3602 fuerit
254 3539 417 3618 negligens
431 3539 462 3599 in
477 3541 654 3602 confitendo
669 3546 809 3621 tempore
825 3541 865 3602 ab
879 3543 939 3603 Ec-

148 3630 242 3691 clesia
255 3633 384 3692 statuto.
402 3629 491 3691 Unde
505 3629 690 3692 resolvitur:

188 3721 215 3778 l.
233 3718 323 3790 Quod
346 3716 489 3797 quamvis
504 3735 567 3778 ncn
582 3719 680 3797 possit
699 3719 813 3781 lucrari
837 3719 937 3782 indul·

147 3806 285 3886 gentiam
300 3805 391 3866 istam
405 3807 443 3880 is,
461 3806 513 3885 qui
529 3805 587 3868 luit
600 3807 762 3887 negligens
776 3807 808 3866 in
822 3809 938 3871 fidncia

1035 2853 1185 2928 (lucrator
1192 2857 1305 2936 primo,
1322 2875 1458 2938 quaenam
1474 2864 1583 2939 gratita
1595 2860 1790 2922 concedantar

994 2941 1026 3000 in
1042 2941 1098 3001 toa
1115 2941 1247 3002 clausula
1261 2942 1375 3020 Bullae,
1393 2953 1418 3004 el
1433 2946 1575 3024 quomodo
1597 2946 1728 3027 intelligi
1740 2946 1790 3008 de-

995 3029 1102 3090 bcant?
1121 3033 1213 3109 Resp.
1232 3033 1259 3092 l.
1282 3033 1416 3093 Conoodi
1432 3033 1611 3112 quindecim
1627 3053 1740 3124 annos,
1758 3041 1789 3100 et

994 3118 1173 3197 quindecim
1195 3120 1415 3200 quadragenas
1429 3121 1622 3184 remissionis
1637 3125 1789 3203 poeniten·

993 3207 1108 3267 tiaram
1130 3207 1358 3286 impositarum,
1375 3213 1407 3270 ct
1427 3211 1569 3290 quolibet
1589 3211 1683 3273 modo
1699 3212 1789 3274 debi-

995 3299 1111 3355 tarum.
1130 3296 1338 3376 Quadragena
1353 3302 1400 3360 est
1414 3317 1563 3360 numerus
1578 3300 1788 3380 quadraginta

994 3380 1126 3457 dierum,
1145 3382 1228 3442 undo
1243 3383 1423 3462 quindecim
1438 3385 1648 3464 quadragenae
1659 3405 1788 3448 sexcen-

995 3473 1100 3528 torum
1115 3468 1237 3529 dierum
1252 3469 1311 3530 erit
1325 3489 1484 3533 numer-ua.
1498 3475 1557 3533 Pro
1572 3473 1661 3554 cnjus
1677 3475 1787 3537 intelli-

993 3556 1099 3635 gentia
1116 3556 1343 3618 advertendum
1365 3565 1413 3619 est
1432 3561 1545 3621 Sacros
1563 3563 1705 3623 Canones
1723 3567 1787 3624 sta·

992 3644 1087 3705 tuisse
1103 3644 1177 3704 olim
1192 3644 1350 3724 rigorosas
1368 3664 1479 3724 poenas
1502 3666 1559 3726 pro
1583 3650 1692 3728 cnlpiS,
1709 3653 1786 3713 assi-

992 3732 1096 3811 gando
1112 3732 1285 3812 quibudam
1300 3734 1399 3812 culpis
1413 3734 1532 3814 aliquot
1546 3736 1623 3812 dies,
1639 3735 1708 3798 aliis
1722 3737 1785 3798 cul-

992 3821 1040 3898 pis
1055 3820 1175 3899 aliquot
1188 3837 1298 3896 annos,
1315 3838 1372 3899 per
1386 3838 1519 3900 quorum
1534 3823 1669 3902 spatium
1683 3829 1715 3884 tn
1730 3843 1785 3884 va-

148 3894 239 3975 hujus
262 3893 477 3973 indulgentia,
493 3898 597 3972 potest
614 3898 719 3956 tamen
742 3895 779 3971 is,
805 3894 858 3974 qui
880 3894 938 3955 fuit

148 3983 308 4063 negligens
317 3981 358 4042 ob
368 3981 516 4042 fiduciam
531 3981 609 4061 ejus.
625 3983 820 4062 Explicatur:
834 3985 859 4042 N
863 3983 937 4062 egli-

147 4089 223 4150 gens
246 4071 279 4131 in
302 4069 418 4132 fiducia
439 4069 643 4150 indulgentiae
662 4072 776 4134 dicitur
799 4072 861 4148 ille,
883 4069 937 4150 qui

148 4175 208 4218 non
229 4157 393 4237 negligens
412 4160 495 4217 esset
512 4159 538 4217 si
563 4175 625 4218 non
649 4158 780 4220 haberet
801 4160 935 4235 Bullarn,

146 4251 200 4307 aut
219 4248 362 4326 speraret
382 4242 510 4304 habere.
528 4245 695 4324 Negligens
715 4246 754 4307 ob
775 4247 934 4323 fiduciam

146 4331 194 4393 vel
214 4351 288 4394 cum
308 4330 490 4392 fiduciaest
512 4330 575 4407 ille,
592 4333 644 4412 qui
668 4336 787 4395 attenta
808 4334 938 4414 propria

146 4419 311 4501 fragilitate
327 4423 358 4481 et
377 4418 534 4498 passione,
551 4421 664 4481 codem
677 4419 772 4483 modo
787 4427 869 4485 essct
883 4441 937 4484 ne·

146 4510 266 4591 gligens
290 4507 435 4570 habendo
459 4507 603 4584 Rullum,
628 4527 665 4569 ao
689 4528 751 4570 non
775 4510 933 4587 habendo,

147 4598 288 4681 quamvis
303 4615 340 4657 ex
355 4612 392 4656 eo
407 4596 491 4675 quod
507 4594 637 4673 habeat,
658 4597 707 4658 vel
721 4603 826 4676 speret
840 4599 935 4660 habe·

145 4707 178 4748 rc
191 4689 290 4764 illam,
308 4685 447 4747 solamen
466 4685 610 4765 accipiat,
631 4687 791 4766 proposito
809 4687 867 4747 sibi
889 4705 934 4746 re-

145 4778 259 4853 medio,
282 4774 368 4855 quod
390 4777 494 4852 potest
520 4775 553 4834 in
580 4774 634 4836 illo
659 4775 784 4836 lucrari.
808 4775 933 4852 Mende,

144 4869 316 5026 agidam}
331 4952 384 5033 qui
398 4951 431 5012 in
443 4951 559 5014 fiducia
573 4952 656 5013 dicta
671 4952 807 5031 neglexit
816 4953 935 5012 conlus-

992 3908 1046 3968 riis
1061 3908 1252 3986 poenitentiae
1268 3909 1414 3986 operibus
1430 3911 1656 3972 exercebantur
1669 3911 1713 3976 hi.
1729 3912 1783 3992 qni
1825 3929 1827 3934 ·

992 3999 1217 4074 peccaverant;
1235 4014 1305 4074 quae
1321 4015 1417 4074 opera
1431 3997 1568 4075 poenalia
1581 3997 1784 4077 imponebant

992 4081 1176 4144 confessarii
1195 4083 1430 4161 poenitentibus,
1452 4090 1483 4144 et
1500 4084 1550 4146 isti
1570 4104 1701 4147 accenso
1722 4087 1784 4148 fer·

991 4189 1066 4231 vore
1080 4171 1261 4250 implebant.
1275 4174 1445 4251 Postquam
1454 4191 1529 4234 vero
1541 4178 1653 4235 natura
1663 4176 1780 4254 tepida,

992 4263 1023 4318 et
1044 4258 1146 4319 mollis
1168 4259 1235 4319 haec
1250 4277 1347 4338 opera
1365 4261 1501 4339 poenalia
1520 4261 1660 4323 difficilia
1673 4265 1780 4340 sensit,

992 4363 1070 4424 opus
1084 4344 1142 4407 suit
1156 4346 1286 4406 concedi
1307 4347 1531 4426 Indulgentiae,
1549 4349 1662 4428 quibus
1676 4351 1783 4413 remit-

991 4435 1111 4494 teretur
1132 4450 1228 4510 poena
1255 4433 1318 4510 illa,
1345 4451 1414 4512 quae
1438 4438 1511 4496 ante
1533 4436 1663 4512 parilia
1687 4455 1783 4521 opera

990 4518 1126 4597 poenalia
1140 4519 1369 4598 remittebatur,
1385 4520 1411 4580 si
1426 4525 1520 4601 prout
1533 4540 1552 4583 a
1567 4523 1671 4584 Sacris
1685 4525 1782 4585 Cano·

991 4605 1083 4667 nibus
1096 4606 1350 4685 praecipiebatur,
1363 4626 1460 4686 opera
1474 4609 1527 4670 illa
1540 4611 1779 4688 perficerentur;

990 4694 1085 4770 unde,
1103 4695 1229 4774 quando
1250 4696 1460 4775 quadraginta
1482 4697 1549 4758 dies
1567 4699 1782 4763 conceduntur

990 4781 1206 4862 Indulgentiae,
1223 4783 1391 4846 remittitur
1404 4789 1479 4846 tunc
1493 4786 1547 4846 illa
1559 4804 1655 4865 poena
1664 4789 1780 4868 Purga-

989 4870 1072 4947 torii,
1089 4889 1159 4951 quae
1173 4869 1386 4932 remitteretur
1400 4871 1525 4934 facienti
1538 4873 1591 4934 illa
1605 4891 1702 4952 opera
1716 4895 1780 4954 pua-

990 4958 1084 5033 nalia,
1097 4974 1192 5036 quam
1206 4975 1264 5036 pro
1279 4958 1378 5037 culpis
1392 4959 1569 5020 faciendam
1582 4961 1662 5021 sacri
1677 4962 1779 5040 dispo·

145 5041 274 5120 sionem,
300 5043 350 5103 vel
371 5057 520 5116 annuam,
544 5040 593 5102 vel
613 5059 694 5118 eam,
717 5058 786 5120 quaa
807 5043 841 5101 tit
862 5045 934 5103 ante
990 5045 1107 5107 nebant
1121 5046 1271 5106 Canones.
1289 5047 1396 5125 ltaque
1417 5065 1475 5125 per
1495 5047 1724 5126 indulgentiam
1739 5050 1781 5110 is-

139 5129 408 5218 communionem,
421 5146 493 5190 cnm
505 5128 680 5191 advertitin
691 5147 759 5190 sese
770 5130 934 5191 mortalem
989 5138 1054 5195 tam
1077 5134 1173 5195 Bullae
1196 5133 1364 5195 remittitur
1385 5135 1498 5214 cuique
1526 5135 1580 5197 illa
1603 5138 1778 5216 Purgatcrii

144 5218 278 5299 culpam,
305 5220 361 5280 aut
383 5235 455 5279 cum
478 5217 626 5278 fueritin
649 5217 759 5280 mortis
781 5217 932 5296 periculo,
988 5239 1103 5300 poena,
1129 5239 1199 5300 quae
1227 5221 1447 5298 remitteretur,
1473 5223 1498 5283 si
1521 5241 1578 5302 per
1601 5223 1779 5303 quindecim

144 5325 203 5368 non
225 5309 332 5387 potest
353 5304 493 5385 gaudere
516 5305 576 5366 hac
597 5305 709 5384 gratia,
733 5307 808 5386 quia
831 5307 934 5370 omisit
988 5327 1087 5370 annos
1108 5313 1139 5369 et
1156 5313 1317 5370 sexcentos
1332 5310 1398 5370 dies
1412 5311 1530 5372 laceret
1544 5329 1639 5392 opera
1653 5311 1706 5372 illa
1715 5330 1778 5391 poe·

142 5396 370 5458 contessionem
383 5399 525 5474 tempore
540 5395 581 5456 ab
595 5394 735 5456 Ecclesia
748 5398 874 5458 statuto.
988 5397 1082 5474 nalia,
1099 5415 1169 5475 qnae
1188 5401 1340 5460 statuerat
1357 5399 1501 5460 iacienda
1518 5398 1570 5480 jus
1587 5400 1777 5463 canonicum

180 5487 208 5544 3.
225 5483 317 5556 Quod
339 5483 482 5564 quamvis
497 5483 659 5564 negligens
680 5483 713 5544 in
728 5483 776 5544 his
790 5483 931 5559 casibus,
987 5503 1044 5564 pro
1058 5485 1195 5564 peccatis
1209 5485 1268 5547 illis
1283 5486 1470 5549 commissis.
