4012 6354
315 529 374 600 tel
627 528 659 595 7Ιῐ

862 549 870 564 ·
968 529 1087 594 tubex
1109 529 1281 592 asserite.
1618 527 1641 596 Ρ

315 717 360 785 777,
375 713 558 790 probabiliter
575 713 658 771 etiarn
682 713 769 769 tolum
792 719 933 770 restituere
957 717 1107 779 tenebitur,
1159 714 1268 782 77777777
1283 717 1308 767 ei
1323 727 1377 768 non
1393 717 1516 778 debetur,
1531 719 1655 782 quemuis
1672 719 1878 771 rmenimltersit
1890 730 1950 785 pos·

316 794 373 843 sive
385 793 446 842 inde
458 795 491 840 sil
502 793 587 841 tercius
598 791 689 850 ditior,
705 791 761 838 sire
782 801 847 850 non,
863 803 890 838 ιι.
905 791 959 838 565.

349 865 485 912 l‘ossessor
496 865 572 912 melre
588 861 649 911 tidei
661 863 769 910 teuelrrr
778 873 831 910 nort
845 865 951 910 lantum
964 861 1107 910 restituere

317 946 372 984 rem
388 938 415 983 el
430 934 532 984 iunctus
547 935 695 996 perceptos,
707 934 753 981 sed
770 934 851 980 etiam
870 932 999 982 darrmum
1019 943 1107 980 emer·

317 1017 382 1070 gens
396 1008 422 1053 el
437 1003 541 1054 lucrum
561 1017 675 1064 cessans,
692 1003 709 1053 i.
730 1005 753 1066 3,
770 1018 795 1071 p.
815 1007 840 1063 2,
855 1017 882 1052 u.
901 1005 954 1063 777,
973 1016 989 1052 7
1005 1017 1031 1052 7.
1053 1003 1107 1060 eut,

317 1086 343 1126 u.
355 1077 408 1124 577.
421 1077 477 1124 Nou
495 1079 584 1124 777777
601 1075 702 1124 tructus
718 1073 900 1136 777777777777,
912 1087 937 1123 7.
953 1075 1007 1124 ata.
1022 1075 1110 1124 Tenc-

317 1149 543 1210 turcomperrsfra
559 1145 661 1194 irrrclrrs
677 1155 745 1208 quos
762 1156 817 1194 nou
833 1145 962 1207 percepit.
977 1145 998 1192 si
1019 1143 1109 1192 domi-

318 1229 369 1266 nns
387 1231 432 1266 cos
453 1219 629 1279 percepturus
646 1215 750 1272 luisset,
768 1227 823 1264 777
839 1220 940 1275 iernen,
956 1215 978 1263 si
995 1227 1040 1264 eos
1058 1213 1110 1262 illi·

318 1289 371 1336 cite
395 1285 572 1350 percepisset,
598 1290 659 1338 etc..
683 1299 699 1334 a
727 1299 753 1334 7.
778 1285 832 1335 cic.
859 1288 947 1335 l’olesl
977 1284 1110 1334 deducere

319 1367 449 1418 77777777
469 1354 551 1403 fractas
571 1355 600 1403 iu
621 1355 726 1404 tructus
745 1356 883 1404 naturales
902 1358 928 1403 et
943 1355 1043 1403 mixtos
1062 1367 1111 1403 ua-

319 1431 385 1476 tnrre
407 1426 608 1489 respondentes,
631 1425 694 1476 licei
714 1439 760 1474 sos
779 1427 988 1488 consumpserit,
1005 1437 1053 1474 nec
1076 1425 1112 1474 sit

320 1497 406 1548 iactus
421 1498 513 1556 ditior,
533 1511 559 1545 n.
575 1499 628 1546 223.
645 1494 702 1548 Non
722 1501 812 1560 777777
831 1496 965 1546 deducere
980 1509 1111 1559 expensas

319 1569 471 1622 ueressario
492 1568 574 1616 iactas
593 1569 621 1616 iu
641 1581 697 1617 rom
714 1569 818 1620 ratione
842 1579 898 1617 sure
921 1567 1039 1630 injuriis,
1065 1565 1110 1615 seri

320 1645 425 1691 lautum
443 1639 511 1699 illes,
530 1653 589 1701 quse
609 1639 823 1704 independenter
835 1640 869 1688 ab
884 1638 982 1702 iniuria
998 1637 1113 1688 tuissent

320 1708 459 1768 iaciendis,
487 1723 514 1758 u.
536 1712 591 1758 725.
610 1709 728 1760 Tenetur
744 1711 801 1759 suia
821 1709 976 1774 sumptibus
998 1721 1055 1758 reru
1078 1707 1113 1757 ad

322 1791 387 1829 curn
405 1781 493 1829 locum
509 1779 623 1842 deterre,
642 1781 688 1830 ubi
706 1781 774 1831 aller
786 1779 932 1830 habiturus
947 1780 1050 1840 luisset,
1067 1779 1114 1828 de-

321 1851 410 1902 ductls
439 1851 580 1912 expensis,
609 1851 662 1900 uisi
687 1855 752 1900 trrnc
783 1849 970 1900 transferendo
1003 1849 1115 1900 deberet

323 1921 382 1984 pirre
402 1921 565 1983 expendere,
584 1934 664 1983 quam
685 1935 726 1970 res
746 1921 827 1976 vaiet,
846 1925 910 1972 tuuc
930 1920 1002 1969 enirn
1024 1923 1115 1984 posset

322 1995 387 2043 dere
403 1993 566 2056 pauperibus
580 1992 622 2040 tel
637 1993 664 2040 in
681 1993 740 2056 pios
755 2005 828 2053 usus,
844 2004 873 2041 7.
888 1993 942 2041 355.

265 2073 267 2080 ’
356 2067 493 2114 l'ossessor
518 2067 572 2112 larrr
596 2063 689 2123 bourn,
714 2075 795 2127 quarn
819 2063 897 2112 maire
920 2062 983 2112 tidei
1008 2065 1116 2112 tenetur

323 2137 466 2186 restituere
484 2134 588 2184 irrrctus
610 2135 719 2193 mixtos,
736 2137 867 2196 quantum
883 2133 1046 2197 respondent
1065 2147 1117 2182 na·

324 2211 410 2266 lurre;
436 2217 489 2254 nou
513 2218 588 2266 vitro,
614 2209 747 2267 quantum
775 2206 939 2268 respondent
964 2205 1115 2266 industriis,

324 2277 343 2327 7.
357 2279 382 2338 3,
394 2291 418 2340 p.
431 2277 455 2336 2,
470 2289 496 2324 n.
512 2276 567 2325 273.
587 2277 676 2325 Potest
691 2276 719 2324 iu
734 2277 907 2326 restitutione
922 2276 1055 2326 deducere
1069 2291 1116 2326 re-

324 2347 409 2398 lcrem
426 2346 529 2396 laboris
545 2349 572 2394 el
585 2346 740 2408 aliquarum
759 2357 948 2409 expensarum,
959 2360 986 2396 7.
1001 2349 1055 2397 227.

362 2421 501 2468 possessor
534 2418 633 2479 partina
669 2417 766 2478 77777,
802 2417 898 2480 partim
927 2417 1005 2467 melre
1036 2419 1119 2478 ildei,

326 2491 346 2540 sl
375 2489 447 2538 bona
470 2487 522 2537 tide
546 2489 638 2550 caepit,
661 2489 707 2537 sed
738 2488 811 2536 mola
834 2486 887 2537 lide
910 2489 1117 2552 superveniente

325 2560 506 2623 consumpsit,
532 2563 641 2608 tenetur
661 2571 693 2607 ex
717 2573 746 2608 rc
769 2563 879 2622 accepta
902 2559 1047 2610 restituere
1070 2573 1118 2624 pro

325 2635 446 2694 tenrpore
466 2631 544 2678 bone
564 2628 645 2688 tideir
662 2629 707 2678 sed
727 2632 878 2692 atempore
901 2629 979 2678 melre
997 2630 1061 2679 fldei
1080 2634 1119 2680 tc-

326 2706 408 2752 77777
418 2701 499 2750 etiam
512 2713 545 2749 ex
557 2699 657 2763 injuste
672 2699 829 2763 acceptione
849 2700 883 2749 eri
901 2701 991 2750 ornnia
1010 2701 1118 2764 damus,

326 2785 353 2823 u.
377 2773 430 2822 239.
447 2771 474 2822 Si
491 2771 567 2833 prius
589 2768 659 2818 melo
681 2769 734 2819 lide
755 2771 875 2833 possedit
893 2775 920 2821 et
935 2776 1039 2835 partem
1054 2787 1121 2824 con·

327 2843 451 2904 sumpsit,
466 2841 512 2890 sed
530 2841 623 2903 postea
645 2839 717 2890 boue
739 2840 792 2890 ilde
811 2843 955 2891 consumet
973 2841 1119 2907 reliquum,

327 2915 349 2964 si
370 2913 465 2963 resciat
488 2925 515 2960 se
537 2912 582 2975 jue
606 2923 660 2960 non
683 2909 820 2970 77777777,
837 2913 946 2962 leuetur
964 2926 997 2962 ex
1020 2915 1121 2978 injusta

328 2983 488 3045 acceptioue
512 2993 561 3044 pro
588 2981 708 3042 tempore
730 2980 807 3030 maloe
835 2979 917 3040 littei,
952 2993 968 3032 a
1000 2983 1121 3048 tempore

327 3055 407 3104 boues
427 3051 489 3101 tidei
507 3053 615 3100 7777777
629 3063 662 3098 err
678 3063 707 3099 re
721 3054 841 3113 accepta,
852 3063 878 3100 a.
894 3053 948 3102 2777.
960 3053 988 3104 Si
1003 3054 1123 3117 possedit

329 3123 398 3175 mola
409 3121 478 3182 ilde,
497 3121 546 3170 sed
564 3119 636 3172 77777
655 3122 834 3185 consumpsit,
850 3122 902 3171 nisi
918 3129 1061 3187 postquam
1077 3139 1123 3176 su·

328 3196 489 3259 pervenerat
503 3192 574 3241 bona
596 3190 675 3253 fides,
695 3195 878 3242 7777777777
896 3194 1050 3256 restituere,
1070 3197 1122 3248 uisi

329 3279 362 3316 ex
381 3279 410 3316 re
425 3266 544 3327 7777777,
560 3267 693 3325 quantum
708 3261 796 3313 iac'lus
810 3266 851 3312 est
864 3263 958 3326 ditior,
973 3279 1000 3314 7.
1021 3269 1076 3317 277.

362 3341 508 3394 l‘ossessor,
523 3335 546 3382 si
565 3332 708 3384 meliorata
729 3333 833 3395 iecerit,
847 3347 884 3383 an
904 3337 932 3384 et
951 3335 1017 3399 quid
1032 3339 1056 3388 77
1074 3339 1121 3389 de·

329 3408 432 3458 beatur.
444 3405 479 3456 ll.
494 3405 695 3455 Medorumente.

485 3527 686 3580 POSTULATIO
701 3527 744 3578 tu
760 3527 969 3580 nmcslctlllt.

361 3627 510 3682 Postuletio
533 3629 574 3677 cst
591 3621 743 3689 designatio
764 3625 881 3690 alicuius
904 3639 1026 3691 7777777
1048 3628 1125 3680 leole

330 3714 378 3766 per
391 3696 529 3760 suffragia,
544 3707 597 3759 qua
611 3696 713 3759 petitur
726 3695 835 3760 aliquis,
851 3696 897 3758 qui
918 3697 1124 3761 per·dispensu-

311 3805 313 3814 .
330 3771 434 3823 lionam
446 3770 553 3818 tautum
567 3779 599 3816 77
635 3779 653 3816 x
668 3771 733 3826 erat,
745 3766 761 3815 7.
777 3768 802 3826 7,
819 3779 848 3815 ιι.
862 3768 915 3816 cdli.
931 3767 1126 3819 postulationis

329 3831 460 3886 admissio
470 3833 603 3893 77777777
641 3829 689 3890 777,
700 3841 754 3892 qua
768 3828 1017 3892 Superiorroburat
1031 3835 1125 3894 postu·

330 3904 459 3956 lationem
474 3899 581 3961 tactem,
595 3900 632 3952 ib.

364 3971 512 4024 9777777777
521 3969 589 4020 tacte
601 3969 630 4018 iu
644 3967 791 4030 discordia,
806 3968 829 4021 77
839 3982 896 4021 777
907 3975 1053 4021 concurrat
1062 3986 1126 4023 curu

330 4044 473 4100 electione,
489 4040 604 4103 requirit
613 4041 744 4103 majorem
757 4043 860 4102 perlem
874 4039 992 4103 capituli
1005 4059 1012 4101 i
1027 4041 1049 4090 77
1065 4053 1126 4092 cum

331 4117 463 4171 electione
478 4116 630 4173 concurret,
648 4114 678 4161 ul
689 4109 845 4175 preeruieat,
859 4111 1051 4176 requisiturus
1065 4127 1126 4178 per·

330 4195 371 4239 tes
381 4185 515 4250 Capituli;
531 4183 552 4233 si
563 4196 626 4234 cum
641 4181 824 4246 postulatione
840 4185 992 4244 concurret,
1004 4193 1053 4247 per
1067 4197 1126 4235 me·

329 4257 471 4324 iurulenta
487 4253 710 4318 prisianensis,
726 4264 752 4302 7.
767 4253 822 4304 att.

331 4369 337 4380 .
364 4326 513 4380 Postulatio
531 4325 599 4374 beta
613 4322 734 4373 revocari
749 4325 847 4385 polest,
863 4323 887 4372 si
900 4323 1040 4387 Superiori
1063 4337 1127 4376 ucc-

331 4397 397 4450 riam
412 4397 447 4446 sit
460 4397 632 4459 prasseuu,
646 4407 674 4443 u.
689 4395 743 4443 tta.

364 4467 503 4521 eostotare
525 4468 639 4530 possunt
661 4477 773 4525 omues,
797 4463 845 4527 qni
869 4469 985 4527 pessunt
1008 4465 1127 4531 eligere,

333 4555 360 4592 7.
376 4541 431 4591 777.

365 4609 496 4663 Postuiari
512 4610 627 4672 pessunt
641 4605 680 4656 iili
697 4609 814 4666 7777777,
828 4607 877 4670 qni
891 4607 927 4658 ob
948 4607 1128 4672 impedimen·

332 4687 391 4733 tunt
398 4677 1127 4742 &conicumdispensabileeliginonpessunt,an.itl.

331 4753 487 4805 tli‘scianter
496 4748 700 4814 posmletorierl
706 4747 794 4810 ignes,
803 4747 941 4800 emittitur
954 4761 1002 4811 pro
1016 4749 1128 4800 illavics

331 4826 376 4889 777
390 4820 544 4887 7777777767
563 4824 590 4870 77
603 4819 734 4882 eligendi,
750 4831 777 4868 7.
792 4819 848 4869 777.

366 4892 534 4945 Poslrlleutes
549 4890 630 4941 telam
644 4889 678 4940 ad
695 4890 843 4940 Ecclesium
857 4890 1055 4952 cathedralem,
1070 4905 1129 4942 sus-

333 4964 492 5030 penduntur
514 4975 562 5025 per
585 4960 735 5010 triennium
754 4973 769 5009 7
792 4959 934 5011 Beneileiis
956 4963 983 5012 77
1003 4963 1128 5026 Ecclesia,

332 5042 382 5100 pro
397 5044 450 5098 qua
466 5032 647 5096 postularunt,
658 5031 694 5080 ib.

366 5103 515 5155 eostalrmo
529 5102 658 5166 dirigitur
667 5101 701 5152 ad
717 5111 788 5164 eum,
805 5104 882 5166 cnjus
891 5105 961 5154 esset
970 5104 1130 5156 confirmare

333 5175 506 5234 eiectionem,
517 5175 539 5222 ei
556 5174 584 5222 in
595 5172 792 5236 impedimento
803 5174 960 5237 dispensare
975 5175 1068 5238 possit,
1079 5180 1129 5228 etc.

334 5259 362 5296 7.
373 5247 429 5295 777.
444 5245 481 5295 Fa
501 5243 635 5308 publicari
654 5243 735 5294 dehet
754 5253 809 5294 nou
824 5247 932 5296 tautum
949 5257 1040 5295 coram
1055 5247 1130 5311 capi-

333 5316 405 5377 tulo,
419 5316 464 5366 ssd
480 5316 562 5366 eliam
580 5314 690 5378 populo,
705 5317 732 5364 et
745 5328 761 5364 7
776 5314 978 5378 postulantibus
992 5316 1062 5366 intra
1076 5319 1131 5368 tres

335 5399 442 5436 77777777
448 5385 652 5450 publicationi
663 5388 733 5435 esset
740 5377 1033 5449 777777777777777,
1041 5399 1067 5437 7.
1075 5387 1128 5438 777.

366 5455 585 5518 Pudnhtasuon
594 5455 676 5508 debet
687 5455 730 5506 sni
740 5455 908 5506 admissione
917 5459 1017 5525 petere,
1025 5467 1087 5522 quae
1097 5469 1130 5508 ex

1162 789 1274 848 77777777,
1290 801 1317 838 ιι.
1333 789 1388 848 777,
1402 803 1418 839 7
1433 801 1460 839 7.
1477 792 1532 841 777.

1197 858 1516 909 rnetrrlstrrsdebctmtra
1523 870 1643 910 mensem
1650 859 1798 922 7777777777,
1808 873 1843 911 77
1851 861 1950 912 7777777-

1162 929 1215 978 liat
1234 929 1275 978 sui
1287 929 1473 994 postulationi,
1489 939 1524 980 au
1540 941 1606 990 uon,
1622 931 1659 981 lb.
1675 931 1703 982 Si
1714 931 1952 982 administrelente

1162 1000 1429 1064 admissionem,ipeu
1438 1001 1586 1064 postulatio
1596 1003 1804 1068 ipsojurenuiiu
1813 1007 1860 1065 est,
1868 1017 1893 1053 7.
1901 1005 1951 1054 tte.

1364 1135 1527 1188 POTESTAS
1542 1135 1759 1190 susouvullnt.

1196 1236 1391 1300 Conimuuiter,
1409 1239 1518 1302 qrrendo
1533 1241 1615 1293 datur
1628 1245 1747 1308 potestas
1761 1241 1891 1306 gerentis
1906 1241 1952 1292 ab·

1165 1307 1288 1358 solvendi
1306 1310 1340 1358 ab
1365 1310 1492 1360 omuilms
1511 1313 1648 1375 censuris,
1665 1313 1711 1364 ills
1732 1327 1788 1364 non
1808 1313 1954 1364 extenditur

1164 1378 1198 1428 ud
1213 1384 1364 1431 reservatas
1380 1398 1387 1439 ;
1404 1381 1431 1430 in
1446 1382 1562 1432 Jubiloeo
1580 1387 1680 1444 lcuren,
1697 1383 1719 1434 77
1740 1388 1859 1449 poteslas
1870 1384 1953 1434 ubsol-

1166 1449 1248 1499 77777
1268 1450 1350 1501 delur
1363 1453 1397 1502 ub
1417 1453 1545 1504 omuibus
1562 1455 1688 1505 censuris
1707 1458 1861 1514 reservatis,
1878 1458 1953 1506 etiem

1167 1519 1359 1584 intelliguntur
1377 1527 1517 1572 reservatae
1533 1523 1675 1588 Episcopo,
1691 1525 1709 1576 7.
1728 1527 1753 1586 7,
1769 1538 1798 1575 7.
1818 1527 1867 1576 737
1882 1525 1911 1576 Si
1929 1526 1953 1574 in

1167 1589 1284 1642 77777777
1309 1591 1427 1642 addatur
1455 1587 1575 1656 potestus
1596 1595 1758 1645 absolvendi
1782 1609 1799 1645 7
1825 1595 1954 1658 quibusvis

1169 1662 1296 1712 Censoris
1305 1663 1382 1712 Sedis
1390 1664 1550 1726 apostolice
1558 1667 1711 1726 reservatis,
1722 1680 1781 1717 non
1791 1665 1955 1729 comprehen-

1168 1733 1272 1782 duntur
1286 1733 1410 1782 Cessurae
1428 1747 1461 1784 ex
1476 1735 1584 1784 casibus
1600 1729 1683 1786 Bulira
1699 1737 1790 1786 coeutn
1806 1737 1955 1800 777777777-

1170 1807 1218 1865 tes,
1234 1803 1287 1852 uisi
1304 1805 1375 1866 Papa
1390 1805 1418 1854 id
1434 1807 1578 1868 exprimat,
1595 1809 1657 1868 777,
1678 1807 1714 1858 77.
1731 1808 1760 1859 si
1782 1807 1863 1858 detur
1877 1813 1956 1871 potes·

1170 1877 1210 1922 tus
1220 1872 1378 1923 absolvendi
1393 1873 1426 1922 77
1439 1875 1513 1924 omni
1526 1875 1656 1936 censura,
1671 1879 1726 1926 tam
1737 1890 1752 1926 e
1762 1877 1827 1926 Jure
1841 1890 1917 1940 qnam
1926 1877 1955 1926 ab

1170 1945 1280 1994 homine
1296 1945 1360 2006 lute,
1380 1945 1559 2010 probabiliter
1574 1961 1629 1996 nou
1645 1949 1808 1999 extenditur
1820 1947 1853 1998 ad
1867 1961 1955 2000 ceusu·

1170 2027 1228 2064 ram
1243 2029 1291 2077 per
1304 2013 1443 2066 hominem
1454 2018 1536 2066 eliam
1550 2018 1704 2080 specialiter
1718 2019 1813 2082 iatam,
1824 2035 1849 2070 n.
1866 2021 1916 2070 733.

1202 2087 1321 2136 Potestas
1331 2085 1490 2138 absoluendi
1500 2101 1515 2138 7
1526 2089 1662 2150 Cessatis,
1675 2091 1817 2154 cpiscopis
1830 2106 1844 2141 7
1855 2091 1955 2142 Triden-

1171 2156 1230 2206 tino
1246 2155 1318 2218 detn,
1336 2157 1504 2221 probabilius
1514 2172 1568 2209 non
1585 2161 1708 2210 77777777
1719 2175 1749 2212 77
1763 2162 1797 2211 nd
1814 2162 1957 2211 Abbutcsel

1173 2227 1330 2291 Superiores
1344 2229 1500 2292 Regrrlares,
1515 2245 1541 2280 7.
1559 2232 1612 2281 777.
1629 2231 1794 2282 Potestetem
1808 2233 1956 2283 absolvendi

1171 2298 1206 2348 ad
1219 2297 1427 2348 reincidenlism
1443 2297 1526 2349 77777
1540 2299 1595 2363 ille,
1612 2302 1658 2366 qui
1673 2303 1823 2354 censuram
1837 2306 1956 2368 potestate

1173 2368 1311 2420 ordinaria
1328 2367 1394 2418 terre
1410 2371 1507 2434 potest,
1522 2385 1549 2420 7.
1569 2375 1624 2433 tell,
1640 2375 1694 2422 768.

1204 2439 1366 2488 Ρ777777777ι
1376 2439 1647 2492 habensebsoivendl
1660 2443 1687 2492 in
1699 2443 1957 2494 toroCooscienrisa

1174 2509 1309 2570 Censuris,
1325 2511 1494 2574 probabilius
1509 2513 1536 2562 id
1559 2515 1642 2563 etiem
1658 2519 1747 2579 potest
1767 2519 1842 2566 extra
1859 2515 1957 2568 contes-

1174 2586 1288 2644 sionem,
1303 2599 1330 2634 n.
1342 2586 1395 2634 755.
1406 2583 1646 2635 Absolvendidans
1657 2578 1847 2650 potc'stalema
1862 2588 1957 2637 casibus

1174 2653 1328 2714 reservetis,
1343 2654 1469 2704 ceururis
1484 2657 1510 2704 el
1522 2656 1619 2720 pranis,
1630 2669 1688 2706 uon
1698 2656 1760 2706 ideo
1775 2657 1821 2707 del
1835 2671 1884 2721 pro
1898 2657 1956 2708 irre-

1173 2727 1328 2792 gularitate.
1342 2738 1369 2776 n.
1382 2727 1435 2778 759.
1453 2725 1484 2778 i'.
1500 2727 1616 2778 Facetias
1629 2727 1781 2780 absoluendi.

1516 2862 1628 2917 POTUS.

1208 2975 1288 3024 Polus
1302 2972 1364 3035 quis
1383 2971 1476 3022 licitus
1498 2971 1535 3022 eit
1548 2972 1593 3022 die
1609 2972 1721 3037 ieiunii.
1737 2974 1769 3026 V.
1783 2975 1910 3040 7777777777
1921 2975 1959 3026 cs

1176 3043 1350 3096 recimerem.

1471 3129 1663 3180 renuentis.

1210 3216 1355 3270 prebende
1371 3221 1412 3266 777
1423 3217 1467 3280 777
1482 3216 1651 3281 percipiendi
1664 3215 1771 3269 tructus
1784 3221 1957 3285 prevenientes
1996 3229 1997 3232 ’

1178 3305 1192 3342 7
1207 3288 1385 3348 canonicatu,
1399 3287 1416 3338 7.
1432 3288 1456 3348 7,
1474 3301 1502 3336 7.
1517 3289 1573 3338 275.

1209 3359 1355 3413 Prrshenda
1365 3359 1533 3420 eanoncssc,
1545 3359 1671 3422 quamvls
1681 3371 1738 3411 nort
1754 3363 1790 3412 sit
1800 3361 1958 3424 7777777777,

1178 3431 1536 3496 vucetperblatrimonium,
1552 3444 1578 3479 n.
1594 3433 1649 3482 933.
1664 3431 1697 3482 V.
1712 3433 1874 3500 Beneficium.

1210 3504 1408 3566 Praeceptoruns
1423 3499 1563 3564 obligatio.
1574 3499 1606 3552 V.
1621 3501 1752 3567 bloprsler.

1469 3643 1685 3696 PRAECEPTUM.

1211 3760 1347 3823 Praecepta
1366 3757 1414 3806 liei
1431 3757 1568 3808 observari
1586 3761 1709 3822 possunt,
1730 3762 1758 3810 et
1775 3759 1810 3810 ad
1832 3771 1865 3811 ea
1882 3761 1957 3811 omer·
1993 3783 1994 3810 ;

1180 3830 1269 3880 77767
1296 3828 1424 3880 omuibus
1452 3828 1532 3879 datur
1560 3829 1648 3892 gratia
1675 3829 1824 3894 srriflciens,
1840 3832 1955 3895 7.7,7.7.

1178 3917 1196 3952 7
1212 3915 1240 3951 7.
1259 3904 1281 3950 7.

1212 3971 1341 4036 77777777
1362 3969 1442 4034 primi
1461 3968 1586 4034 Decaiogi
1606 3972 1721 4025 materia
1738 3974 1846 4038 propriu
1859 3975 1955 4024 santae

1181 4047 1225 4096 tus
1239 4042 1348 4093 virtutis
1362 4039 1520 4105 Religionis,
1531 4043 1609 4106 crrjrrs
1621 4043 1690 4093 vitia
1705 4045 1832 4108 opposite
1842 4041 1954 4108 prohibei

1178 4129 1208 4166 u.
1219 4115 1243 4164 6.

1213 4182 1369 4237 Secundum
1386 4185 1550 4246 preceptum
1569 4183 1696 4244 probibet
1709 4197 1822 4234 omnem
1838 4182 1952 4234 inordina·

1182 4259 1236 4307 tam
1251 4253 1457 4316 usurpationem
1471 4255 1596 4305 Nominis
1610 4255 1668 4315 liei,
1684 4269 1711 4304 7.
1726 4257 1785 4306 276.

1214 4323 1380 4389 preceptum
1401 4325 1511 4375 tertium
1531 4325 1719 4377 7777777777ᾱί
1738 4325 1882 4377 Sabbatum
1895 4333 1953 4386 seet-

1183 4397 1234 4447 tari
1250 4397 1338 4460 polest
1352 4397 1382 4444 ut
1395 4394 1530 4455 naturale,
1545 4398 1572 4445 ct
1586 4400 1616 4445 ul
1630 4397 1841 4447 ceremoniale:
1854 4401 1883 4445 nt
1894 4397 1952 4443 nale

1181 4466 1238 4517 7777
1255 4464 1344 4514 adbuc
1365 4464 1478 4528 obliget,
1497 4463 1552 4516 777
1571 4479 1635 4516 vero
1657 4469 1689 4516 ut
1709 4467 1898 4518 ceremoniale.
1916 4463 1951 4513 777

1184 4551 1216 4588 77
1228 4536 1264 4587 77
1279 4535 1394 4587 lieclesia
1409 4535 1566 4598 designatus
1581 4539 1621 4588 est
1636 4536 1696 4588 dies
1710 4537 1867 4589 [7777777777
1879 4533 1951 4586 eliae

1184 4607 1267 4668 linus,
1278 4619 1305 4656 7.
1320 4607 1374 4655 llil.
1713 4645 1715 4650 .

1215 4677 1344 4736 Quartum
1364 4675 1488 4740 praecipit
1509 4689 1640 4738 amorem,
1659 4677 1841 4728 maerentium
1862 4679 1886 4726 et
1904 4673 1951 4724 uirt-

1183 4747 1315 4800 diocliam
1332 4745 1358 4795 irr
1375 4750 1501 4808 parentes
1516 4750 1543 4796 et
1557 4747 1727 4810 Superiores,
1743 4761 1770 4797 7.
1784 4747 1949 4807 6970777771

1185 4818 1309 4883 prohibat
1318 4817 1492 4878 occisionem,
1503 4817 1706 4868 mutilationem
1720 4823 1750 4869 et
1764 4819 1949 4870 verberationem

1183 4889 1313 4949 hominis,
1337 4889 1475 4950 aliamque
1499 4887 1616 4938 similem
1640 4889 1771 4952 injustam
1795 4887 1948 4940 antecessu.

1183 4975 1212 5012 7.
1226 4961 1281 5010 769.
1297 4959 1408 5011 Sextum
1423 4961 1451 5008 77
1466 4959 1572 5008 Nonum
1589 4959 1716 5022 77777777
1732 4963 1841 5023 peecata
1857 4952 1949 5020 impedi·

1184 5032 1256 5083 77777
1275 5035 1303 5082 77
1320 5029 1446 5088 luxurias,
1459 5031 1715 5092 bainsonensem
1731 5030 1855 5094 probibet
1867 5031 1947 5076 ouutfl

1186 5103 1313 5165 iniustam
1332 5099 1582 5150 delenificationern
1598 5100 1626 5149 in
1641 5100 1722 5150 77777
1738 5099 1861 5163 proximi,
1874 5109 1897 5144 a.
1909 5093 1946 5142 tit.

1185 5175 1316 5224 Octavum
1333 5171 1459 5236 prohibet
1476 5183 1584 5221 omnem
1602 5171 1730 5235 injustum
1747 5171 1879 5222 laesionem
1893 5165 1946 5214 bue

1185 5247 1212 5294 el
1233 5243 1347 5292 honoris
1367 5241 1494 5306 proximi,
1510 5245 1537 5292 et
1557 5243 1692 5306 precipue
1711 5251 1821 5292 ornnem
1834 5237 1945 5309 &litatae

1185 5317 1212 5364 el
1234 5313 1415 5373 mendacium,
1431 5312 1447 5362 l.
1463 5313 1487 5374 3,
1503 5326 1528 5377 7.
1544 5313 1569 5372 2,
1589 5325 1615 5363 7.
1637 5313 1705 5363 7777.
1729 5313 1835 5362 Nonum
1853 5319 1876 5358 et
1891 5307 1945 5356 llsrr

1185 5397 1260 5435 mrrm
1278 5397 1372 5434 onrues
1390 5383 1510 5433 internas
1527 5375 1763 5448 concupiscentias
1778 5387 1805 5433 et
1822 5378 1943 5432 celerate

1186 5468 1234 5506 777
1250 5455 1417 5508 voluntarias
1431 5454 1543 5506 istorum
1559 5465 1682 5520 operrrur,
1698 5465 1761 5521 777
1778 5449 1905 5524 rameth
1915 5453 1941 5490 ⁵*
