4044 6340
297 491 318 552 2
950 487 1026 552 blB.
1049 486 1102 552 Vl.
1123 486 1226 552 PARS
1248 486 1300 552 lll.

296 671 385 736 duris
397 670 632 734 communicatio.
648 669 800 734 Dicuntur
813 669 941 750 nuptia,
958 688 996 735 cc
1007 671 1092 752 quod
1146 691 1222 742 sum,
1236 678 1378 735 irroratos
1390 689 1505 755 quoqne
1525 671 1557 732 in
1577 670 1632 734 boc
1656 669 1858 734 damnationis
1870 677 1951 734 statu

295 762 409 844 puella
423 764 567 844 nuptura
581 759 712 842 pudoris
735 759 885 840 gratiam
899 759 982 840 velo,
1003 759 1094 840 quasi
1146 759 1315 828 1111111111.
1332 760 1530 840 Vultquecos
1540 776 1649 821 omnes
1663 757 1946 834 excommunicari,

296 850 391 929 nube,
408 849 608 930 obtegebant,
623 845 738 912 Coteclz.
749 845 835 910 Rom
852 846 903 926 hic
918 866 983 929 cap.
1002 851 1030 908 1.
1147 853 1179 909 11
1192 847 1270 910 tales
1284 847 1432 909 mulieres
1450 846 1544 927 plecti
1559 865 1597 908 ac
1611 845 1775 926 proscribi.

243 953 257 996 1
337 940 406 1021 55.
426 939 487 999 Per
506 936 657 1018 conjuges
677 935 893 1017 significantur
906 954 974 998 mas
995 938 1026 997 ct
1048 936 1094 996 fe-
1186 937 1247 1016 §E
1273 935 1381 999 Simon
1402 936 1524 1017 Magus,
1547 935 1698 1015 Marcion,
1723 934 1841 1016 aliique
1861 932 1950 1016 apud
1991 952 2002 998 1

295 1024 548 1108 minacmjuucti
563 1025 773 1104 Matrimonia,
790 1025 875 1106 quod
890 1024 1004 1087 dicitur
1018 1041 1094 1087 con·
1147 1023 1360 1090 Aversamhic
1372 1033 1474 1108 quest.
1488 1027 1517 1092 l,
1533 1033 1602 1086 sect.
1619 1026 1649 1103 1,
1665 1029 1824 1106 negarunt
1838 1022 1953 1088 bhtri-

215 1191 217 1196 ,
292 1117 418 1200 jugium
439 1113 704 1195 ancujungando,
734 1114 809 1194 quia
829 1132 908 1176 uxor
931 1131 1003 1176 cum
1025 1112 1093 1174 viro
1147 1113 1289 1177 monium
1310 1113 1440 1196 ejusque
1466 1131 1639 1176 usumesse
1653 1109 1785 1191 licitum,
1802 1114 1951 1192 atApos-

297 1204 387 1288 quasi
412 1219 474 1266 uuo
487 1201 564 1284 jugo
576 1201 791 1282 adstringitur,
805 1200 967 1265 Cottion.
986 1219 1092 1280 supra.
1147 1202 1229 1265 tolus
1244 1205 1273 1280 1,
1290 1202 1425 1264 ad'l'im.
1446 1205 1478 1280 1,
1495 1221 1525 1264 1.
1542 1203 1572 1280 3,
1593 1199 1748 1282 predixit,
1765 1201 1832 1264 fera
1847 1199 1951 1262 hare·
2017 1247 2018 1252 1

296 1291 425 1372 Proprie
436 1293 542 1352 111111
555 1287 712 1370 loquendo
722 1287 1094 1351 nnorctmaritnsdicun-
1147 1289 1207 1352 sim
1219 1285 1439 1372 prohibentium
1453 1287 1570 1368 nubere,
1590 1284 1647 1350 sed
1664 1307 1753 1351 error
1768 1287 1820 1350 ille
1839 1286 1951 1350 coniu-

295 1383 348 1442 tur
361 1377 405 1441 illi
420 1375 474 1460 qui
489 1380 563 1439 sunt
575 1375 726 1458 conjuges
741 1376 772 1437 in
786 1377 997 1454 Matrimonio,
1014 1374 1093 1436 nihi·
1147 1382 1242 1456 tatur,
1259 1378 1413 1458 imprimis
1436 1397 1475 1440 ex
1498 1383 1619 1440 asserta
1633 1396 1691 1457 per
1710 1377 1891 1458 Scripturas
1905 1376 1950 1436 iu-

295 1467 442 1545 lominus,
459 1464 586 1546 quando
600 1465 651 1528 lex
665 1465 696 1526 in
717 1465 942 1528 favorabilibus
955 1465 1095 1545 loquitur
1147 1466 1307 1529 stitutione
1320 1467 1509 1529 Matrimonii
1525 1465 1653 1529 Genesis
1668 1469 1726 1527 111
1740 1468 1813 1544 act
1826 1483 1866 1526 ex
1882 1464 1951 1544 plu·

296 1557 336 1620 de
349 1555 484 1638 sponsis,
500 1572 608 1632 uxore,
624 1553 749 1632 marito,
763 1572 821 1635 per
834 1573 966 1634 sponsos
979 1553 1095 1617 intelli·
1147 1552 1234 1616 ribus
1244 1555 1312 1616 aliis
1327 1555 1507 1634 scripturis,
1521 1573 1559 1617 ex
1574 1554 1687 1635 quibus
1698 1553 1840 1634 sequitur
1849 1553 1949 1616 etiam

295 1651 414 1728 guntur
426 1643 522 1706 etiam
536 1643 580 1704 illi
595 1642 648 1723 qui
662 1646 736 1705 sunt
750 1641 781 1704 in
798 1641 996 1705 Matrimonia
1011 1645 1091 1720 rato,
1147 1641 1337 1704 Matrimonii
1353 1659 1456 1721 usum,
1469 1641 1522 1722 qui
1537 1644 1585 1703 est
1598 1640 1666 1723 ejus
1679 1639 1762 1718 finis,
1772 1638 1870 1702 ctiam
1881 1658 1949 1702 esse

295 1732 353 1795 sed
367 1730 507 1794 nondum
521 1733 737 1792 consummato
750 1747 758 1806 ;
772 1748 830 1809 per
842 1748 973 1792 uxorem
988 1733 1093 1791 autem
1146 1729 1278 1808 licitum,
1296 1732 1328 1792 et
1341 1729 1412 1793 ideo
1427 1734 1536 1810 apost.
1561 1732 1590 1808 1,
1607 1729 1648 1790 ad
1662 1727 1803 1792 Corinth.
1819 1733 1850 1806 t,
1866 1747 1901 1791 1.
1918 1731 1948 1806 5,

296 1823 329 1884 et
340 1819 489 1882 maritum
503 1818 598 1880 etiam
621 1817 838 1898 intelliguntur
860 1819 968 1899 sponsi
991 1817 1030 1879 de
1044 1817 1095 1880 fu·
1148 1817 1189 1878 ad
1215 1817 1376 1881 vitandam
1404 1817 1645 1882 fornicationem
1666 1817 1868 1880 commendat
1883 1818 1950 1881 Ma·

295 1913 378 1973 turo.
394 1909 420 1970 E
434 1905 585 1969 contrairi
596 1903 722 1983 odiosis,
739 1923 797 1985 per
810 1923 942 1968 uxorem
957 1911 988 1969 11
1000 1905 1093 1966 mari·
1146 1905 1284 1968 trimouii
1301 1924 1403 1986 usum,
1420 1909 1569 1987 patetque
1585 1904 1670 1967 idem
1680 1908 1797 1967 tumen
1811 1904 1951 1969 necessi-

295 2001 364 2060 turn
372 1995 589 2076 intelliguntur
598 1993 641 2056 illi
651 1995 708 2056 soli
720 1993 873 2076 conjuges
884 1994 937 2075 qui
948 2011 1094 2058 consum·
1147 1995 1212 2055 tate
1227 1992 1268 2054 ad
1282 1992 1524 2074 propagandum
1546 2011 1648 2074 genus
1667 1993 1852 2072 humanum,
1880 1997 1950 2055 tum

295 2087 423 2148 marum
441 2083 686 2162 Matrimonium,
721 2084 779 2144 nisi
804 2084 908 2146 obstet
926 2081 1094 2165 peculiaris
1148 2098 1187 2141 ex
1201 2098 1294 2142 sensu
1308 2081 1404 2142 totius
1418 2081 1577 2143 Ecclesia.

295 2174 375 2236 ratic
397 2172 496 2254 petita
519 2191 557 2233 ex
579 2171 694 2248 verbis,
719 2172 770 2233 111
796 2171 935 2250 aliunde,
965 2174 1094 2251 propter
1187 2170 1248 2248 33.
1265 2168 1394 2250 Antiqui
1409 2168 1631 2231 hareticioum
1645 2168 1772 2232 Simone
1786 2169 1881 2250 Mago
1894 2186 1950 2231 ne·
1982 2187 2001 2232 n

296 2279 392 2343 quam
404 2258 577 2340 prudenter
587 2256 747 2340 judicetur
760 2257 891 2338 intelligi
907 2258 1002 2321 etiam
1016 2258 1094 2320 alios
1147 2260 1263 2340 garant
1285 2255 1519 2319 Matrimonium
1533 2275 1600 2319 esse
1621 2275 1641 2320 a
1661 2259 1725 2320 Deo
1746 2255 1946 2333 institutum

296 2348 413 2414 Sanoh.
428 2365 542 2410 annm.
558 2348 588 2425 2,
610 2345 688 2408 Gob.
706 2353 792 2408 tract.
811 2348 860 2424 10,
877 2365 990 2408 anum.
1007 2349 1037 2408 1.
1149 2345 1305 2409 docebant
1326 2344 1410 2404 enim
1433 2362 1453 2405 a
1476 2346 1541 2407 Deo
1564 2344 1703 2424 permitti
1731 2343 1950 2424 promiscuum

334 2437 405 2518 §a
434 2435 470 2499 ln
490 2433 620 2514 antiqua
642 2433 723 2515 lege,
747 2433 781 2494 in
804 2451 868 2514 qua
889 2433 1005 2497 licebat
1024 2433 1092 2496 viro
1148 2452 1241 2498 usum
1276 2433 1505 2514 cujuscumque
1552 2433 1688 2496 femina.
1724 2432 1816 2495 Luth.
1856 2433 1945 2497 Galr.

295 2525 413 2589 habere
435 2524 541 2605 plures
563 2521 720 2602 legitimas
739 2521 900 2604 conjuges,
923 2523 985 2585 illa
1008 2522 1094 2585 diee—
1148 2529 1180 2588 et
1194 2521 1336 2604 plerique
1355 2522 1546 2584 recentiores
1565 2520 1704 2585 haretici
1727 2521 1866 2585 fatentur
1880 2521 1947 2603 qai·

293 2615 411 2679 bantur
432 2629 557 2690 uxores,
589 2629 660 2691 qua
681 2610 921 2673 assumebantur
940 2610 980 2673 ad
997 2629 1094 2694 gene·
1150 2611 1224 2674 dem
1251 2609 1487 2674 Matrimonium
1509 2628 1577 2672 esse
1607 2612 1713 2673 aDeo
1745 2610 1946 2689 institutum,

294 2705 449 2768 rationem
471 2701 567 2782 prolis
587 2705 619 2764 et
635 2699 896 2781 gubernationem
919 2699 1042 2763 domas.
1068 2701 1093 2762 E
1148 2698 1203 2762 sed
1221 2703 1414 2780 negantcsse
1429 2699 1587 2762 elevatum
1600 2697 1642 2760 ad
1656 2697 1851 2760 causandum
1873 2715 1947 2778 gra-

295 2792 405 2853 contra
413 2789 474 2851 illa
483 2788 670 2851 dicebantur
682 2787 877 2867 concubina,
891 2806 960 2869 qua
971 2793 1093 2852 tantum
1147 2787 1235 2867 tiam,
1252 2789 1395 2868 adeoque
1408 2787 1518 2849 volunt
1527 2805 1590 2850 non
1606 2805 1674 2848 esse
1688 2788 1944 2864 Sacramentum,

294 2875 581 2958 adgeneraticucm
590 2875 688 2956 prolis
697 2877 950 2939 assumebantur.
965 2881 1000 2941 ln
1011 2895 1094 2940 nova
1147 2878 1192 2940 uti
1216 2877 1283 2939 fuse
1307 2878 1403 2940 refert
1424 2877 1572 2940 Bellum
1597 2885 1667 2938 tom.
1684 2878 1715 2954 3,
1734 2875 1871 2940 Controu.
1889 2873 1943 2938 tio.

294 2967 376 3046 lege,
392 2970 424 3029 et
436 2983 520 3047 sape
535 2966 567 3026 in
589 2966 666 3028 ture
684 2965 836 3027 canonico
851 2966 938 3045 apud
956 2967 1092 3045 Krimer,
1147 2965 1183 3027 de
1195 2963 1328 3027 Matrim.
1346 2984 1412 3047 cop.
1429 2968 1466 3040 1;
1490 2965 1546 3027 sed
1567 2963 1705 3028 haretici
1724 2963 1845 3045 antiqui
1861 2963 1943 3026 clare

295 3053 508 3129 Quaestionum
529 3052 754 3115 canonicorum
770 3051 824 3113 111.
840 3055 872 3130 1,
888 3071 1003 3115 annm.
1019 3057 1090 3132 511,
1147 3055 1377 3116 convincuntur
1396 3073 1434 3115 ex
1462 3055 1635 3136 Scriptura,
1659 3072 1729 3136 qua
1754 3053 1868 3117 Matlh.
1894 3055 1942 3132 rs,

294 3141 574 3219 uxoresdicantur,
588 3139 1092 3223 quaecopulanturcumomnibus
1146 3161 1178 3205 1.
1200 3147 1231 3222 6,
1255 3142 1353 3204 dicit:
1373 3140 1457 3218 Quod
1476 3161 1545 3226 erpo
1565 3141 1644 3205 Dens
1666 3141 1834 3224 conjurarit,
1860 3140 1946 3203 homo

294 3229 543 3294 solemnitatibus
553 3229 594 3291 ab
609 3229 749 3292 Ecclesia
763 3229 963 3312 prescriptis.
980 3233 1005 3294 E
1020 3248 1092 3294 ocn-
1146 3249 1203 3292 non
1216 3237 1339 3313 separet.
1358 3229 1507 3303 Quamvis
1520 3235 1627 3294 autem
1641 3229 1816 3311 pertinacia
1836 3247 1946 3291 recen·

293 3321 344 3382 tra
358 3317 541 3380 concubina
563 3315 723 3394 dicuntur,
750 3315 797 3378 111
822 3334 893 3398 qua
906 3337 980 3380 vere
995 3337 1093 3399 capu·
1145 3319 1262 3381 tiorum
1285 3336 1348 3380 non
1368 3318 1466 3397 possit
1480 3319 1563 3380 clare
1577 3318 1752 3401 expugnari
1766 3319 1945 3398 pessulum

293 3405 366 3469 lata
388 3409 462 3468 sunt
483 3405 550 3467 sine
573 3405 819 3467 accidentalibus
843 3407 1092 3470 solemnitatibus
1146 3408 1278 3469 verbum
1296 3407 1352 3470 Dei
1367 3408 1529 3488 scriptum,
1545 3410 1591 3472 uti
1602 3413 1726 3471 constat
1741 3427 1780 3470 ox
1797 3407 1859 3470 illis
1874 3425 1947 3490 qua

293 3493 454 3572 Ecclesia,
478 3494 528 3556 111
543 3512 613 3575 qua
627 3493 694 3555 sine
713 3495 776 3556 ullo
791 3493 991 3559 Matrimonia
1007 3496 1092 3561 domi
1146 3496 1275 3559 adducit
1288 3497 1434 3559 Bellarm.
1459 3516 1523 3580 cap.
1544 3502 1574 3568 2,
1596 3503 1703 3559 tamen
1723 3496 1839 3560 suffieit
1853 3496 1947 3560 nobis

294 3581 472 3645 retinentur
485 3581 527 3643 ad
540 3581 717 3658 libidinem
735 3587 766 3644 et
780 3583 971 3646 concubinas
985 3584 1017 3646 in
1032 3584 1092 3669 hcc
1146 3584 1278 3647 verbum
1292 3584 1348 3648 Dei
1367 3585 1516 3648 nuditum
1536 3605 1575 3648 ex
1592 3586 1771 3649 testimonio
1791 3591 1863 3646 tum
1885 3585 1948 3648 Eo-

294 3670 432 3733 secundo
448 3688 542 3733 sensu
559 3671 668 3733 nullibi
685 3671 863 3751 approbant
876 3673 1029 3735 11111111.
1147 3675 1248 3736 alesia
1263 3676 1378 3736 Graeca
1394 3678 1426 3736 11
1434 3675 1565 3754 Latina,
1576 3678 1645 3737 tum
1654 3673 1948 3755 antiquissimorum
1970 3729 1976 3738 .

331 3759 395 3846 51.
407 3755 576 3821 Dicortium
589 3757 636 3820 uel
649 3777 668 3820 a
682 3757 852 3820 diuersitate
871 3761 1014 3822 mentium
1028 3759 1093 3823 dic-
1146 3763 1275 3823 Petrum
1290 3779 1368 3841 quos
1381 3761 1478 3824 refert
1487 3763 1636 3824 Bellarm.
1648 3782 1714 3845 cop.
1726 3765 1745 3824 3
1757 3770 1786 3824 11
1797 3765 1828 3824 1.
1841 3763 1882 3824 Et
1896 3781 1948 3826 ac·

295 3855 357 3909 tum
371 3855 422 3917 est,
438 3847 567 3930 uelquia
581 3847 612 3908 in
626 3844 1092 3932 11111111111111111111,ᾳαὶ1111-
1146 3848 1230 3914 cedit
1252 3848 1391 3912 definitio
1414 3851 1562 3914 Ecclesia
1594 3869 1655 3932 per
1682 3851 1852 3914 Florentia.
1880 3859 1949 3933 post

294 3933 418 3997 11111111
433 3933 655 3998 Matrimonium
666 3955 678 4003 ,·
690 3937 726 3997 L.
735 3937 766 4013 1,
779 3935 810 3996 n.
828 3935 867 3997 de
879 3936 991 4000 divort.
1004 3940 1036 3999 11
1045 3955 1093 3998 re·
1145 3957 1207 3999 sess.
1228 3935 1286 3999 ult.
1304 3937 1335 3998 in
1350 3939 1482 4001 Decreta
1496 3937 1616 4022 Enpen.
1641 3938 1661 4002 I
1666 3938 1693 4000 V
1712 3939 1753 4002 ad
1775 3943 1946 4020 Armanas,

293 4021 371 4104 pud.
387 4021 438 4084 111
461 4021 564 4103 potius
589 4022 704 4084 dicitur
726 4041 746 4084 a
767 4021 946 4103 dehortando,
964 4025 1038 4105 quia
1051 4025 1092 4087 ab
1147 4026 1200 4088 uhi
1215 4026 1259 4088 ait
1275 4046 1282 4088 :
1299 4027 1466 4108 Septimum
1480 4025 1705 4090 Sacrammtnm
1724 4036 1767 4089 est
1789 4027 1950 4090 Matrinio«

293 4109 430 4174 invicem
444 4110 621 4174 discedunt.
637 4110 770 4194 Reliqua
782 4130 841 4193 per
850 4112 1027 4176 discursum
1041 4129 1093 4174 ex·
1146 4115 1199 4185 nii,
1215 4115 1294 4198 quod
1317 4125 1359 4177 est
1375 4117 1493 4200 siquam
1516 4116 1733 4199 conjunctionis
1754 4114 1868 4180 Ctimsti
1880 4137 1950 4179 cnm

293 4197 505 4279 plicabuntur.
1146 4203 1292 4273 Ecclesia,
1305 4203 1462 4268 secundum
1471 4205 1645 4290 Apostolum
1658 4204 1824 4268 dicentem:
1838 4204 1950 4272 Sacro·

335 4287 1094 4376 (1111111.1.-(1111111111ρ1·11111111111111-
1145 4303 1275 4355 mentam
1303 4293 1356 4355 troc
1382 4313 1523 4376 mapnum
1550 4304 1602 4364 est,
1631 4313 1683 4376 epo
1705 4303 1803 4356 11111
1828 4293 1893 4356 dico
1918 4295 1951 4358 in

294 4393 362 4439 rum
375 4393 495 4444 mores,
512 4385 693 4459 etquenam
716 4377 850 4442 doctrina
871 4380 1037 4463 Smptura
1058 4399 1094 4444 ac
1149 4381 1275 4452 6111111,
1298 4391 1327 4444 11
1348 4382 1381 4444 in
1401 4383 1548 4448 Ecclesia.
1572 4383 1658 4447 Trid.
1682 4387 1789 4446 autem
1811 4385 1948 4464 111121,

295 4462 496 4528 conciliorum
518 4465 599 4527 circo
625 4463 849 4529 Sacramentum
875 4466 1094 4532 Matrimonii?
1147 4490 1213 4534 can.
1230 4475 1259 4550 1,
1276 4471 1320 4534 111
1335 4491 1343 4532 :
1359 4470 1397 4534 Si
1409 4473 1477 4554 quis
1489 4471 1614 4543 de'cm’t,
1637 4469 1870 4535 Matrimonium
1889 4491 1950 4535 non

296 4555 389 4634 Resp.
405 4553 424 4634 ξ
438 4556 467 4615 1.
484 4553 571 4616 Multi
586 4554 736 4625 haretici,
757 4554 833 4618 item
857 4555 952 4637 aliqui
974 4557 1092 4637 politici
1146 4579 1202 4622 csse
1215 4578 1281 4622 uere
1294 4566 1322 4622 et
1334 4562 1461 4643 proprie
1473 4581 1566 4624 unum
1579 4581 1617 4624 ca
1634 4570 1742 4643 septen
1757 4561 1830 4645 lepis
1846 4563 1952 4626 anm·

296 4659 351 4703 seu
361 4641 465 4721 potius
479 4640 562 4704 athei
580 4641 690 4706 dicunt
702 4643 936 4708 Matrimonium
947 4663 1010 4708 non
1025 4664 1093 4708 esse
1146 4649 1249 4731 pclicoe
1262 4649 1948 4724 811111111111111111111111111111111111,

295 4727 518 4808 necessarium,
535 4748 572 4791 ec
588 4732 673 4812 quod
686 4731 790 4794 licitus
799 4733 840 4796 sit
849 4733 1090 4812 concubinatus,
1147 4735 1198 4798 sed
1214 4737 1249 4799 11
1264 4737 1431 4802 huminibus
1452 4741 1485 4802 in
1505 4741 1642 4804 Ecclesia
1661 4740 1831 4810 incentum,
1855 4759 1951 4824 neque

295 4820 328 4880 et
347 4833 404 4898 pro
423 4815 484 4880 hoo
510 4818 682 4882 abutuntur
703 4819 800 4883 variis
823 4821 959 4884 textibus
985 4823 1090 4902 turis,
1147 4825 1276 4907 praciam
1303 4825 1454 4906 censure,
1497 4828 1656 4891 anathemo
1680 4827 1732 4889 sit.
1763 4830 1802 4891 V.
1831 4830 1948 4892 avers.

295 4905 391 4968 111111
409 4905 564 4984 canonici,
587 4906 641 4969 nbi
664 4908 791 4972 videtur
813 4910 982 4991 approbari
1004 4931 1012 4973 :
1036 4912 1093 4974 sed
1147 4919 1251 4992 quast.
1270 4914 1298 4981 1,
1314 4921 1383 4975 sect.
1400 4916 1429 4976 3.
1446 4914 1651 4977 communior
1670 4919 1778 4976 autem
1791 4915 1952 4978 sententia

295 5014 377 5058 num.
401 4999 432 5075 6,
457 4994 538 5074 dixi,
556 5013 619 5078 quo
638 5015 732 5062 sensu
752 4999 926 5081 accipiatur
946 5000 1093 5062 concubi·
1147 4999 1380 5080 Theologorum
1408 5006 1456 5064 est
1484 5002 1599 5066 Sanch.
1626 5001 1676 5065 tii.
1701 5005 1732 5080 2,
1756 4999 1953 5085 (1.1,11111

296 5087 399 5160 natus,
416 5083 542 5164 quaudo
558 5085 672 5148 dicitur
685 5086 801 5150 licitus.
813 5089 858 5150 De
869 5088 972 5150 soluto
987 5092 1093 5150 autem
1147 5087 1381 5151 Matrimonium
1394 5107 1451 5170 pre
1474 5089 1544 5170 lege
1560 5091 1680 5154 natira
1702 5089 1883 5156 incautum
1896 5093 1951 5172 sit,

296 5171 505 5235 concubinatu
533 5170 610 5234 dicit
628 5174 716 5237 11111.
740 5193 805 5239 sess.
831 5179 881 5254 21,
907 5174 942 5238 de
969 5175 1091 5256 reform
1149 5176 1275 5239 Genesis
1290 5180 1318 5254 1,
1335 5197 1365 5239 1.
1389 5179 1428 5240 18
1445 5198 1451 5240 :
1468 5177 1636 5241 Mascutum
1649 5187 1679 5241 et
1699 5177 1845 5260 11111111
1862 5198 1951 5244 11111-

295 5258 434 5322 Mctm'm.
448 5277 516 5344 cop.
541 5263 560 5324 8
581 5281 588 5323 :
617 5259 713 5326 Graue
733 5272 885 5345 peceatum
906 5273 946 5324 est
965 5262 1095 5327 homines
1146 5263 1665 5350 111111,11111111111111111111111,
1686 5275 1713 5328 et
1733 5267 1782 5330 ait
1796 5287 1807 5329 .·
1822 5268 1953 5334 Cruenta

295 5345 403 5411 solutos
417 5349 729 5422 unanimitatem
750 5352 957 5435 provusbnnm
976 5369 1045 5414 uero
1068 5360 1096 5414 et
1147 5361 1174 5415 et
1187 5353 1442 5436 multiplicamini,
1467 5362 1495 5416 rt
1516 5353 1626 5438 replete
1646 5363 1768 5420 taram.
1792 5357 1854 5421 Pro
1878 5355 1952 5438 lege

297 5435 330 5499 in
344 5435 433 5520 injus
445 5438 549 5523 mopsi
559 5437 748 5506 Sacramenti
767 5450 964 5525 contemptum
986 5440 1095 5506 admis-
1148 5443 1265 5525 scripta
1287 5441 1506 5508 confirmatum
1535 5445 1598 5524 est,
1623 5446 1748 5510 nouus.
1771 5445 1823 5526 25,
1840 5463 1873 5510 1.
1904 5449 1949 5510 5:
