3976 6348
550 605 553 612 1
680 519 732 580 66
752 517 1013 582 nnrnrnonro.

20 784 21 788 ¹
58 711 99 788 rit,
112 724 265 770 censemus
288 707 381 768 unius
403 703 502 786 partis
525 704 727 767 habitualiter
745 722 818 784 per·

20 827 22 874 ,
57 797 149 861 mansit
163 817 169 858 :
184 813 257 875 ergo
273 795 443 856 accedente
458 793 586 855 alterius
601 811 753 854 consensu
768 811 818 854 ra-

20 885 21 898 *
56 886 192 960 relidatur,
207 884 323 952 Sancb.
340 883 363 945 1.
380 889 409 959 3,
434 881 465 943 d.
490 884 541 958 33,
566 903 597 944 6.
622 885 661 954 9;
687 879 815 944 (lond.

55 973 165 1052 311161.
181 975 225 1048 l0,
241 993 271 1034 n.
295 975 354 1046 89;
380 974 459 1033 Nev.
485 970 605 1032 Filliuc.
622 971 738 1032 Bonae.
755 974 815 1032 ctc.

58 1059 267 1126 tuerentur:

85 1174 96 1209 ι
117 1152 137 1212 l.
152 1149 179 1213 Si
192 1152 296 1210 metus
312 1149 362 1210 vel
386 1147 525 1210 delectus
539 1165 710 1210 consensus
725 1146 819 1208 luerit

54 1238 158 1300 alterius
177 1242 299 1298 tantum
322 1237 438 1315 portic,
459 1235 634 1298 curandum
658 1239 705 1298 est
726 1241 760 1295 ut
781 1253 819 1296 ea

55 1325 143 1388 661166)
162 1341 273 1384 norum
293 1328 325 1383 et
348 1323 483 1384 liberum
500 1341 687 1384 eonsensum
702 1322 816 1397 eliciat,

55 1419 79 1474 et
89 1411 206 1474 6666616
219 1411 317 1491 signis
332 1411 445 1490 prodat
461 1431 469 1472 :
495 1411 583 1472 alteri
608 1415 713 1472 autem
737 1410 818 1489 parti

55 1510 102 1554 noo
114 1510 182 1571 opus
200 1497 246 1552 est
260 1491 425 1568 declarari,
442 1491 584 1570 praestari
607 1509 723 1552 novum
746 1508 818 1551 con·

18 1583 19 1588 ’
54 1598 155 1640 sensum
168 1578 206 1639 ad
228 1579 369 1639 valorem
384 1579 584 1656 Matrimonii,
602 1577 718 1642 Sancb.
735 1598 815 1640 num.

55 1671 98 1742 16,
110 1670 179 1730 1166.
199 1669 277 1728 lton.
288 1688 323 1750 p.
340 1671 380 1741 93
396 1669 433 1731 V.
450 1667 616 1730 Moralium
631 1667 660 1729 d.
678 1671 708 1745 7,
724 1687 748 1728 s.
767 1671 816 1744 l5,

55 1761 191 1908 witisi
207 1847 424 1926 uterqueficte
448 1846 497 1906 vel
521 1849 627 1908 coacte
652 1863 819 1908 consense-

55 1934 92 2007 61,
105 1951 216 1995 neccsse
237 1938 286 1996 cst
309 1939 343 1995 61
366 1940 497 2014 uterque
521 1952 708 1996 consensum
726 1951 818 1996 reno-

1614 515 1670 578 361

873 703 989 766 Sancb.
1006 703 1057 767 Iit.
1073 707 1103 780 3,
1121 703 1151 764 d.
1169 706 1206 766 37
1220 723 1229 777 ;
1245 706 1326 766 1166.
1345 701 1414 766 dub.
1430 707 1470 778 1;
1486 700 1598 782 Regin.
1615 701 1668 765 lib.

872 785 921 852 31.
937 805 968 847 a.
986 786 1061 860 1833
1079 783 1201 848 Filliuc.
1220 804 1250 846 n.
1268 786 1317 848 93.

1143 1043 1399 1106 nnbbnon.

915 1232 1023 1308 Ouoest.
1042 1234 1110 1292 105.
1128 1229 1265 1305 —Ouid
1283 1229 1364 1290 eirca
1384 1227 1459 1290 hanc
1482 1225 1671 1290 renalidctio·
1697 1235 1739 1282 8¹⁰

873 1341 937 1384 666)
951 1321 991 1381 sit
999 1329 1145 1402 proterea
1160 1317 1321 1378 notandam
1338 1319 1403 1378 111.
1420 1318 1437 1396 §
1453 1321 1479 1378 l.
1499 1317 1531 1378 Si
1546 1320 1669 1378 tantum

873 1427 953 1470 unus
973 1407 1143 1486 conjugum
1158 1423 1219 1466 non
1240 1405 1348 1466 luisset
1370 1403 1558 1482 baptizatus,
1575 1404 1670 1484 idque

874 1501 994 1558 certum
1018 1498 1109 1570 essct,
1131 1499 1262 1573 possunt
1286 1493 1326 1554 ab
1350 1493 1486 1553 invicem
1508 1491 1667 1568 recedere,

873 1589 928 1646 661
941 1583 967 1644 si
983 1583 1079 1643 velint
1103 1601 1169 1642 esse
1185 1581 1346 1662 conjuges,
1364 1581 1482 1643 debent
1502 1585 1572 1660 post
1590 1582 1670 1660 Bap-

872 1673 999 1736 tismum
1014 1688 1165 1732 renovare
1187 1689 1385 1748 consensum,
1403 1671 1446 1732 uti
1463 1669 1487 1730 si
1508 1669 1669 1730 matrimo-

873 1762 959 1824 nium
975 1779 1036 1822 non
1053 1760 1202 1822 valuisset
1223 1779 1259 1820 ex
1283 1761 1344 1821 alio
1369 1764 1454 1821 certo
1480 1758 1603 1820 delectu
1619 1759 1668 1818 vel

872 1849 1108 1930 impedimento,
1135 1867 1208 1908 nam
1229 1849 1408 1928 Baptismus
1432 1845 1670 1927 praercquiritur

873 1936 1067 1996 advolarem
1083 1936 1287 2012 Sacramenti,
1306 1935 1479 1998 secundum
1498 1934 1582 1996 dicta
1597 1933 1619 1995 l.
1636 1937 1667 2010 6,

54 2025 94 2082 61
108 2029 134 2082 61
153 2022 253 2083 verbis
276 2021 447 2101 exprimat,
472 2022 631 2101 quiscum
655 2024 817 2104 utriusque
868 2028 936 2106 pl,
952 2045 982 2085 η.
1001 2028 1069 2087 165.
1087 2025 1118 2088 si
1139 2025 1299 2086 dubitetur
1313 2025 1352 2086 de
1366 2024 1538 2103 Baptismo‚
1555 2027 1669 2084 tenen-

55 2127 193 2172 ccuscusus
211 2111 305 2190 plane
329 2111 433 2171 nullus
455 2110 560 2187 fuerit,
577 2129 666 2190 reque
691 2128 817 2174 necesse

55 2203 89 2260 est
100 2215 250 2275 renovare,
267 2203 299 2258 et
314 2198 486 2274 declarare,
504 2215 540 2258 66
554 2197 579 2258 si
601 2199 719 2260 lactum
740 2217 817 2259 nun·

55 2303 127 2365 quam
139 2286 253 2364 luisset,
269 2287 381 2348 Merat.
397 2307 427 2348 n.
444 2289 474 2349 3.

82 2395 93 2430 ι
114 2375 196 2453 llesp.
212 2378 243 2436 3.
261 2374 294 2436 Si
309 2373 482 2436 invalidum
496 2373 556 2436 1611
575 2377 705 2454 propter
719 2374 818 2454 impe-

55 2457 198 2522 dimentum
215 2461 497 2542 consanguinitatis
510 2481 541 2524 v.
558 2481 589 2542 g.
606 2463 655 2523 vel
677 2461 762 2523 aliud
777 2460 819 2522 si·

55 2547 109 2608 mila
124 2549 272 2612 occultum
288 2550 450 2626 dirimens,
467 2553 542 2610 tunc
566 2568 602 2610 eo
624 2569 681 2629 per
695 2549 819 2630 dispen-

55 2636 178 2700 sationem
192 2637 241 2699 rel
256 2637 348 2700 aliter
361 2638 496 2714 sublato,
511 2641 605 2718 atque
620 2637 664 2699 ita
677 2637 819 2717 personis

56 2724 85 2784 ad
95 2726 330 2788 contrabendum
344 2725 526 2804 habilitatis,
540 2726 709 2808 requiritur
719 2745 818 2788 novus

56 2813 186 2896 utrimque
199 2833 383 2893 consensus,
396 2815 487 2896 signo
498 2820 626 2879 externo
642 2835 816 2895 expressus:

55 2905 79 2964 ct
88 2903 207 2982 quidem,
223 2911 258 2966 ut
272 2904 470 2984 probabilius
484 2904 577 2967 dccet
591 2904 706 2967 Sancb.
719 2903 750 2966 d.
766 2908 816 2982 36,

56 2989 186 3056 arcturus
208 2997 239 3056 et
262 2991 479 3072 independens
498 2993 539 3054 ab
562 2992 702 3072 antiquo.
728 2990 818 3054 Ratio

56 3085 91 3140 est
103 3081 166 3162 quia
182 3084 292 3142 neuter
309 3099 480 3145 cousensus
499 3081 646 3162 antiquus
664 3081 723 3142 fuit
741 3080 817 3157 legi·

56 3167 136 3246 11666,
154 3189 221 3232 cum
242 3188 308 3232 non
329 3171 457 3234 caderet
476 3171 508 3232 in
531 3169 704 3254 legitimam
719 3174 818 3231 mate-

56 3255 124 3318 riam.
140 3257 215 3320 Unde
229 3257 377 3320 resolues:

84 3367 96 3402 ι
116 3347 143 3408 si
156 3345 184 3406 iu
198 3345 251 3407 tali
268 3363 344 3408 casu
361 3346 462 3408 altera
475 3365 549 3426 pars
572 3347 612 3408 sit
636 3346 745 3425 ignara
760 3344 819 3404 im-

57 3433 206 3512 pedimenti,
222 3435 273 3496 vel
299 3433 459 3498 dubitetur
482 3453 522 3497 66
542 3435 631 3512 sciat,
647 3432 819 3496 111666661-

57 3529 92 3581 ter
101 3521 264 3585 inducenda
279 3522 382 3584 estad
397 3542 513 3585 novum
528 3540 715 3586 consensum
729 3521 818 3584 abso-

57 3607 103 3670 lute
117 3612 331 3689 prestandum,
348 3612 494 3691 dicendo,
511 3633 542 3676 v.
563 3633 595 3693 g.
613 3613 652 3674 Si
671 3610 748 3672 miti
760 3628 819 3670 non

57 3699 169 3779 661666
180 3699 360 3761 comtemodo
374 3700 505 3763 nubere?
518 3701 568 3764 vel
581 3701 818 3783 1169666666-

13 3861 15 3884 1
57 3783 120 3848 liade
131 3789 317 3850 Matrimonii
336 3791 431 3850 nostri
442 3790 553 3868 calore,
571 3789 689 3872 ideoque
703 3806 819 3850 renove-

13 3885 15 3958 1
57 3893 103 3936 mat
120 3895 286 3940 1661666616.
311 3879 400 3951 Quod
421 3878 447 3940 si
468 3881 533 3958 fiat,
558 3880 701 3940 sufllcere
727 3879 819 3958 (prse-

13 3959 15 4012 1
58 3965 140 4025 sertim
163 3967 186 4026 si
213 3967 366 4048 seipuatur
389 3969 503 4036 allecta
530 3967 665 4030 maritali
693 3965 817 4046 copula)

13 4083 15 4124 ι
58 4050 127 4112 docet
149 4054 291 4127 Quintae.
332 4054 361 4114 in
395 4075 499 4137 oppon.
536 4057 557 4117 1.
587 4061 621 4132 7,
652 4051 721 4115 dub.
758 4050 815 4113 ult.

58 4139 165 4210 Quodsi
190 4147 296 4206 autem
314 4141 489 4222 periculum
517 4144 557 4207 sit
579 4163 618 4204 66
642 4161 715 4223 pars
741 4140 817 4202 illud

58 4224 286 4306 impedimentum
296 4231 445 4310 ignorans
455 4232 616 4310 detrectet,
630 4237 661 4294 ct
670 4229 819 4292 scandala

13 4383 15 4400 ,
57 4333 199 4399 gravesque
213 4320 365 4382 molestia
375 4321 555 4398 timeantur,
567 4320 673 4382 licebit
686 4318 731 4380 uti
746 4337 818 4379 sen-

13 4401 15 4450 l
58 4405 133 4466 166116
146 4409 308 4486 corbaria,
326 4428 395 4490 666
415 4409 508 4472 docet
525 4409 680 4485 sufficere,
697 4409 731 4468 61
752 4407 819 4468 sola

13 4487 15 4564 i
57 4507 112 4567 pars
129 4493 336 4574 impedimenti
359 4497 486 4559 conscia
513 4512 702 4558 consensum
727 4512 820 4555 reno·

13 4589 14 4670 j
58 4583 104 4656 ret,
117 4589 144 4642 et
163 4584 247 4646 elteri
269 4584 417 4663 declaret,
435 4585 550 4649 Sancb.
569 4583 591 4646 l.
609 4589 638 4662 3,
654 4583 685 4645 d.
702 4583 816 4646 36611.

13 4681 15 4734 l
56 4667 115 4740 td.
134 4673 178 4748 31,
193 4693 222 4734 6.
238 4676 400 4746 6l3Lcss.
428 4674 451 4736 1.
478 4679 507 4752 3,
523 4694 550 4735 e.
575 4676 624 4746 17;
650 4675 729 4734 Kcn.
747 4671 815 4732 dist.

13 4771 14 4848 j
56 4757 242 4834 11,161.’10;
267 4767 300 4824 61
321 4761 441 4824 Filliuc.
468 4783 499 4824 n.
526 4769 555 4840 9,
580 4755 826 4840 6161116666.Ι

13 4853 15 4926 ᾖ
56 4846 324 4920 16661619.

13 4937 15 5012 ξ
85 4937 200 5016 611666.
229 4941 259 5000 3.
290 4941 331 5000 Ut
357 4938 591 5002 matrimonium
620 4936 817 5015 invalidum,

13 5025 15 5102 i
57 5021 121 5098 quod
133 5042 231 5086 coram
254 5024 386 5088 testibus
404 5030 435 5087 61
449 5026 590 5088 Parccbc
611 5028 658 5086 est
675 5025 817 5086 celebra-

13 5121 15 5182 1
57 5111 115 5184 166,
129 5111 323 5188 revalidetur,
339 5131 402 5174 666
417 5132 496 5192 opus
518 5116 564 5174 est
585 5113 687 5173 denuo
710 5131 817 5174 coram

13 5189 15 5298 j
57 5193 170 5260 Parocho
189 5205 220 5262 ct
239 5200 371 5264 testibus
394 5201 485 5279 iniri,
511 5202 535 5263 si
560 5201 819 5282 impedimentum

13 5299 15 5368 l
57 5281 254 5363 titoceultum3
271 5307 362 5350 secus
385 5289 410 5350 si
434 5290 474 5352 sit
498 5294 618 5366 notum,
636 5289 710 5370 quia
733 5289 820 5369 prius

13 5389 15 5466 p
57 5372 259 5438 matrimonium
279 5378 523 5458 presumptione
547 5377 694 5440 Ecclesiae
713 5395 819 5439 cense-

13 5473 15 5542 3
57 5459 95 5518 tur
112 5463 253 5544 validum,
279 5483 342 5527 non
366 5471 472 5529 autem
494 5465 660 5547 posterius,
686 5468 816 5528 Navarr.

872 2117 924 2175 tur
938 2131 1122 2192 permanere
1137 2114 1169 2174 in
1191 2113 1405 2190 matrimonio,
1423 2112 1510 2174 etsie
1526 2130 1558 2172 sc
1574 2111 1668 2172 babe-

873 2221 918 2278 re,
944 2202 988 2262 611
1012 2201 1043 2261 16
1068 2201 1128 2262 6116
1154 2202 1249 2263 dubio
1273 2200 1529 2280 superveniente,
1555 2199 1666 2262 Comit.

874 2291 951 2352 Gob.
970 2290 1000 2350 in
1015 2309 1114 2372 ceper.
1132 2297 1173 2351 tr.
1190 2293 1219 2366 3,
1236 2310 1298 2350 cn.
1315 2293 1385 2366 161,
1403 2291 1472 2366 671,
1496 2291 1528 2350 61
1549 2287 1669 2367 colligi-

872 2382 924 2440 tur
939 2397 976 2438 ex
991 2377 1081 2438 dictis
1096 2397 1113 2437 c
1128 2397 1208 2439 6166.
1226 2381 1295 2440 397.

913 2468 973 2546 63.
992 2468 1024 2528 S.
1041 2465 1099 2528 Th.
1118 2465 1146 2525 in
1162 2470 1191 2543 1,
1204 2463 1234 2528 d.
1250 2469 1300 2544 39,
1317 2476 1377 2527 art.
1395 2468 1424 2543 3,
1436 2486 1466 2548 q.
1483 2469 1512 2534 3,
1529 2463 1616 2537 6113ς
1633 2463 1665 2526 S.
1695 2475 1733 2521 sn

872 2558 993 2618 Bouav.
1011 2553 1084 2615 ibid.
1100 2573 1131 2615 n.
1149 2557 1185 2616 l3
1202 2574 1210 2627 3
1228 2557 1304 2616 Nau.
1323 2556 1407 2616 Gutt.
1424 2557 1519 2615 llenr.
1537 2551 1666 2633 ltodriq.

873 2645 963 2706 Dian.
980 2645 1056 2705 Con.
1076 2645 1155 2705 Bon.
1174 2643 1289 2705 Sancb.
1307 2643 1403 2704 etalii
1425 2659 1496 2703 cnm
1518 2637 1665 2702 Busemb.

873 2735 983 2794 Avers.
1001 2750 1030 2812 q.
1048 2733 1077 2808 3,
1094 2750 1118 2791 s.
1135 2733 1238 2812 detq.
1257 2732 1305 2806 ll,
1321 2749 1344 2790 6.
1360 2734 1391 2802 1;
1407 2729 1500 2808 Kugl.
1517 2745 1579 2788 on.
1596 2728 1666 2802 590,

873 2819 966 2880 valde
982 2818 1187 2896 probabiliter
1210 2818 1329 2895 dicunt,
1346 2818 1372 2877 si
1396 2835 1476 2878 unus
1498 2817 1570 2876 6616
1594 2831 1670 2875 666·

874 2907 1006 2968 senserit
1027 2905 1180 2984 sufficere,
1204 2907 1229 2966 si
1254 2905 1305 2966 bic
1329 2906 1413 2966 solus
1435 2907 1545 2984 postea
1566 2900 1670 2962 eliciat

873 3014 983 3057 verum
1012 3014 1200 3057 consensum
1228 2996 1323 3056 etiam
1351 2995 1509 3055 internum
1532 2993 1665 3065 tantum,

874 3085 957 3164 quod
973 3087 1018 3145 116
1039 3087 1125 3146 Luca
1148 3084 1187 3146 ad
1212 3083 1297 3144 Trid.
1316 3082 1387 3143 disc.
1405 3085 1454 3159 36,
1470 3101 1500 3142 6.
1518 3082 1567 3152 33,
1585 3078 1669 3138 affir-

873 3176 950 3249 mat,
971 3172 1092 3234 etiamsi
1117 3192 1174 3253 per
1195 3179 1414 3254 procuratores
1429 3168 1666 3242 contraxissent,

874 3260 950 3342 quia
964 3262 1108 3342 quamvis
1131 3262 1163 3322 in
1187 3261 1399 3324 contractibus
1417 3259 1534 3322 mutuis
1549 3260 1580 3318 et
1594 3273 1669 3316 one-

874 3349 964 3426 rosis,
982 3350 1108 3430 quando
1127 3350 1209 3411 inter
1224 3367 1410 3412 consensum
1432 3348 1523 3410 unius
1547 3349 1578 3407 ct
1592 3344 1670 3405 alte-

875 3437 941 3500 rius
955 3438 1121 3501 intercedit
1135 3441 1268 3500 multum
1283 3438 1446 3519 temporis,
1463 3455 1525 3498 non
1541 3449 1669 3495 censea-

874 3530 927 3588 tur
947 3544 1075 3586 manere
1089 3527 1265 3590 virtualiter
1287 3543 1457 3588 consensus
1480 3521 1572 3604 primi
1596 3538 1669 3581 con-

872 3611 1037 3689 trahentis,
1057 3612 1112 3672 sed
1127 3612 1272 3674 renovari
1292 3612 1421 3690 debeat,
1439 3611 1484 3672 uti
1505 3627 1577 3670 cum
1600 3605 1669 3667 aliis

874 3699 967 3761 docet
981 3700 1097 3762 Sancb.
1116 3700 1138 3764 l.
1157 3705 1185 3780 l,
1198 3701 1228 3765 d.
1245 3705 1296 3780 33,
1307 3723 1338 3764 n.
1355 3707 1385 3779 7,
1398 3704 1483 3762 recte
1497 3701 1602 3760 tamen
1618 3715 1669 3756 ex-

874 3787 949 3867 cipit
963 3809 992 3849 n.
1010 3791 1152 3868 136111,
1170 3809 1242 3851 cum
1255 3794 1334 3871 Lug.
1353 3791 1385 3850 in
1399 3789 1485 3870 Hesp.
1501 3805 1576 3848 mor.
1597 3785 1618 3846 1.
1636 3787 1666 3861 3,

873 3876 903 3938 d.
922 3880 970 3955 16,
995 3898 1025 3939 6.
1050 3880 1101 3955 31,
1117 3878 1362 3956 Matrimonium,
1388 3880 1419 3939 et
1442 3873 1668 3957 professionem

873 3965 1063 4046 Religiosam
1080 3987 1087 4028 ε
1104 3985 1176 4028 cum
1192 3967 1275 4027 enim
1290 3966 1404 4046 conjux
1418 3982 1543 4042 semper
1555 3961 1669 4022 tractet

873 4055 1007 4117 alterum
1023 4060 1057 4116 ut
1071 4054 1248 4136 conjugem,
1266 4058 1320 4116 661
1334 4053 1454 4132 Religio
1474 4055 1509 4112 ut
1531 4048 1668 4128 Religio-

873 4161 954 4219 sum,
972 4146 1117 4204 censetur
1140 4160 1264 4220 semper
1278 4158 1463 4222 permanere
1487 4137 1573 4217 prior
1596 4153 1668 4196 con-

873 4247 993 4289 sensus.
1016 4229 1200 4309 Oppositum
1225 4227 1319 4290 61166
1343 4226 1547 4308 probabiliter
1561 4227 1669 4286 166661

875 4318 959 4380 Scot.
985 4317 1083 4378 Felin.
1107 4318 1217 4378 Ledes.
1235 4316 1346 4378 Gemit.
1364 4316 1473 4396 Engel.
1499 4314 1534 4375 de
1556 4313 1666 4374 divort.

874 4405 935 4484 §l,
952 4425 982 4467 6.
999 4407 1037 4480 3;
1055 4407 1144 4466 Ρ661.
1162 4405 1226 4482 1.1,
1241 4424 1266 4467 1.
1283 4409 1332 4478 31;
1349 4406 1439 4468 Mast.
1457 4424 1487 4466 n.
1504 4401 1664 4465 3911616).

875 4513 939 4556 on.
956 4496 1036 4568 5303
1054 4495 1151 4556 Castr.
1168 4494 1198 4556 d.
1215 4497 1245 4572 3,
1260 4513 1292 4576 p.
1310 4498 1339 4572 7,
1356 4495 1420 4574 §l3
1439 4493 1516 4556 661).
1533 4501 1572 4553 tr.
1588 4494 1618 4567 9,
1635 4509 1665 4550 n.

873 4584 944 4659 111,
961 4581 1101 4643 dicentes
1115 4587 1284 4663 utrumque
1299 4582 1414 4644 debere
1429 4598 1581 4643 renovare
1596 4597 1668 4639 con-

874 4688 1011 4746 sensum,
1028 4670 1102 4750 quia
1121 4670 1270 4751 deceptus
1286 4688 1346 4730 non
1363 4667 1590 4744 consentiebat,
1609 4663 1668 4726 nisi

873 4759 953 4821 alter
967 4759 1061 4818 ctiam
1076 4758 1157 4820 serio
1177 4759 1367 4820 consentiret
1384 4779 1390 4821 :
1407 4758 1481 4818 hinc
1496 4756 1569 4816 dato
1583 4753 1668 4836 quod

873 4866 1044 4908 consensus
1072 4847 1193 4928 decepti
1218 4850 1402 4929 perseveret
1425 4845 1594 4920 moraliter,
1619 4847 1668 4902 ta-

873 4954 946 4996 men
961 4953 1024 4996 non
1044 4935 1169 4998 videtur
1183 4956 1273 5016 posse
1296 4936 1486 4998 constituere
1507 4931 1668 4994 Matrimo-

874 5022 972 5100 nium,
990 5024 1064 5104 quia
1078 5029 1146 5086 erut
1166 5025 1282 5102 irritus,
1299 5029 1366 5086 tum
1382 5024 1422 5085 ob
1443 5020 1596 5082 rationem
1610 5017 1668 5077 da-

873 5114 949 5188 tam,
967 5115 1034 5173 tum
1058 5112 1131 5192 quia
1153 5117 1221 5174 erat
1243 5111 1416 5190 acceptatio
1441 5104 1581 5184 corporis
1604 5121 1667 5162 non

874 5198 992 5276 traditi,
1022 5200 1078 5260 sed
1105 5203 1227 5261 tantum
1256 5201 1326 5260 ficte
1355 5195 1450 5257 oblati
1477 5212 1484 5251 :
1514 5195 1668 5268 praeterea

874 5305 1044 5349 consensus
1059 5289 1109 5348 illc
1124 5287 1248 5366 decepti
1263 5286 1322 5347 fuit
1344 5302 1415 5344 cum
1440 5295 1545 5340 errore
1560 5295 1667 5354 perso·

875 5394 934 5452 nce,
951 5376 1072 5455 putavit
1086 5376 1169 5436 enim
1184 5377 1315 5436 alterum
1331 5391 1398 5432 esse
1413 5366 1560 5441 habilem,
1578 5370 1609 5423 et
1622 5369 1667 5424 ta·

874 5483 947 5526 mcu
962 5467 979 5530 J
983 5483 1037 5526 ure
1058 5468 1176 5528 naturae
1191 5465 1231 5530 ob
1247 5463 1403 5526 defectum
1417 5451 1585 5518 voluntatis
1600 5457 1670 5516 crat
