3986 6350
591 607 689 678 nus.
719 610 928 679 oouuinnn
955 607 1097 678 ouutn.
1559 585 1561 590 ’
1618 617 1677 684 nos

42 805 100 865 tem
116 799 158 866 od
178 797 318 883 quintam
338 803 495 865 fructuum
517 807 640 881 portem
662 800 824 864 restituen·
879 801 994 881 poterit
1008 801 1108 865 baeres
1120 802 1284 867 dimidium
1296 804 1389 886 legati
1406 823 1462 887 per
1475 804 1675 868 Bullesoom-

43 892 110 953 dum
122 891 229 968 tenmt
246 889 438 954 Canopicum
451 908 526 953 vero
546 894 578 953 ct
596 890 771 953 Perocbum
782 889 822 952 od
878 907 1007 970 ponere.

43 983 193 1060 quartam,
208 979 357 1060 Reliquos
378 978 601 1056 beneficiatos,
628 983 660 1039 et
682 976 734 1059 qui
750 995 829 1058 gou-
924 981 955 1042 Si
971 981 1140 1061 legatorios
1157 1001 1230 1046 vero
1244 981 1337 1046 fuerit
1351 983 1463 1063 aliquis
1486 982 1573 1044 locus
1592 981 1674 1062 pius»

43 1069 112 1128 dent
124 1066 274 1128 beneflcio
289 1066 434 1147 simplici,
445 1065 674 1143 Praestimonio,
687 1065 829 1145 (inpelle-
883 1065 978 1128 debet
991 1069 1154 1131 admoneri
1169 1072 1207 1149 is,
1223 1070 1275 1153 qui
1290 1069 1430 1133 talislooi
1444 1088 1553 1132 curam
1568 1070 1674 1132 hebet.

43 1155 100 1232 niu,
116 1159 170 1217 out
181 1155 331 1236 pensione
344 1155 510 1218 sufficienti
521 1155 561 1216 od
573 1172 652 1216 onus
662 1153 827 1233 recitandi,
885 1154 917 1217 Si
931 1155 1073 1236 legatarii
1084 1158 1200 1223 tuerint
1209 1176 1363 1240 pauperes
1373 1159 1405 1218 in
1416 1158 1585 1234 communi,
1600 1159 1678 1219 Pro-

43 1243 135 1306 teneri
157 1243 196 1306 od
216 1243 341 1306 tertiam
364 1248 497 1324 purtem.
531 1245 598 1316 Qua
621 1243 673 1306 via
696 1243 829 1325 quisquc
883 1250 1012 1309 curetur
1024 1266 1198 1328 pauperum
1221 1250 1315 1312 debet
1337 1247 1510 1312 admoneri.
1538 1244 1676 1319 Quodsi

43 1336 143 1411 posset
165 1331 244 1396 bunc
271 1337 394 1412 portem
417 1350 474 1412 per
499 1333 605 1394 Bullos
626 1349 826 1412 componere,
883 1332 933 1394 isti
961 1339 1033 1413 post
1060 1335 1306 1399 admonitionem
1340 1335 1535 1415 negligentes
1561 1331 1678 1393 fuerint

43 1441 70 1481 r.
83 1440 115 1500 g.
131 1419 226 1483 babet
240 1421 310 1501 quis
333 1419 524 1484 Beneficium
546 1421 693 1500 simplex,
714 1439 751 1482 ex
766 1438 829 1500 quo
883 1439 1082 1501 perannum,
1100 1427 1203 1504 potest
1221 1425 1287 1485 lieri
1314 1419 1497 1501 compositio
1520 1420 1560 1482 de
1581 1419 1674 1499 legati

42 1514 174 1570 tercenta
187 1509 303 1572 ducato
317 1509 429 1589 recipit
442 1527 559 1588 annue,
572 1509 686 1573 omittit
696 1509 829 1572 recitare
884 1509 1025 1572 dimidio.

44 1595 179 1656 Officium
201 1614 259 1676 per
280 1600 381 1659 totum
402 1614 535 1669 onnum;
552 1595 647 1658 debet
665 1597 829 1659 restituere
925 1600 1059 1671 Quartus
1073 1617 1174 1662 casus.
1193 1603 1298 1664 Potest
1306 1600 1400 1664 etiem
1411 1598 1477 1660 tleri
1493 1594 1676 1676 compositio

46 1683 165 1744 lubricos
179 1683 338 1762 Ecclesiae,
354 1688 408 1748 out
421 1684 613 1765 pauperibus
628 1684 742 1747 ducato
759 1703 830 1747 een·
884 1707 979 1767 super
992 1689 1103 1769 legetis
1125 1689 1214 1752 lactis
1234 1694 1337 1767 antea,
1354 1689 1404 1750 vel
1419 1692 1559 1766 tempore
1583 1685 1678 1745 dura·

45 1775 116 1848 tum,
133 1789 202 1854 quae
226 1776 274 1834 est
295 1773 389 1835 tertia
409 1791 482 1853 pars
505 1772 703 1847 reddituum
734 1788 829 1853 quem
883 1777 978 1838 tionis
991 1777 1100 1854 Bullae,
1117 1794 1251 1856 quorum
1266 1777 1408 1858 legatarii
1418 1775 1501 1836 facto
1512 1771 1676 1833 sufficienti

45 1863 159 1937 portem
172 1877 361 1938 componere
385 1865 497 1939 potest,
515 1860 653 1940 acceptis
673 1859 831 1921 decernet
884 1863 1047 1944 diligentia
1060 1883 1122 1927 uon
1137 1865 1255 1928 inventi
1276 1866 1402 1928 tuerint.
1426 1863 1517 1926 Circo
1531 1860 1615 1942 quod
1629 1879 1677 1921 re·

45 1965 150 2008 novem
178 1949 412 2028 compositionis
435 1950 542 2026 Rullis,
566 1948 726 2028 erogando
754 1949 830 2010 Gru·
884 1950 1039 2014 solvitur:

47 2035 128 2096 oiotae
150 2036 280 2116 triginta
302 2041 334 2099 et
353 2042 423 2099 octo
447 2040 612 2117 argenteos
644 2039 675 2099 et
699 2036 830 2098 totidem
927 2045 955 2102 t.
972 2040 1101 2114 Quodsi
1118 2040 1502 2122 uouinventolegoturio,
1519 2037 1677 2102 invenitur

46 2122 162 2184 tubricae
195 2123 353 2186 Ecclesiae.
394 2124 426 2187 Si
455 2124 571 2187 omittit
597 2122 742 2186 Officium
773 2141 831 2204 per
884 2131 985 2192 haeres
1008 2129 1116 2208 ipsius,
1138 2133 1277 2209 tegetum
1298 2130 1476 2193 absolutum
1493 2128 1586 2190 debet
1608 2123 1675 2187 dori

45 2230 187 2290 mensem,
208 2215 262 2275 aui
284 2231 342 2292 per
355 2212 423 2274 dies
447 2212 638 2293 quindecim,
664 2211 748 2273 illam
772 2229 831 2292 par
884 2218 934 2280 isti
954 2217 1089 2291 baeredi;
1110 2219 1250 2296 legatum
1269 2237 1395 2300 quoque
1416 2216 1673 2290 conditionatum,

47 2305 102 2361 tem
127 2300 289 2362 restituere
312 2301 492 2380 tenebitur,
528 2319 597 2382 quae
625 2301 741 2378 mensi,
775 2305 830 2362 eut
884 2307 1049 2387 purificato
1066 2306 1263 2378 conditione;
1285 2311 1315 2368 ct
1338 2325 1433 2385 super
1455 2305 1515 2366 hoc
1537 2305 1676 2383 legatum

46 2385 147 2448 diebus
174 2388 353 2468 quindecim
375 2407 410 2450 ex
442 2389 567 2452 redditu
591 2388 826 2469 correspondet,
884 2395 992 2475 nequit
1005 2395 1105 2456 haeres
1120 2413 1176 2472 per
1191 2395 1312 2455 Bullnm
1329 2393 1485 2474 componi.

46 2493 132 2554 quem
145 2482 266 2556 portem
286 2497 343 2558 per
356 2479 490 2558 Bullum,
513 2483 568 2542 eut
590 2480 697 2541 Bullos
716 2495 828 2556 compo
923 2488 952 2546 2.
969 2484 1067 2562 ldcm,
1083 2484 1167 2564 quod
1182 2483 1364 2546 conceditur
1377 2485 1461 2546 circa
1477 2485 1592 2563 legato,
1610 2499 1674 2542 non

47 2583 114 2625 uere
136 2569 248 2644 potest.
883 2572 1017 2635 inventis
1032 2572 1200 2652 legatoriis,
1225 2590 1315 2652 posse
1340 2571 1490 2651 applicari
1513 2569 1676 2631 fideicom-

80 2657 107 2716 3.
118 2653 319 2716 Omittentem
326 2655 470 2718 Officium
481 2673 624 2736 pervum,
642 2655 775 2737 adquod
785 2659 830 2717 te·
883 2661 985 2722 missis
999 2663 1031 2721 et
1044 2659 1275 2737 donationibus,
1292 2659 1418 2740 quando
1434 2676 1495 2720 non
1509 2656 1675 2718 inveniun-

49 2747 132 2802 netur
147 2759 205 2820 pro
221 2743 499 2822 pensione,eodem
508 2744 650 2806 modoad
659 2743 830 2806 restitutio·
882 2757 934 2811 tur
948 2752 1062 2828 portes.
1087 2749 1195 2829 ltaque
1215 2754 1346 2827 possunt
1369 2747 1462 2810 etiem
1486 2764 1543 2826 per
1569 2745 1675 2806 Bullos

47 2849 110 2892 nem
123 2831 265 2910 obligari.
283 2832 372 2904 Quod
387 2833 414 2893 si
423 2852 481 2913 per
495 2833 829 2914 Rullnsvenitcompo·
883 2837 1038 2918 componi.

47 2937 112 2980 nere
126 2919 276 2988 debitum,
289 2925 409 2982 tuntum
423 2925 545 3001 purtem
561 2921 828 2983 debetrestituere
923 2927 1054 2999 Quintus
1069 2945 1170 2988 casus.
1187 2925 1219 2989 Si
1234 2924 1347 3006 aliquis
1360 2926 1376 2987 J
1381 2925 1462 2987 udex
1477 2922 1671 2998 Ordinarius,

46 3007 163 3070 lubricae
178 3008 335 3086 Ecclesire,
352 3009 405 3070 ubi
428 3013 475 3071 est
497 3009 696 3088 beneficium,
714 3027 750 3070 ex
766 3027 827 3091 quo
883 3020 938 3078 eut
952 3014 1124 3094 delegatus,
1150 3015 1199 3075 vel
1223 3018 1369 3077 Assessor
1392 3015 1568 3096 perceperit
1582 3029 1674 3071 num-

47 3092 83 3153 illi
97 3097 250 3174 penditur,
268 3098 594 3178 quontemCruciotae.
610 3098 736 3170 Quodsi
751 3117 829 3179 pen·
882 3120 961 3180 mos,
980 3103 1027 3164 vel
1042 3101 1160 3182 aliquid
1179 3101 1264 3163 alind
1283 3119 1340 3181 pro
1364 3100 1494 3162 ferenda
1508 3097 1602 3176 mola,
1620 3103 1674 3159 eut

47 3179 86 3241 sio
99 3183 190 3245 luerit
204 3203 298 3264 super
316 3184 556 3265 Episcopotnm,
581 3186 744 3266 probabile
768 3191 826 3265 ost,
883 3190 998 3269 injuste
1011 3191 1175 3268 sententie,
1201 3191 1251 3251 vel
1270 3206 1326 3269 pro
1350 3206 1447 3250 cause
1460 3180 1674 3266 protrahendo

47 3275 158 3347 portem
172 3273 309 3334 dandam
323 3272 463 3352 fabricae,
485 3292 576 3354 posse
600 3273 706 3352 tribui,
730 3276 781 3336 vel
795 3275 827 3336 in
882 3279 914 3340 in
928 3277 1144 3359 prejudicium
1159 3277 1267 3360 pertis,
1284 3281 1339 3338 out
1352 3294 1409 3357 pro
1424 3275 1487 3337 elie
1499 3273 1615 3356 injurio
1628 3274 1672 3334 in-

46 3357 188 3422 tobrioum
202 3360 349 3426 Ecclesiae
360 3363 508 3440 Matricis,
525 3363 573 3424 vel
585 3362 829 3445 alteriuscujus-
882 3367 1021 3444 ferenda,
1038 3367 1087 3429 vel
1102 3366 1221 3447 aliquid
1241 3365 1326 3427 eliud
1350 3365 1477 3440 feceret,
1501 3362 1587 3445 quod
1610 3380 1672 3424 non

46 3463 170 3530 cumque
189 3449 353 3528 Ecclesiae,
377 3449 409 3512 in
433 3469 496 3531 qne
515 3449 688 3532 Episcopus
712 3452 829 3516 hebeat
882 3455 1027 3528 deberet3
1044 3460 1119 3516 tunc
1134 3458 1261 3532 possent
1274 3451 1458 3529 omnesisti,
1479 3451 1561 3512 mule
1582 3455 1674 3530 perta

46 3533 268 3600 Ecclesiasticos
283 3545 465 3617 proventus.
881 3563 939 3623 por
952 3543 1057 3604 Bulles
1071 3559 1271 3623 componere,
1284 3541 1370 3602 snlvo
1380 3557 1506 3620 semper
1516 3539 1587 3620 jure
1601 3557 1675 3618 por-

79 3627 106 3686 t.
122 3625 295 3688 Habentem
308 3626 461 3690 beneficia
475 3627 507 3690 in
522 3628 654 3692 diversis
668 3625 825 3706 Ecclesiis,
881 3632 932 3710 tis,
950 3637 984 3692 ut
997 3629 1040 3692 illi
1055 3631 1196 3692 satisfiet.
1217 3630 1308 3692 Circe
1322 3628 1407 3711 quod
1421 3628 1588 3691 resolvitur
1604 3647 1610 3687 :

46 3709 244 3793 sieomponut
256 3733 314 3794 per
327 3716 443 3794 Bulles,
461 3717 546 3798 quod
570 3716 737 3780 omissione
760 3715 828 3777 olfi·
922 3724 950 3782 l.
976 3721 1011 3781 ln
1033 3717 1178 3797 opinione
1205 3715 1343 3796 plurium
1366 3715 1583 3793 asserentium,
1610 3733 1673 3778 non

45 3798 79 3859 cii
92 3800 230 3865 debitum
244 3803 409 3882 contraxit,
427 3803 458 3865 id
474 3805 558 3884 quod
578 3805 704 3867 labricee
720 3805 828 3866 uecte—
882 3809 997 3870 debere
1013 3807 1134 3869 restitui
1148 3805 1190 3884 id,
1203 3805 1288 3886 quod
1298 3824 1355 3884 pro
1370 3806 1492 3868 actions
1506 3805 1601 3883 turpi,
1619 3805 1674 3866 out

45 3885 91 3947 sice
103 3887 303 3952 tribuendum
316 3896 374 3967 est,
390 3891 490 3953 teneri
501 3890 658 3972 dispertiri
669 3891 827 3953 interillos
881 3894 998 3975 injuste
1012 3897 1177 3971 acceptum
1192 3897 1249 3970 cst,
1265 3893 1391 3972 quondo
1406 3892 1468 3954 tale
1487 3891 1673 3970 obsequium

44 3973 190 4040 Ecclesiae
204 3996 331 4057 omues,
357 3979 388 4040 in
413 3979 527 4061 quibus
543 3979 825 4054 bubetbenetlcio3
882 3989 929 4045 est
951 3982 1052 4062 pretio
1076 3980 1270 4056 oestimcbile,
1294 3981 1413 4041 nullum
1436 3980 1566 4040 istorum
1586 3975 1674 4057 judi-

44 4063 187 4144 msjorem
208 4069 331 4146 partem
354 4066 408 4145 illi,
431 4067 515 4129 unde
537 4068 675 4150 majores
696 4067 828 4148 percipit
882 4089 966 4150 cum,
991 4069 1045 4151 qui
1070 4069 1102 4130 in
1122 4087 1155 4130 re
1178 4069 1262 4130 mole
1287 4066 1500 4146 perpetranda
1522 4083 1674 4145 peccare·

44 4151 177 4216 redditus
193 4153 369 4219 tribuendo.
881 4163 965 4234 runt,
983 4158 1081 4221 teneri
1106 4157 1146 4218 ed
1170 4155 1427 4236 compositionem
1450 4155 1541 4234 pretii
1564 4171 1621 4232 pro
1639 4171 1672 4214 re

78 4241 198 4306 'lortius
212 4261 313 4306 casus.
330 4247 437 4308 Potest
451 4245 546 4308 etiam
559 4244 628 4306 lteri
642 4244 826 4326 compositio
880 4247 965 4308 male
978 4247 1173 4324 perpetreto;
1200 4242 1231 4303 in
1247 4240 1393 4321 opinione
1407 4259 1482 4304 vero
1503 4240 1608 4303 tutiori
1623 4257 1673 4302 es-

44 4345 131 4410 nuper
144 4329 308 4394 dimidium
329 4331 517 4413 legatorum,
544 4333 716 4413 quaefacta
739 4332 826 4393 tuere
881 4335 1052 4398 serentium
1072 4329 1284 4408 contrarium,
1309 4330 1429 4408 teneri,
1455 4329 1482 4390 si
1506 4347 1568 4392 non
1586 4328 1673 4391 resti-

43 4435 94 4495 pm
109 4421 307 4483 excoeronde
320 4421 512 4484 conscientie
530 4421 621 4483 bonis
642 4422 724 4484 mole
739 4421 827 4483 bubi-
881 4426 984 4499 luunt,
1000 4420 1146 4500 componi
1169 4437 1227 4498 per
1249 4418 1365 4480 Bullas.
1390 4418 1480 4491 Quod
1503 4418 1673 4479 observen-

43 4504 88 4584 tis,
102 4505 128 4568 si
142 4527 294 4588 persone,
309 4509 423 4590 quibus
438 4510 512 4572 tolio
525 4508 630 4590 legate
645 4511 824 4586 factasunt,
881 4513 958 4573 dum
971 4513 1020 4572 est
1032 4509 1064 4570 in
1078 4506 1280 4587 sequentibus
1290 4505 1414 4567 casibus
1425 4503 1497 4566 huic
1507 4503 1669 4566 similibus.

43 4595 227 4675 negligentes
250 4597 367 4660 fuerint
393 4617 451 4680 per
473 4617 590 4661 annum
613 4599 771 4682 integrum
794 4598 827 4659 in
920 4603 950 4660 2.
966 4597 1064 4673 ldem,
1082 4593 1166 4676 quod
1180 4593 1294 4655 dicitur
1308 4592 1346 4653 de
1360 4591 1537 4670 lodicibus,
1555 4591 1608 4672 qui
1624 4609 1672 4652 ro-

42 4681 241 4764 percipiendis
268 4685 397 4764 legatis,
428 4685 572 4766 quemvis
601 4686 640 4748 de
667 4684 826 4767 legatariis
880 4683 1188 4760 verasunttudices,
1206 4681 1320 4743 debere
1335 4680 1467 4761 intelligi
1491 4682 1529 4743 de
1544 4681 1673 4761 quilius-

43 4774 198 4835 ccnstctet
210 4773 362 4853 personis.
378 4773 469 4836 Circa
488 4773 572 4853 quod
587 4774 776 4837 resolvitur:
882 4793 1015 4855 cumque
1029 4773 1209 4853 potentibus
1228 4771 1414 4833 sententiam
1432 4770 1514 4831 terre
1532 4787 1590 4849 pro
1606 4769 1673 4830 olli-

79 4859 302 4941 Negligentium
323 4861 467 4942 legatarii
490 4862 522 4922 in
550 4863 752 4942 perceptione
780 4862 826 4923 rei
881 4858 1670 4941 oio,eutsubdelegetione,autpertiumcousensu.

44 4943 159 5028 legatie,
174 4967 235 5011 non
250 4949 365 5012 debere
386 4952 546 5012 numerari
561 4968 581 5011 a
594 4956 746 5031 tempore,
763 4968 825 5029 quo
920 4953 950 5013 3.
974 4953 1141 5026 Damnum,
1168 4948 1252 5028 quod
1273 4948 1354 5028 porti
1378 4947 1561 5022 intulerunt,
1588 4945 1672 5023 ipsos

43 5035 154 5100 lucum
176 5043 221 5101 est
242 5041 482 5117 testamentum,
508 5039 558 5100 vel
581 5042 714 5101 testator
736 5039 825 5115 obiit,
882 5057 945 5101 non
968 5057 1059 5118 posse
1083 5052 1271 5116 componere
1295 5054 1354 5115 per
1370 5035 1486 5112 Bullos,
1503 5034 1558 5096 sod
1573 5034 1672 5095 teneri

44 5123 289 5205 sedetempore,
306 5143 367 5208 quo
389 5125 456 5207 ipse
479 5131 584 5189 certus
607 5127 708 5190 factus
723 5132 771 5191 est
784 5127 827 5188 le·
882 5127 1056 5205 restituero,
1080 5125 1174 5188 etiem
1197 5123 1271 5185 doto
1294 5141 1380 5200 ceso,
1401 5123 1486 5203 quod
1501 5141 1563 5184 non
1578 5122 1673 5183 debe-

14 5287 16 5294 ,
44 5211 102 5290 goti
116 5209 157 5273 ob
178 5211 313 5290 herede,
333 5215 382 5278 vel
402 5216 655 5291 testamentario;
679 5215 753 5298 quie
773 5213 826 5276 ubi
882 5218 953 5277 rent
979 5214 1035 5294 id,
1061 5213 1145 5296 quod
1168 5231 1225 5293 pro
1248 5211 1364 5292 injusto
1387 5217 1575 5290 acceperunt
1603 5229 1673 5272 sen-

14 5321 16 5360 ῑ
45 5297 80 5362 de
92 5317 124 5362 re
139 5317 200 5362 non
215 5305 345 5381 constet,
361 5321 424 5366 non
438 5307 541 5383 potest
551 5304 621 5385 quis
631 5301 771 5366 accusari
787 5301 827 5363 de
883 5303 991 5366 tentia.

15 5391 16 5452 ]
44 5385 227 5468 negligentia
249 5388 281 5449 iu
300 5409 344 5453 re.
368 5393 517 5473 nequest
541 5411 561 5455 e
583 5397 737 5474 tempore,
763 5408 828 5473 quo
924 5391 1035 5453 Sextus
1049 5407 1149 5451 casus.
1167 5385 1199 5449 Si
1214 5385 1327 5466 uliquis
1350 5385 1529 5449 Adsecutus
1552 5386 1674 5466 accepit

15 5489 17 5554 J
44 5471 144 5539 tabuit
157 5476 312 5557 notitiam,
328 5485 509 5544 numeretur
523 5501 641 5558 annus,
660 5487 691 5544 et
703 5479 755 5542 ille
770 5497 830 5540 ne·
884 5477 1056 5560 quidquem
1077 5495 1134 5557 pro
1158 5474 1341 5536 advocondo
1364 5473 1396 5534 in
1416 5491 1512 5535 causo
1543 5473 1670 5554 injuste,

15 5575 16 5582 ’
44 5561 189 5648 gligenter
208 5583 244 5627 se
259 5565 444 5634 hebueritin
476 5571 693 5651 recuperando
712 5572 827 5651 legato,
886 5568 986 5630 Lterite
1009 5569 1098 5646 parte
1122 5580 1226 5628 cousae
1251 5561 1452 5643 injustitiam,
1483 5565 1586 5642 potest
1612 5563 1671 5625 iste
