3974 6348
691 553 742 620 DE
770 553 1032 621 Mnunlnonlo.

237 739 358 796 tarius.
782 743 975 796 GERMANiCE.
1305 743 1428 793 entier).

13 891 14 916 a
71 889 141 938 inter
154 901 182 936 en
195 887 266 936 Patre
280 920 535 934 .......
596 881 750 934 Bruderoom
772 885 856 935 Votter
883 920 1094 935 ......
1156 885 1323 934 Demi-Fcere
1340 885 1378 935 du
1394 885 1452 936 otte
1468 885 1503 936 du
1519 887 1591 936 Per-c.

71 951 142 1000 itater
154 949 267 998 amrium
281 983 534 997 .......
596 945 760 995 Brudeoonde
773 947 866 996 Mulier
885 983 1095 996 ......
1156 947 1234 996 Fcere
1248 947 1346 999 uter-in.

13 1051 14 1060 ,
70 1014 191 1062 termam
204 1009 294 1060 Frater
323 1044 535 1060 ......
597 1007 731 1058 teitlicter
744 1009 843 1058 Bruder
843 1043 1095 1060 .......
1156 1009 1233 1059 Fuere
1249 1009 1381 1072 germain.

13 1079 14 1096 ³
70 1075 133 1124 Soror
134 1106 535 1122 ...........
597 1069 733 1120 Schwestcr
760 1105 932 1122 .....
969 1086 974 1098 ·
1008 1108 1013 1120 .
1049 1107 1055 1121 .
1089 1107 1096 1120 .
1156 1072 1242 1121 Soeur.

13 1125 15 1202 t
70 1135 151 1185 Gemini
164 1169 535 1184 ..........
596 1132 711 1196 Zmilling
713 1168 1096 1184 ..........
1156 1134 1248 1182 Freres
1262 1135 1401 1197 jumeeux.

13 1207 15 1234 ἓ
69 1200 124 1247 trus
132 1230 535 1246 ...........
595 1194 702 1243 nator.
720 1195 866 1244 Grosuatter
884 1231 1096 1245 ......
1157 1196 1233 1245 atem
1252 1215 1258 1245 :
1279 1196 1453 1246 dread-Pero.

13 1285 15 1324 t
68 1263 123 1308 tuus
135 1264 251 1322 pommus
274 1293 535 1308 .......
596 1257 645 1306 Des
663 1258 759 1308 Votterr
776 1259 873 1306 Vatters
883 1294 1095 1308 ......
1157 1257 1234 1306 dicul
1249 1259 1378 1320 peternel.

68 1325 123 1370 ime
136 1323 261 1370 maternus
263 1355 535 1370 ........
597 1319 647 1368 Der
660 1319 753 1368 Mulier
770 1319 853 1369 t'otter
885 1357 1095 1370 ......
1157 1320 1234 1368 nieul
1251 1321 1391 1370 meternel.

68 1385 118 1431 tria
130 1417 535 1432 ...........
596 1380 702 1443 Auliou)
716 1395 725 1428 :
740 1379 897 1430 Grormutter
922 1418 1096 1432 .....
1158 1380 1249 1431 niente
1266 1400 1272 1431 :
1291 1381 1468 1431 Grnnd'ttdrc.

69 1446 168 1494 Prorsus.
199 1479 536 1493 .........
602 1442 726 1492 Vrnrrlrerr
728 1479 1096 1494 ..........
1158 1444 1283 1494 Bieaieut.

13 1567 14 1570 Ἴ
68 1507 163 1556 Praevia
201 1541 536 1556 .........
601 1505 726 1567 t'ranstnu
727 1541 1097 1556 ..........
1159 1506 1298 1554 Bisaieule.

13 1621 14 1632 ἶ
66 1569 151 1617 thorus
162 1603 536 1618 ..........
601 1568 760 1616 t'ranruottcr
762 1603 1096 1618 .........
1157 1567 1296 1617 'ir-isaieut

66 1631 146 1680 thoria
165 1665 535 1680 ..........
602 1631 772 1678 transmaria·
803 1664 1096 1681 ........
1157 1628 1310 1679 Trisaieule.

66 1695 145 1742 turus
165 1727 537 1743 ..........
601 1693 746 1740 trous-ann
762 1727 1097 1744 .........
1159 1693 1193 1740 Le
1209 1691 1273 1741 Pere
1287 1691 1325 1740 du
1339 1692 1476 1742 'irisaieut

13 1811 14 1818 ἶ
65 1753 164 1804 tritium
165 1789 537 1804 ..........
602 1753 760 1804 urano-nan
764 1789 1097 1805 .........
1159 1755 1193 1803 Le
1211 1753 1379 1804 Graird-Pere
1396 1753 1433 1802 du
1451 1752 1589 1803 'friseient

13 1825 14 1864 t
66 1816 142 1878 Nepos.
599 1814 904 1866 Erikel:1ir'ndr·it'a’nder
905 1853 1097 1867 ......

13 1881 15 1920 i
67 1878 134 1941 >tepor
147 1891 174 1928 ex
183 1879 251 1928 Filio
284 1913 537 1928 .......
599 1877 680 1926 Sota
694 1877 761 1926 ὃοΙιη
763 1913 1097 1930 .........

65 1939 252 2002 NrpusexFilia
285 1974 539 1990 .......
602 1937 709 1988 Toctter.
726 1939 806 1989 Secta
809 1976 1097 1992 ........

66 2001 138 2063 Neptis
146 2015 175 2050 ex
183 2001 252 2051 Filio
285 2037 539 2052 .......
600 1999 681 2050 Sohar
696 2000 804 2052 Toctter.
846 2039 1098 2054 .......

66 2063 138 2125 Neptis
149 2077 179 2112 ex
187 2063 254 2113 uitia
288 2096 541 2115 .......
603 2062 704 2112 Tocther
720 2063 821 2113 rariter
845 2101 1099 2116 .......

66 2125 175 2188 Prouepoe
202 2159 541 2178 .........
600 2124 694 2174 Brackel
710 2126 761 2175 Son
763 2162 1098 2178 .........

66 2185 180 2250 Proncptis
202 2223 541 2238 .........
601 2185 820 2237 uncam-rocta»
842 2224 1100 2241 .......

13 2291 14 2298 ,
66 2248 166 2312 thuepos
168 2283 541 2300 ..........
602 2248 724 2298 Eukeldes
737 2249 830 2299 linteis
848 2286 1100 2302 .......

13 2317 14 2348 ³
65 2309 179 2374 thneptts
203 2345 541 2362 .........
601 2310 720 2361 amuleto
734 2312 778 2362 des
791 2313 869 2362 Eokts
888 2349 1101 2364 ......

13 2374 542 2508 tittttazz:::::::
602 2373 1100 2489 arrectariorum:

13 2513 15 2558 p
65 2495 185 2547 intruus:
200 2499 291 2548 Frater
304 2499 420 2550 Patris.
454 2533 461 2549 .
495 2533 502 2549 .
537 2535 542 2548 .
607 2497 824 2548 VottersBraders
846 2535 1102 2551 .......

66 2557 147 2608 Petrus
163 2573 311 2623 smegnus:
335 2560 427 2610 Frater
443 2561 501 2612 nvi.
537 2597 543 2610 .
606 2557 762 2610 Uonlrerrens
775 2561 874 2612 Bruder
888 2598 1102 2614 ......

66 2681 227 2744 Propatruus:
245 2684 338 2734 Frater
356 2685 462 2734 Prosci.
496 2721 504 2733 .
536 2719 544 2734 .
606 2683 778 2733 Uronterrear
791 2685 890 2737 Bncder
891 2723 1102 2737 ......

65 2743 215 2796 Avunculus:
229 2746 322 2796 Frater
331 2746 462 2796 Matris..
497 2783 503 2796 .
537 2782 543 2796 .
604 2747 697 2794 notter
711 2747 810 2796 Bruder
811 2784 1105 2800 ........

66 2806 199 2916 trpppplus
212 2819 300 2871 magn.
316 2805 408 2857 Frater
429 2809 476 2859 nvi
493 2810 546 2859 Ma·
605 2807 755 2872 :infremens
768 2810 866 2860 Bmder
868 2847 1106 2861 .......

65 2928 233 2984 incommuta
254 2931 347 2982 Frater
367 2933 465 2982 Procri
489 2947 546 2983 ma·
609 2934 771 2996 Vroasroweo
785 2934 884 2984 Bruder
897 2969 1104 2986 ......

65 2993 177 3104 itt:
202 3031 216 3106 .·
247 3029 256 3104 .·
288 3029 298 3105 .·
329 3029 339 3104 .·
371 3029 381 3106 .·
414 3030 422 3105 .·
457 3030 464 3105 :
497 3031 503 3106 :
538 3031 545 3106 :
608 3057 862 3108 carantanae.
893 3095 900 3109 .
934 3095 940 3109 .
975 3094 981 3109 .
1016 3095 1022 3109 .
1057 3095 1063 3108 .
1098 3094 1104 3108 .

13 3151 14 3176 ἶ
65 3115 137 3164 tmitn
152 3131 244 3182 magna
246 3153 543 3168 ........
605 3117 718 3168 noctem
736 3119 858 3170 Schwestr
859 3155 1102 3172 .......

13 3275 15 3322 3
66 3237 179 3290 Pmamite
207 3277 545 3293 .........
608 3242 761 3293 Urutmrrene
779 3243 915 3294 Schwerter
932 3280 1104 3296 .....

66 3361 187 3416 ttatedm
207 3401 545 3418 .........
605 3369 698 3418 narra
714 3367 849 3418 Schwester
850 3405 1103 3420 .......
1163 3367 1256 3426 Teate,
1272 3367 1350 3417 Soeur
1362 3366 1395 3414 de
1410 3366 1527 3418 lettere.

13 3433 15 3488 ς
66 3421 187 3478 Materterae
202 3441 301 3494 magna
333 3464 545 3480 ......
605 3431 755 3495 dnsrowens
769 3431 904 3481 Sctwcster
906 3467 1103 3483 ......
1165 3427 1356 3490 Gmnd'Tunte,
1375 3429 1452 3478 Soeur
1470 3428 1507 3479 du
1528 3429 1698 3480 Grand-Ptre

13 3489 15 3544 t
1196 3503 1230 3540 ou
1248 3490 1281 3540 de
1298 3490 1324 3539 le
1345 3489 1514 3541 Grand’ttere
1530 3492 1697 3543 meternetle.

13 3547 15 3578 ¹
68 3548 240 3605 Promntcrtera
256 3587 545 3606 ........
607 3554 749 3604 Urorrbcrrn
763 3555 898 3606 Sclawester
899 3591 1103 3608 ......
1164 3553 1461 3614 Δτήὲτε-Τιιηῑε,8ωυτ
1477 3553 1513 3603 du
1529 3554 1646 3605 Bisaieul
1661 3567 1697 3604 ou

13 3641 14 3656 u
1196 3615 1230 3664 de
1245 3615 1271 3664 le
1286 3614 1419 3664 Bisaieute
1437 3615 1604 3668 meternelle.
1650 3639 1652 3643 ·

13 3679 14 3702 ³
68 3671 138 3738 Nepte
155 3691 186 3728 ex
202 3679 294 3730 Fratre
332 3712 545 3729 ......
606 3679 717 3729 Bruderc
731 3679 798 3729 Sota
813 3715 1104 3731 ........
1165 3676 1329 3738 Neveu,Fiis
1343 3677 1480 3729 dourenc.

13 3745 14 3786 3
67 3734 139 3810 Nepos
152 3753 182 3790 ex
197 3741 295 3792 Serere
333 3776 546 3792 ......
607 3741 743 3792 Schwestcr
759 3741 834 3792 Sota
853 3777 1105 3793 .......
1166 3739 1331 3800 Neveu,i·'ils
1344 3739 1413 3789 dele
1427 3741 1512 3790 Soeur.

68 3797 143 3872 Neptrs
155 3815 186 3852 ex
199 3802 291 3853 Fratre
293 3838 546 3856 .......
606 3804 718 3854 Bruders
733 3804 835 3854 Tochter·
835 3839 1105 3856 ........
1166 3803 1255 3863 Nieoe,
1267 3801 1332 3851 Fiile
1347 3801 1383 3851 du
1394 3802 1480 3852 Frere.

13 3887 14 3890 =
68 3856 143 3922 Neptis
156 3863 297 3915 exserere
299 3901 546 3918 .......
609 3863 743 3916 Schwester
764 3865 864 3915 Toctter·
895 3903 1105 3917 ......
1167 3865 1256 3924 Nicea,
1271 3863 1337 3913 Fille
1352 3864 1385 3913 de
1400 3863 1425 3912 la
1443 3866 1527 3915 Soeur.

13 3939 14 3948 ¹
68 3918 184 3974 nuceta
184 3957 547 3979 ..........
608 3929 711 3992 lowepr
728 3927 827 3977 Brader
839 3929 935 3980 Kinder
935 3965 1106 3980 .....
1168 3927 1282 3977 cousins
1296 3939 1332 3976 ou
1343 3927 1472 3976 Cousines
1480 3925 1639 3989 germaines,
1655 3939 1701 3977 en·

1199 3989 1270 4038 tants
1279 3988 1312 4038 de
1327 3988 1399 4038 deux
1412 3988 1513 4038 Fceres.

609 4054 710 4118 Zweyer
723 4049 858 4102 Sclswester
872 4055 968 4104 Kinder
983 4053 1139 4106 Gersctwcr·
1168 4051 1282 4102 cousins
1293 4064 1328 4099 ou
1339 4050 1469 4100 Cousines
1481 4051 1643 4112 gernreineS,
1654 4065 1701 4101 eu-

640 4117 703 4164 rtert
716 4115 811 4164 Ka'oder
812 4151 1108 4168 ........
1200 4111 1270 4162 tants
1284 4112 1331 4161 des
1343 4111 1413 4160 deux
1429 4112 1529 4162 Soeurs.

13 4247 15 4318 p
69 4231 163 4310 tmitini
167 4272 548 4290 ..........
610 4239 721 4290 Bruders
735 4239 789 4290 eud
800 4239 1068 4292 Schwestcriia'nder.
1102 4274 1109 4289 .
1170 4235 1413 4289 Ententsanrere
1428 4235 1496 4288 etde
1511 4237 1536 4287 la
1551 4237 1637 4290 Soeur.

13 4319 15 4362 3
69 4293 159 4346 tohnnr
173 4335 549 4352 ..........
612 4301 802 4352 Geracdwestert
816 4303 987 4354 EucKlein..
1021 4341 1027 4355 .
1062 4338 1068 4352 .
1103 4338 1109 4351 .
1169 4303 1278 4351 Neveux
1295 4299 1343 4349 des
1356 4300 1427 4349 deux
1442 4299 1539 4350 Soeurs.

1159 1815 1304 1865 Petit-Fila.

1159 1876 1306 1928 Petit-Fila:
1318 1877 1378 1926 'Fila
1391 1877 1425 1928 de
1436 1891 1500 1927 mon
1518 1877 1579 1926 Fits.

1159 1938 1317 1988 Petit-Fils:
1334 1939 1388 1988 Fits
1402 1939 1434 1989 de
1451 1953 1494 1990 me
1507 1939 1580 1988 Filio.

1159 2000 1224 2050 Filte
1242 2000 1274 2050 de
1289 2014 1354 2050 mon
1367 1999 1428 2050 Fila.

1159 2063 1225 2112 Fille
1239 2063 1273 2112 de
1287 2076 1331 2112 me
1348 2063 1422 2112 F'ilte.

1159 2125 1212 2175 Fils
1229 2125 1266 2175 du
1284 2124 1427 2175 Petit-Filo.

1158 2186 1224 2238 Fille
1239 2187 1272 2236 de
1287 2188 1312 2236 le
1329 2187 1505 2236 Petite-Fille.

1159 2249 1297 2298 Petit-Fila
1313 2248 1351 2298 du
1368 2249 1511 2298 Petit-Fila.

1160 2310 1322 2360 Petite-Fide
1332 2311 1365 2360 de
1378 2310 1404 2359 ta
1419 2311 1595 2363 Petite-Fille.

1160 2372 1342 2422 Aniene-Fila.
1671 2379 1679 2395 ·

1160 2434 1355 2484 Arriere-Fiile.

1161 2497 1242 2547 Oncle
1256 2497 1386 2559 peternct
1404 2498 1481 2548 Fcere
1498 2497 1535 2547 du
1553 2499 1626 2548 Pera.

1162 2558 1349 2609 Grand·0ncle
1379 2559 1519 2625 peternel,
1550 2559 1628 2610 Fcere
1658 2559 1695 2611 du

1193 2621 1372 2672 Grand-Pere.

1161 2683 1370 2744 Arriere-Oncia
1388 2684 1468 2734 Fuere
1482 2683 1519 2734 du
1537 2683 1662 2734 Bisaieut.

1162 2743 1243 2794 oncle
1261 2746 1401 2808 maternel,
1419 2746 1497 2796 Fcere
1514 2745 1548 2796 de
1565 2745 1590 2795 le
1613 2747 1695 2796 tiene.

1163 2805 1346 2856 Grend-Oucle
1379 2806 1525 2869 maternal,
1555 2807 1633 2858 Frere
1658 2808 1696 2858 du

1197 2869 1362 2919 Grend-Pere
1377 2868 1517 2920 maternal.

1165 2930 1364 2982 amitere-Onon
1394 2932 1536 2993 maternal,
1558 2931 1636 2982 Frere
1659 2931 1696 2982 du

1197 2992 1314 3042 Bisaieut
1328 2993 1469 3044 maternet.

1165 3055 1257 3115 Tente,
1273 3056 1351 3105 Soeur
1364 3055 1402 3105 du
1419 3057 1493 3106 Pere.

1165 3117 1355 3178 Grand'Tunte‚
1371 3119 1450 3168 Smur
1472 3119 1508 3168 du
1529 3119 1696 3171 (troad-Peru

1195 3193 1230 3229 ou
1246 3179 1278 3228 de
1289 3178 1314 3228 la
1331 3179 1503 3230 Grend'ttere
1514 3181 1671 3244 paternelte.

1164 3242 1377 3302 inridre-Tanto,
1393 3242 1470 3292 Soeur
1483 3243 1519 3292 du
1530 3242 1647 3294 Bisaieul
1661 3256 1697 3292 ou

1195 3305 1228 3354 de
1246 3304 1270 3353 tu
1288 3304 1420 3353 Bisaieuie
1438 3306 1593 3367 paternella.

68 4043 218 4112 canebant,
237 4051 423 4102 consobrinae.
459 4089 464 4102 .
501 4089 506 4102 .
542 4089 548 4102 .

13 4475 15 4558 ᾗ
101 4466 230 4549 Denique
246 4470 419 4531 notandum
435 4475 482 4534 est
501 4473 585 4553 quod
601 4472 632 4533 in
656 4474 673 4535 J
677 4490 732 4535 ure
747 4471 790 4533 ilii
808 4473 856 4534 di·
909 4472 1189 4555 consanguinitatis
1210 4477 1257 4534 est
1273 4469 1414 4534 collectio
1437 4487 1644 4550 personarum
1662 4467 1702 4532 ab

13 4571 15 4650 p
70 4557 295 4637 septengenti,
312 4557 365 4637 qui
388 4559 429 4620 ab
451 4559 556 4641 atiquo
578 4561 776 4624 descendunt
797 4580 854 4640 per
909 4563 1021 4626 eodem
1049 4560 1153 4640 stipite
1176 4558 1434 4622 descendentium
1463 4556 1646 4636 continens,
1672 4564 1704 4620 et

68 4635 167 4703 lineam
188 4644 405 4722 masculinam,
432 4645 475 4707 iili
499 4653 606 4710 eutem
630 4648 768 4728 cognati,
800 4648 852 4728 qui
908 4651 1103 4730 distinguens
1130 4649 1248 4730 gradus
1271 4649 1353 4711 inter
1376 4667 1449 4709 eas:
1476 4645 1572 4708 series
1595 4649 1703 4708 eutem

13 4811 15 4820 Ι
70 4743 116 4803 per
127 4729 326 4810 femininam,
357 4735 500 4812 quemvis
524 4737 714 4817 quandoque
740 4753 855 4796 nomen
908 4739 977 4818 illa,
995 4739 1059 4800 sive
1084 4739 1160 4801 ordo
1184 4754 1391 4818 personarum
1406 4755 1444 4797 ex
1462 4734 1573 4797 eodem
1597 4734 1703 4815 stipite

71 4819 178 4896 cognati
212 4825 364 4903 tauquam
395 4841 493 4902 genus
529 4829 670 4889 sumatur
697 4825 737 4886 ab
769 4829 855 4886 utro·
908 4827 1163 4889 descendentium
1178 4827 1239 4888 dici
1254 4823 1703 4903 soletarboreonsanguinite·

13 4937 15 4974 ³
73 4921 134 4982 ‘1¹¹⁰-
907 4916 957 4978 tis.
977 4915 1092 4980 Gradus
1114 4915 1204 4978 lineae
1220 4919 1268 4977 est
1281 4913 1430 4976 distantia
1452 4910 1545 4974 unius
1559 4930 1703 4992 personae

13 4983 53 5100 {⁸³
103 4993 127 5071 d
142 4997 170 5058 2.
186 4997 267 5068 Quia
280 4997 332 5058 hic
345 4998 504 5079 loquimur
519 4999 558 5063 de
569 5002 851 5083 consanguinitate,

13 5107 15 5174 5
72 5079 185 5162 ejusque
207 5085 316 5163 tineis,
333 5088 493 5166 gradibus,
515 5090 631 5169 stipite,
659 5096 718 5154 etc.
742 5096 855 5155 notan-

13 5189 15 5260 p
73 5167 135 5232 dum
164 5179 211 5236 est
229 5174 306 5254 quid
327 5174 374 5236 his
397 5177 538 5239 terminis
557 5177 759 5258 significetur.
777 5180 855 5242 Con·

13 5275 15 5338 r
72 5261 241 5341 smprcinr'toe
263 5265 311 5324 est
334 5261 519 5346 oonjunctio'
538 5286 744 5347 personarum
759 5288 796 5330 ex
816 5288 853 5330 eo

13 5355 15 5440 t
74 5351 261 5428 proveniens,
279 5351 354 5431 quia
368 5370 431 5414 una
445 5353 608 5419 deseendit
620 5356 662 5417 ab
677 5356 786 5433 altera,
803 5357 853 5417 vel

13 5445 15 5526 ξ
75 5435 162 5498 ambae
175 5439 342 5501 abeodem
359 5459 366 5501 ε
383 5440 497 5505 dicitur
510 5448 615 5505 eutem
635 5445 853 5525 consanguini-

77 5524 125 5600 ns,
148 5525 236 5604 quasi
259 5527 419 5608 conjuncti
442 5529 601 5611 sangoinis
624 5532 738 5596 unitas.
764 5533 856 5596 lineo

908 5003 949 5065 ab
963 5003 1061 5066 altera
1075 5001 1157 5066 intra
1167 5003 1312 5066 eamdem
1320 5001 1447 5079 lineam,
1460 5005 1492 5062 et
1506 4999 1619 5063 dieitur
1632 5020 1703 5080 gra·

909 5091 978 5170 dus,
995 5091 1069 5173 quia
1083 5089 1127 5153 ita
1141 5090 1361 5172 progredimur
1372 5089 1411 5152 de
1421 5087 1563 5170 proximo
1580 5089 1620 5150 ad
1631 5107 1704 5170 pro-

907 5179 1037 5242 ximum.
1055 5179 1152 5262 Stipes
1174 5179 1289 5242 dieitur
1303 5179 1356 5240 illa
1370 5195 1515 5259 persona,
1532 5196 1552 5239 a
1566 5195 1629 5259 qua
1643 5196 1704 5239 eae-

907 5274 1001 5338 terae,
1022 5269 1062 5330 de
1083 5287 1218 5350 quarum
1239 5269 1426 5350 cognatione
1449 5265 1608 5348 quaeritun
1635 5266 1704 5327 des-

908 5357 1063 5434 cendunt,
1087 5357 1221 5440 ideoque
1245 5357 1359 5419 dieitur
1385 5353 1562 5418 eommunis
1585 5355 1701 5434 stipes,

909 5445 1051 5525 quinidi,
1069 5445 1108 5507 de
1124 5447 1238 5525 quibus
1253 5443 1414 5526 quaeritur,
1426 5443 1545 5506 habent
1554 5463 1638 5522 eum,
1649 5461 1705 5504 re-

909 5534 956 5596 lut
979 5550 1179 5597 communem
1208 5537 1374 5610 truncum,
1400 5549 1502 5613 aquo
1526 5531 1584 5616 ipsi
1608 5531 1703 5595 ueluti
