3986 6350
612 539 664 604 DE
691 541 855 606 ouulolls
875 539 1144 606 courusslall.
1641 547 1698 610 let

78 721 125 788 bus
138 723 196 804 ipse
209 743 274 788 non
288 729 392 806 potest
405 727 581 790 absolvere.
598 731 643 790 lle
659 727 731 790 eliis
745 728 854 792 vincu·
948 728 1115 810 Excipiunt
1135 732 1240 793 tumen
1263 733 1293 794 et
1315 731 1426 796 merito
1449 733 1612 812 ductores,
1642 733 1702 796 uisi

78 812 108 874 lis
123 815 328 894 suspensionis
343 818 374 878 et
395 816 556 878 interdicti
576 819 607 879 et
629 817 669 878 de
685 824 761 880 nota
775 817 853 880 irre·
907 817 987 880 forte
1008 837 1046 878 ex
1071 837 1176 880 errore
1201 818 1324 881 delecto
1341 819 1464 884 occasio
1479 821 1616 900 peccatis
1627 840 1703 900 gra-

78 899 242 978 gularitatis,
258 902 333 964 licet
355 920 418 966 non
441 903 482 963 sit
504 903 635 982 perinde
658 905 848 982 necessaria,
907 905 1047 967 rioribus
1070 907 1258 985 praebeatur.
1284 909 1475 989 contingere
1497 909 1582 970 euim
1599 910 1704 988 reipsa

43 1052 49 1068 ,
79 988 254 1068 aliquatenus
269 994 355 1054 certe
369 991 511 1052 curanda
525 995 573 1053 est
586 992 736 1072 cognitio.
907 995 1020 1071 potest,
1048 998 1083 1053 ut
1103 994 1259 1073 poenitens
1282 994 1400 1056 factum
1421 985 1560 1078 aliquod,
1584 997 1616 1058 iu
1639 1015 1702 1076 quo

109 1081 135 1138 5.
156 1077 237 1140 Sciet
258 1078 357 1141 etiam
379 1077 493 1159 quibus
516 1079 549 1140 in
579 1080 703 1143 casibus
732 1081 772 1144 sit
794 1082 853 1145 ite·
906 1079 1009 1139 levem
1031 1078 1134 1141 inesse
1153 1080 1278 1158 culpam
1297 1081 1375 1144 falso
1400 1085 1543 1162 putabat,
1556 1083 1624 1163 jem
1638 1084 1703 1146 lici-

78 1165 162 1226 raudu
181 1165 349 1228 confessio.
365 1165 544 1246 Praecipuus
558 1172 665 1230 autem
689 1187 781 1232 casus
795 1169 853 1232 ite·
906 1170 974 1228 tum
996 1185 1064 1230 esse
1087 1168 1274 1248 intelligens,
1296 1169 1374 1232 illud
1401 1172 1529 1253 impune
1553 1173 1703 1252 deinceps

78 1253 167 1316 raude
179 1255 383 1320 confessionis
398 1255 438 1316 ad
452 1255 605 1336 majorem
619 1256 720 1336 ipsius
736 1257 854 1320 utilita-
909 1255 1056 1318 admittat
1073 1275 1079 1316 :
1097 1274 1159 1337 que
1174 1257 1238 1334 fiat,
1250 1262 1294 1334 ut,
1311 1260 1385 1339 quia
1399 1280 1450 1323 res
1463 1280 1521 1341 per
1534 1281 1567 1322 se
1581 1261 1704 1323 lubrico

78 1345 129 1402 lero
141 1341 187 1404 bic
198 1342 345 1424 subjicio.
359 1346 388 1406 l.
401 1343 537 1423 Scilicet,
549 1345 664 1407 eumin
680 1345 852 1424 poenitente
908 1349 1000 1404 estet
1014 1344 1200 1423 periculosa,
1223 1345 1346 1424 longius
1361 1349 1581 1428 progrediatur
1606 1367 1702 1430 quam

78 1428 174 1492 deiecit
194 1431 393 1510 propositum
413 1431 590 1493 abstinendi
613 1451 634 1493 a
656 1437 797 1510 peccato.
820 1437 849 1496 ᾖ.
907 1432 1020 1510 parsit
1038 1435 1069 1494 et
1082 1432 1114 1493 in
1129 1433 1239 1512 grevia
1254 1435 1370 1498 sensim
1385 1438 1517 1500 crimina
1530 1439 1699 1501 dilabatur.

77 1517 141 1578 Cum
152 1534 187 1576 ex
199 1517 373 1580 intentione
383 1518 510 1598 aliquod
525 1523 691 1598 peccatum
701 1521 852 1582 omissum
907 1521 988 1578 'lum
1012 1519 1096 1580 euim
1120 1521 1219 1584 multo
1241 1522 1337 1584 satius
1359 1530 1407 1587 est
1420 1526 1541 1588 silentio
1557 1525 1703 1588 dissimu-

78 1608 116 1666 est
131 1603 384 1670 iuGonlessioue.
400 1610 430 1669 3.
447 1609 525 1670 Cum
540 1608 773 1670 Confessarium
788 1628 851 1672 non
906 1607 971 1668 lare
1000 1625 1095 1687 quam
1130 1608 1162 1668 iu
1192 1627 1289 1688 greve
1318 1614 1450 1678 errantis
1480 1615 1702 1678 detrimentum

79 1689 205 1753 habuisse
245 1698 436 1774 potestatem
477 1695 660 1757 absolvendi
702 1701 848 1759 constat:
905 1695 1107 1756 manifestere
1122 1715 1273 1758 errorem.

79 1779 149 1858 quod
169 1781 336 1860 accideret,
359 1783 385 1844 si
410 1801 472 1845 uon
487 1803 555 1844 esse
577 1783 784 1862 sacerdotem,
801 1786 852 1847 uel
946 1786 976 1842 2.
994 1781 1025 1843 Si
1041 1781 1197 1860 poenitens
1211 1787 1365 1846 nocenter
1378 1785 1504 1866 ignoret
1517 1788 1589 1850 lacti
1605 1789 1703 1850 elicu-

80 1883 130 1926 uou
149 1867 292 1931 habuisse
315 1869 583 1947 iurisdictionem,
606 1870 656 1931 vel
680 1875 764 1933 certe
788 1891 852 1935 uou
902 1871 955 1952 jus
969 1869 1214 1948 improbitatem,
1232 1872 1317 1950 qood
1333 1879 1503 1954 propterea
1523 1877 1703 1957 frequenter

79 1953 135 2034 ejus
152 1974 248 2033 usum,
266 1962 397 2038 propter
418 1957 781 2019 Excommuuicationem
796 1977 851 2037 pu·
906 1959 1072 2020 admittere
1091 1976 1154 2019 nou
1176 1958 1307 2038 dubitet,
1332 1962 1509 2042 cujusmodi
1531 1971 1604 2028 sunt
1617 1985 1647 2028 v.
1667 1985 1699 2046 g.

78 2039 217 2120 blieatam,
228 2043 280 2104 vel
289 2043 539 2122 suspensionem,
551 2047 720 2106 constaret.
732 2048 761 2104 t.
774 2046 852 2107 Cum
906 2046 1040 2108 usurarii
1059 2051 1249 2123 contractus,
1265 2048 1298 2108 in
1323 2051 1437 2132 quibus
1451 2054 1529 2115 uihil
1552 2054 1702 2136 iniquita-

79 2132 192 2207 uoustat,
207 2131 323 2192 mentis
342 2133 519 2210 compotem
533 2148 595 2192 nou
616 2131 710 2192 fuisse
725 2131 853 2192 Gentes·
906 2135 957 2212 tis,
974 2134 1030 2197 sed
1044 2135 1138 2213 culpa
1152 2153 1210 2197 sua
1225 2135 1453 2215 deprehendit:
1470 2143 1565 2204 debet
1578 2144 1703 2206 Confes-

79 2215 189 2294 sarium,
204 2220 254 2281 rel
279 2219 415 2280 uoluisse
435 2219 655 2280 absolveret.
674 2219 707 2282 Si
725 2222 853 2282 omnino
907 2222 1008 2284 serius
1023 2221 1104 2284 bauo
1117 2221 1328 2302 ignorantiam
1348 2226 1517 2306 depellere.
1535 2229 1699 2303 Probatur,

79 2304 208 2384 ignoraus
222 2306 282 2368 luit
296 2307 461 2385 Sacerdos,
478 2307 558 2369 adeo
573 2311 608 2369 ut
621 2326 685 2387 quo
697 2308 799 2371 forma
813 2308 854 2369 ad
909 2310 983 2392 quie
1003 2327 1075 2372 cum
1101 2315 1210 2389 peccet
1232 2311 1337 2392 reipsa
1362 2317 1533 2396 poenitens,
1560 2321 1701 2399 quaudiu

80 2393 288 2456 absolvendum
312 2396 356 2458 uti
381 2395 521 2472 deberet,
544 2397 689 2474 nesciret,
713 2398 763 2459 vel
787 2415 854 2458 ser·
908 2396 940 2457 iu
968 2397 1144 2477 ignorantia
1172 2417 1229 2459 sua
1256 2407 1456 2484 perseverat,
1487 2406 1548 2468 boe
1575 2407 1701 2488 ipsese

79 2499 188 2544 monem
200 2483 382 2564 poenitentis
400 2501 464 2545 nou
479 2483 642 2545 intellexit.
659 2487 688 2546 6.
707 2483 740 2547 Si
755 2483 854 2564 poeui-
908 2485 1072 2565 indignum
1095 2485 1222 2548 exhibet
1243 2487 1439 2553 absolutionc
1463 2499 1495 2554 et
1514 2495 1702 2557 Sacramen-

79 2571 136 2630 tens
155 2569 412 2650 impedimentum
434 2570 555 2646 habuit,
583 2575 618 2632 ut
642 2571 854 2632 excommuni-
907 2572 962 2632 tali
977 2571 1090 2650 gratia.
1107 2572 1199 2634 Gravi
1215 2573 1310 2653 igitur
1333 2577 1463 2641 crimine
1488 2581 1654 2662 obstringit
1667 2601 1700 2644 se

80 2657 202 2720 cationis.
219 2659 309 2722 Multi
331 2659 453 2720 addunt
475 2659 655 2738 septimum,
681 2659 713 2720 id
735 2666 792 2736 est,
814 2659 854 2720 ob
909 2659 1132 2738 confessarius,
1148 2661 1173 2722 si
1187 2661 1274 2740 prius
1288 2681 1351 2725 uon
1366 2667 1519 2730 monitum
1534 2670 1584 2730 vel
1599 2670 1701 2732 obsol-

79 2746 279 2823 poeuiteutiam
302 2765 340 2807 ex
364 2751 546 2825 contemptu
568 2747 617 2808 vel
641 2747 740 2808 nimio
755 2746 855 2827 negli-
909 2753 986 2826 vat,
1017 2749 1066 2810 vel
1094 2753 1209 2829 negato
1235 2751 1432 2816 absolutione
1465 2756 1612 2820 dimittet.
1642 2760 1700 2820 llic

80 2834 171 2912 gentio
192 2835 352 2912 omissam,
370 2834 459 2915 cujus
479 2833 635 2914 poenitens
657 2834 771 2897 oblitus
795 2839 851 2897 est.

80 2923 194 3002 Propter
206 2923 267 2984 hoe
280 2927 386 2985 tamen
401 2923 545 2984 ultimum
559 2922 674 2984 iterare
689 2923 793 3002 potius
807 2942 854 2985 se-

81 3019 203 3081 curitatis
216 3037 313 3100 quam
327 3018 521 3080 necessitatis
535 3024 593 3081 est.

112 3109 139 3169 6.
154 3107 236 3170 Scire
250 3107 347 3170 etiem
360 3110 484 3169 tenetur
498 3106 724 3185 Confessarius,
742 3127 855 3188 quous·

81 3211 132 3274 que
144 3212 174 3255 se
188 3194 335 3256 extendet
348 3197 486 3273 potestas
500 3193 528 3254 ei
550 3211 708 3256 concessa.
726 3197 784 3267 Oui
800 3215 856 3258 au-

81 3289 136 3343 tem
147 3301 206 3345 uon
229 3303 267 3345 ex
285 3282 476 3361 obedientia,
493 3281 602 3344 sodex
624 3300 682 3344 sua
695 3282 855 3346 voluntate

82 3388 110 3432 se
129 3373 212 3434 effert
233 3370 275 3432 ad
289 3369 463 3432 audiendas
483 3369 710 3448 confessiones,
727 3370 780 3431 ubi
803 3370 857 3432 alii

82 3459 239 3536 presertim
260 3457 366 3520 idonei
388 3475 451 3518 nou
475 3457 599 3535 desunt,
616 3457 699 3519 illius
722 3459 858 3521 iustrue-

910 2841 1016 2900 tameu
1043 2837 1193 2898 audiendi
1218 2857 1280 2900 non
1304 2845 1377 2904 suut
1397 2849 1540 2906 auctores
1566 2846 1623 2924 illi,
1646 2847 1699 2927 qui

909 2923 1476 3008 detenduntConfessariumprestare
1485 2932 1599 2995 debere
1614 2933 1700 2996 dam-

910 3033 952 3076 na
966 3013 1081 3091 omnia,
1098 3033 1167 3095 quse
1181 3017 1271 3078 alteri
1293 3019 1440 3082 accidunt
1462 3039 1500 3082 ex
1515 3023 1631 3086 omissa
1644 3025 1702 3086 ed-

909 3102 1081 3166 mouitioue
1108 3104 1139 3164 in
1167 3123 1201 3165 re
1230 3104 1272 3166 illi
1296 3107 1495 3184 perniciosa:
1522 3130 1552 3173 v.
1569 3130 1601 3190 g.
1628 3131 1701 3174 cum

910 3190 1003 3252 debet
1023 3193 1176 3271 poenitens
1199 3192 1317 3273 aliquid
1343 3195 1518 3274 restituere,
1542 3199 1575 3260 id
1594 3204 1700 3262 tamen

910 3280 1035 3358 ignoret
1057 3299 1115 3342 nee
1137 3299 1208 3343 euru
1228 3282 1343 3349 edocet
1364 3284 1588 3350 confessarius.
1610 3288 1700 3350 Ratio

911 3368 1046 3449 estquis
1069 3369 1263 3432 Sacrameuti
1287 3370 1427 3434 Minister
1445 3391 1484 3434 cx
1498 3373 1600 3437 officio
1616 3374 1701 3457 quod

911 3457 1014 3537 gerit,
1044 3459 1168 3518 tenetur
1195 3457 1322 3537 quidem
1349 3458 1419 3538 lege
1447 3460 1580 3523 lustitia
1608 3463 1701 3526 saluti

83 3546 134 3608 tior
152 3547 280 3610 seientia
302 3565 370 3608 esse
394 3546 497 3608 debet.
515 3545 573 3617 Oui
597 3549 703 3607 autern
717 3546 852 3624 dubitat,

82 3651 116 3694 au
133 3635 169 3696 sit
185 3634 336 3710 idoneus,
359 3631 385 3694 si
404 3632 432 3693 ei
455 3631 660 3712 imponitura
679 3634 854 3714 superiore,
884 3643 892 3656 “

81 3717 219 3802 intrepide
233 3719 371 3783 obediat.
908 3723 1016 3782 tanum
1030 3740 1050 3782 a
1062 3720 1233 3798 poenitente
1248 3721 1468 3801 interrogatus,
1481 3742 1521 3785 au
1536 3725 1700 3788 restituere

116 3809 214 3885 Queat.
235 3814 268 3872 2.
293 3843 334 3858 -
358 3807 430 3884 Quo
454 3807 652 3889 Consemonbe
680 3817 713 3870 ot
735 3809 853 3880 Ductor,
910 3807 1034 3875 debeat.
1055 3807 1087 3869 id
1106 3807 1172 3887 ipse
1192 3827 1359 3893 perperam
1382 3815 1487 3892 negat,
1504 3829 1559 3876 seu
1582 3830 1620 3874 ex
1634 3816 1701 3875 oul-

76 3900 242 3977 poeniteutem
255 3897 410 3960 cenom
421 3905 450 3958 et
463 3895 579 3958 edocere
591 3895 716 3958 oeten?
910 3898 985 3973 pata
998 3894 1185 3974 ignorantia,
1211 3915 1266 3956 seu
1287 3914 1325 3956 ex
1340 3897 1547 3966 determinata
1566 3901 1697 3979 mditie,

113 3991 198 4069 llcsp.
213 4006 301 4070 seqq.
318 3991 348 4050 l.
365 3989 443 4050 Cum
457 3985 613 4065 poenitens
636 4005 694 4065 per
716 4004 856 4048 errorem
906 3989 976 4046 tum
991 3984 1118 4064 quodem
1132 4003 1204 4048 cum
1219 4002 1313 4062 opere
1336 4003 1393 4048 suo
1411 3983 1443 4046 in
1462 3985 1610 4066 iujuriam
1625 4005 1701 4053 con-

78 4077 218 4140 existimat
238 4077 359 4138 lactum
390 4074 519 4154 aliquod
551 4092 619 4135 esse
643 4075 851 4152 prohibitum,
905 4080 1015 4135 currat
1028 4073 1147 4136 illatam
1159 4071 1260 4148 alteri,
1277 4073 1428 4138 damnum
1443 4077 1593 4138 resarcire
1609 4095 1700 4156 coge·

78 4165 152 4244 quod
165 4166 266 4246 reipsa
284 4164 406 4227 licitum
420 4165 477 4240 est,
496 4163 591 4224 debet
604 4181 643 4224 ex
656 4163 758 4226 officio
773 4165 853 4226 Geu-
906 4165 971 4238 tur,
993 4164 1029 4223 ut
1052 4160 1154 4241 quivis
1177 4159 1256 4225 alius
1275 4162 1401 4237 Doctor,
1432 4161 1485 4242 qui
1512 4163 1699 4240 parimodo

79 4253 211 4316 fossarius
232 4251 413 4334 hujusmodi
437 4269 543 4313 errore
570 4251 778 4330 poenitentem
801 4270 852 4312 ex·
907 4249 1129 4328 interrogatus,
1146 4265 1208 4310 uon
1230 4264 1299 4308 esse
1318 4247 1547 4312 restituendum
1561 4266 1701 4327 pronun-

78 4339 185 4404 soluera
207 4360 216 4416 3
240 4340 326 4403 idem
350 4342 397 4401 ast
420 4338 460 4400 de
488 4337 571 4400 facto
595 4357 658 4400 nou
681 4342 852 4418 praecepto.
904 4338 1016 4398 cieret.
1038 4341 1081 4400 At
1102 4335 1128 4397 si
1151 4334 1228 4396 nihil
1246 4334 1419 4414 interroget
1439 4337 1607 4415 poenitens,
1632 4337 1699 4416 ipse

81 4428 220 4508 moto,
237 4428 313 4510 quia
334 4445 406 4490 oum
420 4445 509 4488 error
530 4426 582 4488 illo
597 4426 709 4488 noxius
728 4427 769 4490 sit
791 4444 854 4507 pte·
906 4429 1014 4486 tamen
1029 4421 1242 4486 Goulessarius
1256 4439 1329 4485 eum
1343 4440 1411 4484 esse
1432 4441 1495 4484 aare
1514 4424 1627 4502 alieno,
1645 4426 1700 4488 sed

80 4518 174 4582 uitemi
188 4519 247 4600 (est
269 4517 354 4578 euim
376 4516 546 4578 multarum
570 4517 735 4595 culparum
758 4533 854 4578 cause
909 4512 1077 4576 inscienter
1101 4510 1275 4590 obligatum
1300 4510 1489 4591 intelligens,
1510 4511 1550 4574 de
1576 4513 1701 4576 restibu-

79 4605 238 4670 rslseltom
253 4602 401 4684 occasio),
418 4603 468 4664 huc
482 4602 804 4682 culpeeconlesserio,
828 4601 854 4663 si
907 4602 992 4665 bone
1014 4619 1078 4664 nou
1101 4601 1287 4671 admoneet;
1312 4599 1454 4677 peccabit
1474 4600 1603 4680 quidem
1625 4605 1700 4664 tunc

78 4692 329 4772 crassamento
343 4689 580 4753 adscribentur:
598 4691 855 4771 quandoquidem
907 4696 1019 4752 coutm
1041 4687 1202 4752 charitatis
1223 4687 1336 4766 legem,
1360 4691 1392 4748 at
1414 4703 1477 4748 nou
1500 4687 1577 4750 item
1591 4692 1702 4750 coutra

79 4781 113 4842 ad
124 4781 325 4846 eumaocedit
336 4780 493 4861 poenitens
517 4782 549 4840 ct
568 4797 665 4841 noxas
688 4778 784 4840 animi
799 4777 855 4839 de·
905 4775 1071 4859 justitiam,
1088 4776 1129 4839 ob
1142 4775 1298 4840 rationem
1310 4792 1384 4838 mou
1398 4774 1536 4840 allatam.

75 4870 154 4950 tegit,
168 4889 228 4934 nou
241 4867 586 4945 utabsolvaturmodo,
600 4867 657 4930 sed
672 4867 767 4929 etiem
782 4885 854 4929 oum
947 4870 977 4930 3.
1008 4865 1249 4944 Qualiscumque
1286 4863 1414 4926 demum
1451 4862 1492 4926 sit
1519 4862 1701 4941 poenitentis

77 4965 152 5022 errat
163 4961 193 5022 in
204 4960 257 5022 via
269 4957 389 5034 solutis,
406 4960 526 5019 rectum
541 4956 573 5017 iu
583 4956 746 5020 tramitem
761 4955 854 5017 redu·
906 4953 1099 5034 ignorantie,
1116 4952 1142 5012 si
1164 4951 1278 5012 dubios
1302 4949 1341 5011 de
1361 4968 1396 5010 re
1411 4950 1516 5029 eliqua
1529 4949 1702 5030 interroget

77 5051 173 5124 estun
194 5047 367 5129 praesertim
394 5063 467 5106 eum
494 5045 664 5125 saepissime
689 5045 792 5107 nullus
814 5043 855 5104 sit
908 5041 1153 5116 confessarium,
1170 5038 1264 5101 debet
1278 5039 1304 5099 is
1318 5039 1482 5100 ueritatem
1505 5037 1548 5100 illi
1567 5037 1700 5099 candide

79 5134 157 5212 ebus,
175 5137 227 5218 qui
254 5135 337 5198 bauo
359 5133 387 5198 ei
411 5131 546 5213 gratiam
569 5136 719 5214 praetere
743 5130 851 5213 possit.
909 5130 1042 5212 aperire.
1065 5127 1228 5204 Probatur,
1258 5127 1333 5206 quia
1359 5126 1419 5187 hoc
1442 5125 1577 5188 ochum
1598 5125 1698 5188 illiciti

79 5221 130 5285 via
143 5224 227 5288 euim
247 5222 415 5306 quisquam
437 5225 552 5302 prater
569 5221 799 5284 confessarium
819 5219 856 5280 il·
908 5238 965 5298 per
979 5236 1011 5278 se
1026 5216 1099 5278 faeti
1119 5214 1272 5278 malitiam
1291 5232 1357 5276 uon
1379 5217 1526 5274 amovet:
1549 5213 1602 5292 qui
1615 5211 1702 5274 euim

79 5309 131 5372 iius
146 5313 371 5392 errorispoleet
388 5330 456 5374 esse
471 5311 634 5383 conscius;
652 5327 746 5390 quem
768 5325 855 5370 erro-
909 5305 975 5385 agit
998 5304 1073 5365 dnm
1095 5303 1226 5378 dubitat,
1252 5301 1331 5364 sitne
1355 5301 1437 5362 actio
1460 5299 1556 5377 licite,
1579 5317 1698 5377 necne,
1777 5347 1783 5361 .

80 5415 139 5461 ren
155 5405 321 5481 prepterea
341 5400 519 5480 approbare
543 5417 580 5460 ac
604 5399 792 5461 continuare
815 5397 855 5457 si·
906 5397 1038 5473 peceato
1052 5411 1086 5454 se
1101 5392 1204 5470 reipsa
1218 5389 1403 5469 obstringit:
1424 5389 1581 5486 poenitens
1594 5391 1700 5450 autem

79 5485 163 5552 teatio
183 5507 237 5554 suo
251 5487 422 5552 uideretur.
909 5479 1096 5543 confessarii
1111 5479 1233 5540 silentio
1248 5481 1304 5540 aut
1318 5475 1564 5538 dissimulatione
1586 5490 1701 5553 apprc-

910 3545 1089 3624 poeniteutis
1105 3546 1277 3622 consulere,
1298 3546 1433 3608 aliorum
1453 3554 1560 3610 tamen
1576 3554 1700 3630 tempo-

910 3633 969 3694 rali
989 3632 1154 3694 commodo
1178 3632 1302 3694 nonnisi
1325 3635 1454 3716 exlege
1478 3637 1650 3700 charitatis.
1668 3639 1699 3702 Si
