3986 6350
611 557 663 626 DE
684 557 848 630 uraldus
870 558 1138 632 CONFESSARII.

83 749 152 816 lunii
167 752 252 829 loll,
270 756 302 813 et
314 768 372 832 per
387 769 566 832 expressam
586 752 854 829 Constitutionem,

1643 565 1702 639 lte

909 756 997 816 sente
1016 772 1073 834 per
1092 753 1296 834 interpretem
1319 757 1517 836 praesentem.
1542 759 1574 823 si
1599 763 1704 824 nullus

84 860 140 922 que
174 845 218 902 est
250 843 289 902 85
318 840 402 920 apud
430 841 665 919 Cherubinum,
694 843 857 905 mandavit
910 843 1000 904 adest
1013 847 1128 922 praeter
1153 845 1354 906 Sacerdotem
1376 851 1408 907 et
1428 847 1587 910 infirmum
1606 853 1705 912 sensi-

84 930 234 992 obscrvari.
251 930 389 1010 Ideoque
403 930 531 992 Jooaaes
552 931 682 992 Saricha:
698 932 744 1011 (ut
761 932 857 994 refert
909 929 970 991 hus
984 931 1180 1008 destItutum,
1193 931 1260 1012 jam
1272 933 1424 995 Sacerdos
1438 935 1490 1015 qui
1502 941 1632 1000 vocatus
1645 943 1702 1018 est,

82 1017 167 1100 liupo)
189 1017 263 1079 dicit
283 1018 365 1080 hano
379 1019 568 1081 sententiam
583 1039 650 1080 esee
665 1020 730 1080 fere
745 1019 856 1080 defini-

82 1108 134 1167 tam
148 1125 165 1166 a
179 1105 232 1168 SS.
250 1104 440 1167 Canonibus.

114 1193 240 1275 Odjirr'es.
257 1195 401 1256 Clemens
413 1197 481 1257 VIII
501 1195 663 1256 damnavit
684 1194 854 1258 ConfeseIo-

82 1301 140 1344 uem
152 1283 262 1344 factam
278 1281 411 1359 absenti,
425 1281 490 1344 eive
506 1301 562 1361 per
575 1282 706 1360 litteras,
718 1283 783 1344 eive
797 1303 855 1364 por

81 1369 307 1444 iuteruuntium;
329 1375 361 1432 et
375 1370 604 1432 absolutIonem
619 1371 725 1433 datam
740 1373 779 1433 ab
798 1373 855 1434 ab·

81 1465 152 1520 sente
166 1459 295 1520 absenti
313 1460 375 1521 Sed
390 1459 608 1536 MoribuuduS,
626 1460 679 1540 qui
690 1460 783 1540 jussit
797 1462 854 1525 Sa-

82 1547 221 1610 cerdotem
235 1547 401 1608 absentem
414 1547 535 1624 vocari,
552 1551 584 1608 et
598 1548 775 1610 advenienti
787 1549 855 1628 jam

82 1636 222 1698 Sacerdoti
237 1634 358 1696 nullum
372 1639 475 1714 potest
490 1635 617 1714 signum
632 1636 719 1712 dare,
736 1637 853 1697 coales-

81 1743 122 1786 sus
135 1729 177 1787 est
189 1725 321 1786 absenti.
338 1725 421 1802 Ergo
434 1741 496 1785 nou
508 1723 582 1785 licet
592 1742 665 1785 oum
678 1723 851 1786 absolvero.

111 1812 304 1892 despondeo:
323 1813 351 1872 l.
375 1811 465 1884 Quod
481 1809 648 1872 assertioni
663 1815 775 1873 nostree
791 1829 853 1872 non

82 1899 165 1961 obstet
186 1903 351 1962 Decretum
375 1899 543 1963 Clementis
568 1901 648 1961 Vlll.
675 1902 753 1960 Nam
777 1893 854 1960 nihil

82 1987 142 2050 dicit
154 1993 259 2049 contra
272 1987 505 2049 Confessiouem
521 1987 552 2048 in
567 1986 710 2048 absentia
724 1987 851 2064 factam,

82 2074 231 2136 dummodo
246 2073 286 2136 sit
300 2074 445 2136 ordinata
455 2074 495 2135 ad
507 2073 737 2135 absolutionem
747 2093 766 2135 e
776 2093 853 2154 pree·

82 2168 152 2223 sente
173 2161 362 2225 habendam.
386 2164 541 2235 Ouaenam
564 2165 669 2224 autem
691 2161 750 2222 hac
769 2161 800 2221 in
820 2181 853 2222 re

83 2249 188 2310 Summi
207 2250 363 2312 Pontificis
386 2269 476 2311 mene
491 2251 595 2328 fuerit,
620 2253 709 2328 patet
732 2267 770 2310 ex
794 2268 851 2328 eo,

82 2337 151 2416 quod
168 2337 231 2416 ipse
254 2337 397 2399 Clemens
411 2339 622 2418 interrogatus
638 2337 677 2398 de
692 2336 855 2399 moribun-

83 2424 123 2503 do,
137 2424 185 2505 qui
199 2430 268 2504 post
282 2425 444 2505 premissa
463 2425 655 2505 paenitentiae
675 2425 776 2504 sigua,
793 2427 855 2488 eal-

81 2517 189 2594 temque
210 2520 375 2594 postquam
395 2515 490 2595 jussit
508 2514 616 2576 vocari
639 2515 851 2592 Sacerdotem,

81 2600 166 2664 subito
185 2602 353 2680 obmutuit,
384 2605 509 2664 essetne
532 2602 765 2664 absolvendus?
792 2621 854 2664 ree-

81 2689 173 2767 poudit
186 2709 217 2752 se
232 2691 315 2753 hunc
331 2695 481 2753 eventum
503 2710 522 2752 a
546 2692 577 2752 S.
594 2693 698 2752 Leone
713 2691 855 2770 proposi-

82 2789 135 2846 tum
147 2797 205 2841 uon
219 2781 388 2844 intendisse
402 2780 673 2860 comprehendere
684 2779 715 2840 in
726 2798 782 2841 suo
797 2781 855 2840 De-

81 2875 163 2949 creta,
177 2873 207 2932 et
223 2871 319 2933 talem
341 2869 567 2931 moribundum
590 2867 717 2930 omnino
739 2868 853 2930 debere

81 2961 182 3022 absolvi
197 2979 215 3020 a
230 2958 411 3034 Sacerdote,
426 2975 498 3018 cum
508 2956 641 3034 venerii,
654 2975 749 3034 seque
764 2957 788 3018 si
805 2975 855 3019 oc-

80 3052 149 3111 casIo
163 3067 193 3110 se
207 3048 307 3116 daret,
320 3045 550 3108 absolutionem
563 3045 790 3123 impensurum.
807 3047 854 3107 Ita

80 3137 257 3216 respondisse
273 3137 476 3211 Clementem,
492 3132 596 3195 testati
617 3135 691 3193 suut
705 3133 855 3196 Cardine-

79 3223 109 3286 lis
118 3224 316 3288 bellarminus
336 3227 366 3284 et
387 3221 499 3284 Petrus
513 3219 711 3282 Lomhardus
725 3221 855 3283 Arclrie-

80 3313 206 3394 piscopos
222 3317 428 3389 Armacanus,
445 3313 553 3374 Testes
568 3309 653 3371 omni
673 3311 853 3390 exceptione

80 3401 208 3482 majores,
221 3419 355 3483 quorum
369 3403 502 3478 uterque
513 3398 545 3458 id
555 3402 687 3474 testatus
697 3403 744 3458 est
757 3401 855 3460 Fran-

80 3487 148 3550 cisco
162 3489 348 3556 Florentino,
366 3492 397 3550 et
414 3485 578 3548 Leonardo
593 3485 700 3546 Lessio
716 3485 854 3548 Societa-

80 3573 112 3635 lie
123 3577 201 3656 Iesu,
217 3594 287 3637 cum
303 3578 410 3636 ltomae
434 3579 548 3650 esseut,
565 3577 597 3633 et
617 3572 734 3652 scripto
759 3573 854 3635 etiam

79 3679 160 3723 manu
182 3683 235 3726 sua
258 3662 423 3742 obsignato
444 3660 477 3722 id
503 3659 654 3722 firmavit.
680 3663 853 3741 Posteaque

81 3751 254 3814 Armacaaus
269 3750 407 3813 Antistee
431 3749 532 3811 simile
554 3748 716 3827 scriptum,
734 3767 795 3828 quo
815 3749 854 3809 de

79 3855 211 3918 responso
223 3841 276 3901 illo
296 3837 465 3902 Clementis
485 3840 629 3912 testatur,
652 3835 737 3898 misit
757 3837 853 3898 Lova-

79 3926 153 3986 nium
174 3927 212 3988 ad
236 3927 357 4006 aliquos
379 3926 461 3986 illiue
485 3923 665 3985 Academiae
691 3924 850 3984 Doctores.

911 1023 943 1080 et
958 1020 1073 1081 certior
1086 1021 1186 1082 factus
1201 1022 1240 1081 de
1255 1023 1414 1084 voluntate
1425 1023 1538 1084 infirmi
1550 1027 1589 1087 ab
1600 1043 1637 1087 eo
1648 1046 1705 1107 per

910 1123 1004 1184 quem
1016 1109 1145 1166 vocatus
1156 1111 1220 1167 eet:
1235 1109 1399 1186 Sacerdos,
1412 1111 1552 1191 iuquam,
1566 1131 1704 1191 praeseue

910 1193 1024 1271 excipit
1047 1194 1279 1256 Confessionem
1302 1199 1476 1275 presentie.
1504 1202 1570 1273 Quo
1599 1201 1700 1280 signo,

908 1280 1063 1362 inquies?
1094 1283 1190 1362 Signo
1214 1284 1403 1348 infirmitatis
1426 1293 1584 1350 extremae.
1611 1289 1705 1352 Videt

909 1369 992 1430 enim
1012 1371 1166 1432 Sacerdos
1181 1391 1319 1451 praseae
1338 1375 1447 1454 aegroti
1469 1377 1634 1454 praesentis
1648 1395 1706 1438 vo-

907 1457 1145 1532 luntatem;eibi
1156 1461 1249 1538 paulo
1260 1462 1463 1540 antejabsenti
1475 1463 1704 1526 manifestatam

907 1543 994 1606 videt
1010 1545 1161 1628 (inquam)
1177 1548 1459 1612 hancvoluntatem
1471 1552 1501 1612 in
1512 1553 1588 1632 ipsa
1595 1553 1705 1633 aegroti

909 1633 1049 1712 oppressi
1086 1635 1265 1698 infirmitate
1308 1639 1469 1700 moraliter
1489 1629 1705 1718 'perseveran-

908 1725 982 1783 tem.
1006 1723 1095 1786 Unde
1116 1729 1219 1803 potest
1242 1744 1278 1786 ac
1300 1727 1394 1788 dehet
1416 1727 1505 1788 illum
1526 1729 1702 1807 absolvere,

909 1810 1019 1871 saltem
1034 1811 1092 1873 suh
1108 1812 1286 1874 conditione
1300 1833 1307 1886 ;
1324 1815 1352 1895 si¹
1364 1819 1470 1877 tamen
1486 1817 1641 1878 Sacerdos
1655 1817 1702 1878 vi-

909 1897 982 1958 deat
996 1902 1150 1978 aegrotum
1165 1919 1227 1961 non
1249 1920 1341 1981 pesse
1363 1903 1489 1982 signum
1513 1903 1597 1965 aliud
1613 1905 1702 1966 dare.

909 1987 988 2046 Nam
1003 1985 1028 2046 si
1044 1991 1150 2066 posset
1164 1991 1194 2050 et
1209 2007 1270 2049 nou
1287 1991 1396 2052 daret:
1414 1991 1438 2051 si
1454 2011 1484 2052 v.
1498 2011 1528 2072 g.
1541 2011 1633 2053 usum
1647 1993 1705 2053 lin-

908 2093 978 2153 guar
993 2078 1218 2154 recuperasset,
1236 2077 1376 2155 profecto
1396 2079 1555 2141 silentium
1571 2079 1638 2160 ejus
1656 2099 1703 2142 ee-

908 2167 956 2224 set
969 2163 1095 2242 signum
1115 2164 1284 2226 voluntatis
1298 2170 1438 2228 mutata.
1457 2168 1519 2230 Sed
1535 2169 1561 2228 si
1576 2168 1705 2230 morbus

909 2250 1075 2313 invaluerit
1089 2251 1133 2313 ita
1154 2256 1188 2313 ut
1209 2252 1350 2314 infirmus
1372 2255 1491 2315 nullum
1515 2256 1613 2335 possit
1628 2256 1704 2317 dare

909 2338 1034 2418 signum
1058 2339 1204 2418 speciale,
1230 2339 1299 2420 ipsa
1328 2342 1430 2403 morbi
1454 2343 1706 2422 ingravescentia

908 2431 1040 2488 testatur
1066 2445 1127 2487 non
1156 2431 1366 2491 retractatum
1394 2429 1489 2491 fuisse
1513 2431 1704 2493 desiderium

909 2515 1039 2584 remedii
1064 2516 1229 2577 necessarii
1253 2518 1347 2596 paulo
1372 2523 1445 2580 ante
1469 2519 1701 2598 significatum

909 2623 946 2666 ac
969 2604 1099 2683 proinde
1124 2605 1200 2665 nihil
1225 2611 1272 2667 eet
1300 2625 1403 2668 causae
1430 2626 1487 2669 cur
1509 2607 1703 2669 ahsolutIone

909 2692 1059 2772 privetur.
1085 2693 1174 2753 Ratio
1190 2697 1245 2770 est,
1269 2694 1343 2774 quia
1366 2695 1573 2773 probabiliter
1588 2713 1704 2774 praesu·

908 2779 1004 2842 mitur
1018 2799 1085 2841 esse
1100 2781 1278 2860 dispositae,
1292 2801 1368 2862 ergo
1383 2783 1433 2843 lex
1450 2783 1612 2845 charltatie
1627 2782 1704 2844 obli-

908 2872 964 2947 gat
976 2869 1216 2946 confessarium,
1234 2875 1269 2930 ut
1287 2871 1432 2949 proximo
1448 2871 1479 2931 in
1495 2876 1634 2933 extrema
1649 2889 1704 2931 ne·

909 2957 1052 3020 cessitate
1076 2957 1243 3018 constituto
1271 2958 1456 3036 subveniat,
1481 2959 1561 3020 sicut
1587 2963 1701 3038 potest.

909 3047 973 3106 Nec
992 3044 1062 3105 ideo
1084 3046 1138 3106 liet
1160 3044 1365 3107 irreverentia
1379 3041 1602 3120 Sacrament03
1630 3063 1703 3108 nam

910 3135 1113 3195 Sacramenta
1135 3137 1208 3193 sunt
1228 3130 1372 3194 instItuta
1394 3134 1436 3194 ad
1455 3135 1587 3194 salutem
1602 3133 1703 3195 homi·

908 3237 995 3296 num,
1012 3237 1086 3298 ergo
1102 3236 1163 3280 non
1179 3221 1228 3280 est
1240 3223 1350 3280 contra
1360 3238 1468 3281 eorum
1480 3220 1701 3296 reverentiam,

908 3308 964 3370 eed
988 3307 1122 3369 maxime
1147 3313 1194 3368 eet
1216 3307 1390 3369 secuudum
1414 3327 1524 3370 eorum
1546 3310 1653 3384 finem,
1677 3309 1702 3369 si

908 3401 1002 3477 prout
1015 3399 1145 3475 possunt
1159 3397 1372 3474 conferantur,
1390 3397 1444 3457 ubi
1467 3401 1606 3459 extreme
1621 3397 1704 3476 peri-

909 3485 1033 3546 clitatur
1047 3485 1131 3545 salus
1149 3483 1296 3546 hominis.
1315 3485 1434 3546 Deinde
1450 3490 1485 3548 ut
1500 3485 1634 3565 proximi
1649 3505 1705 3546 ne-

909 3573 1037 3635 cessitas
1057 3577 1186 3635 excusat
1209 3573 1249 3634 ab
1273 3573 1488 3652 irreverentia,
1504 3574 1549 3636 ita
1568 3575 1704 3637 conditio

909 3662 1008 3724 salvat
1022 3660 1231 3722 reverentiam
1246 3661 1458 3736 Sacramenti;
1472 3662 1497 3722 si
1513 3663 1597 3723 enim
1611 3663 1704 3724 mori·

907 3751 1033 3813 buudus
1048 3768 1110 3811 nun
1132 3749 1172 3812 eit
1195 3768 1306 3828 capax,
1324 3769 1386 3811 nou
1401 3752 1437 3812 ut
1452 3753 1701 3812 Sacramentum.

948 3841 977 3900 3.
994 3837 1122 3900 Etiamsi
1142 3841 1237 3899 testes
1259 3838 1290 3898 in
1315 3837 1459 3899 absentia
1480 3839 1594 3899 infirmi
1611 3857 1703 3918 expo-

909 3932 985 3988 nant
998 3921 1194 3987 Confessario
1210 3925 1404 4004 poenitentia
1420 3926 1511 4005 signa
1525 3927 1565 3987 ah
1581 3927 1633 3987 illo
1648 3927 1704 3987 da·

79 4015 154 4086 Cuod
168 4015 289 4096 quidem
309 4015 467 4094 scriptum
488 4012 643 4074 verbatim
659 4012 754 4072 refert
768 4012 855 4090 AEgi-
908 4016 950 4090 ta,
968 4016 1137 4092 autequam
1148 4011 1381 4074 esseteensibus
1396 4012 1582 4088 destitutue3
1600 4017 1705 4092 potest

79 4100 138 4164 diue
157 4104 288 4166 Conluck
309 4103 377 4164 Lib.
402 4101 438 4164 dc
467 4099 651 4163 absolutione
672 4099 851 4161 moribundi.
908 4100 1119 4162 Confessarius
1129 4104 1239 4178 postea
1249 4100 1431 4179 adveniens,
1443 4100 1704 4162 talaminlirmum

79 4191 192 4252 decedit
217 4191 427 4254 testimonium
453 4189 564 4251 Dximii
593 4189 740 4251 Doctoris
769 4189 853 4268 apud
907 4189 1050 4252 sensibus
1073 4189 1256 4249 destitutum
1279 4188 1470 4249 absolvere:
1498 4194 1532 4251 ut
1553 4193 1639 4268 patet
1663 4207 1702 4250 ex

79 4278 242 4341 Iannerum
261 4282 370 4352 euaest.
395 4285 426 4354 9,
449 4295 536 4338 ιιιιιιι.
555 4279 603 4352 le,
621 4275 673 4357 qui
697 4276 805 4338 scribit
820 4295 853 4337 ee
908 4297 1005 4358 supra
1028 4277 1131 4354 dictis,
1158 4279 1190 4338 et
1211 4281 1319 4338 tenent
1339 4278 1492 4338 Auctores
1514 4275 1702 4357 gravissimi,

79 4383 110 4426 ex
122 4386 171 4429 ore
184 4367 344 4430 Clementis
358 4369 427 4430 VIII
442 4373 474 4428 et
494 4367 586 4428 Pauli
602 4369 640 4443 V,
664 4365 800 4447 itemque
816 4385 854 4428 ex
911 4385 1046 4449 quorum
1062 4364 1192 4444 triginta
1206 4365 1301 4426 refert
1311 4369 1342 4427 et
1356 4365 1497 4444 sequitur
1510 4368 1620 4446 Moyse
1632 4387 1661 4448 q.
1672 4370 1701 4444 2,

78 4456 215 4518 mutantia
228 4457 394 4518 multorum
413 4454 631 4518 CardInalium
645 4454 773 4532 hahere,
790 4473 853 4516 non
908 4458 949 4520 ad
964 4473 1042 4536 quos
1057 4454 1152 4516 etiam
1167 4453 1321 4516 accedunt
1335 4454 1386 4514 alii
1401 4455 1483 4516 bene
1498 4454 1599 4518 multi.

81 4540 162 4604 fuisse
182 4563 317 4624 unquam
338 4547 476 4606 mentem
498 4542 684 4604 Pontificum
703 4542 853 4604 damnare
951 4549 981 4606 l.
1003 4543 1126 4606 Sufficit
1140 4543 1180 4603 ad
1196 4560 1266 4603 eam
1287 4541 1528 4621 absolutionem,
1546 4544 1631 4623 quod
1647 4545 1705 4608 Sa·

78 4628 287 4694 ahsolutionem
311 4631 382 4695 talis
405 4631 599 4707 moribundi,
625 4649 696 4710 qua
718 4632 808 4695 fieret
834 4651 854 4694 a
908 4632 1026 4695 cerdati
1042 4635 1163 4693 constet
1177 4630 1216 4692 de
1231 4631 1391 4692 voluntate
1407 4630 1543 4709 infirmi,
1561 4650 1624 4693 non
1648 4651 1706 4712 per

79 4717 230 4783 Sacerdote
252 4725 414 4800 praesente.
440 4720 519 4782 Hinc
540 4721 704 4782 evidenter
722 4725 854 4801 apparet
907 4721 1011 4802 ipsos,
1029 4720 1081 4800 qui
1097 4718 1278 4780 immediate
1293 4719 1440 4781 viderunt
1460 4724 1515 4782 aut
1538 4720 1707 4782 audierunt

79 4805 227 4871 Decretum
242 4811 405 4872 Clementis
416 4811 498 4877 VIII,
511 4827 573 4870 non
587 4828 728 4888 pugnare
744 4814 853 4872 contra
907 4811 948 4872 ab
963 4810 1103 4886 infirmo,
1121 4809 1174 4868 sed
1190 4807 1326 4869 mediate
1341 4807 1381 4868 ab
1396 4808 1480 4885 aliis,
1504 4808 1557 4888 qui
1581 4809 1621 4870 ab
1641 4809 1701 4871 illis

79 4897 267 4959 assertionem
288 4904 438 4961 nostram.
467 4901 503 4959 lt.
529 4901 558 4959 D.
586 4898 673 4969 Quod
690 4897 743 4959 illa
757 4899 854 4960 mori·
908 4897 1087 4960 audierunt.
1102 4895 1190 4958 Ratio
1206 4899 1263 4972 eet,
1281 4895 1476 4974 quiaparum
1487 4897 1603 4957 adrem
1617 4897 1703 4976 facit,

78 4979 164 5046 hundi
186 4985 278 5067 hujus
299 4987 458 5050 Confessio
482 5005 545 5048 non
569 4986 632 5048 dici
655 4987 748 5050 debet
770 4987 853 5050 facta
908 4985 992 5068 quod
1008 4985 1161 5046 Sacerdos
1178 4983 1211 5045 id
1233 4984 1368 5045 mediate
1391 4984 1518 5060 resciat,
1536 5001 1607 5044 cum
1630 4985 1705 5047 eatis

80 5090 137 5134 esse
158 5073 286 5137 absenti.
301 5079 379 5137 Nam
401 5074 588 5138 adveniente
610 5076 779 5138 Sacerdote
798 5075 851 5157 qui
907 5073 947 5135 eit
968 5071 1200 5133 confessionem
1220 5069 1399 5144 sensibilem
1415 5071 1619 5149 epoenitente
1634 5091 1705 5134 esse

79 5165 192 5222 vocatus
207 5167 265 5240 est,
285 5164 334 5224 vel
349 5163 439 5224 adest
453 5162 505 5242 qui
517 5180 624 5224 coram
638 5163 806 5226 Sacerdote
822 5167 853 5224 et
907 5160 1043 5242 positam
1065 5163 1098 5220 et
1116 5159 1268 5220 directam
1292 5157 1333 5218 ad
1358 5157 1587 5220 absolutionem
1606 5177 1625 5220 a
1649 5161 1707 5222 Sa-

80 5243 188 5311 inllrmo
200 5250 410 5312 testimouium
420 5251 584 5330 perhibeat
598 5251 637 5312 de
652 5251 852 5314 Confessione
908 5249 1034 5311 cerdote
1060 5245 1257 5323 habendam,
1279 5245 1401 5326 hocque
1417 5265 1501 5307 nunc
1523 5247 1667 5328 cognosci
1687 5266 1707 5310 a
1765 5317 1768 5326 ,

81 5333 175 5412 petita,
190 5341 243 5398 aut
264 5337 302 5397 de
320 5338 427 5400 dolore
451 5337 645 5418 significato3
676 5339 726 5400 vel
750 5340 852 5400 nullus
908 5335 1088 5402 Sacerdote.

82 5421 168 5487 adest.
184 5425 215 5490 Si
230 5425 362 5506 primum
374 5449 380 5489 :
390 5428 457 5510 jam
472 5427 613 5489 infirmus
628 5446 767 5508 praesens
781 5447 853 5490 con·
947 5431 977 5490 5.
1003 5423 1132 5488 Etiamsi
1157 5422 1267 5485 unicus
1291 5423 1353 5484 lide
1377 5421 1491 5501 diguus
1509 5427 1642 5486 testetur
1655 5429 1703 5486 ta·

83 5509 175 5576 fitetur
189 5517 462 5584 sacramentaliter
477 5535 584 5582 coram
599 5518 620 5582 S
652 5537 689 5579 ac
701 5539 710 5578 ι
721 5537 728 5578 ι
738 5517 770 5578 ι’(
780 5523 802 5577 ιι
815 5534 854 5595 pr
907 5517 969 5577 lem
984 5509 1206 5576 moribundum
1220 5508 1367 5592 petivisse
1386 5508 1635 5594 Confessarium,
1652 5509 1705 5575 vel
