3974 6348
313 525 371 584 372
1033 521 1150 582 LIBER
1179 522 1257 582 Vlll.

314 706 374 768 ulio
389 709 476 769 motu
490 706 600 787 quovis
614 706 765 787 eorporis,
777 707 833 768 sed
847 707 990 768 sufficere
1005 707 1106 768 inten-
1159 706 1271 768 mabus
1284 706 1429 784 habetur,
1446 707 1541 769 etiam
1557 706 1669 768 eadem
1683 706 1778 768 statio
1791 709 1821 768 et
1834 705 1935 766 anima·

312 794 430 856 tionem
453 794 563 856 orandi
586 793 763 875 quinquies.
789 794 880 866 Quod
903 794 987 855 idem
1005 793 1104 855 sentio
1159 812 1229 855 rum
1251 793 1396 856 liberatio
1420 813 1439 856 a
1463 795 1639 874 Purgatorii
1665 793 1770 873 poenis
1803 792 1935 854 habeatnr

314 882 353 942 de
367 881 512 942 visitante
527 881 665 961 quinque
685 880 806 944 Altaria
829 900 868 942 ex
890 883 958 942 loco
983 898 1056 957 nno,
1073 881 1105 942 in
1159 881 1243 961 apud
1262 899 1318 942 nos
1332 881 1486 944 visitando
1502 881 1642 962 quinque
1656 879 1827 955 Ecclesiae,
1842 881 1936 941 autal-

314 987 376 1048 quo
391 987 424 1029 sa
439 968 584 1029 habendo
599 971 702 1047 polest
716 969 877 1030 moraliter
891 969 1000 1030 adesse
1014 986 1105 1029 eunc-
1159 969 1347 1032 turismodo
1363 969 1457 1031 dicto.
1476 970 1609 1041 Quinam
1634 968 1702 1030 dies
1718 968 1784 1030 sint
1798 965 1856 1043 isti,
1870 967 1938 1028 sulli-

313 1055 373 1127 tis;
399 1055 473 1135 quis
487 1054 518 1114 in
532 1054 623 1116 Bulla
636 1072 699 1116 non
715 1055 884 1135 requiritur
897 1056 967 1118 talis
982 1056 1107 1117 diversa
1160 1057 1279 1118 cienter
1293 1061 1379 1136 patet
1393 1057 1538 1119 omnibus
1560 1063 1627 1118 tam
1643 1075 1701 1136 per
1722 1055 1847 1117 Rullum
1860 1073 1936 1133 quam

314 1144 457 1220 mutatio,
482 1148 514 1205 et
540 1143 607 1204 sine
630 1143 684 1205 illa
706 1143 890 1223 intelligitur
916 1145 1107 1205 sufficienter
1160 1162 1217 1223 per
1245 1143 1377 1206 tabellas
1408 1163 1477 1224 qna
1498 1161 1564 1222 prae
1587 1141 1736 1204 Ecclesia
1760 1140 1878 1204 loribus
1896 1159 1938 1221 ap
1980 1163 1981 1166 ¹

314 1231 450 1296 visitatio
464 1232 629 1309 Altarium,
647 1232 765 1293 directa
783 1237 905 1295 tantum
919 1231 1108 1294 intentionu-

313 1319 385 1382 liter
398 1320 538 1381 oratione
552 1320 593 1381 ad
607 1319 670 1381 illa.
697 1319 800 1399 Aliqui
822 1319 962 1381 sentiunt
977 1325 1107 1381 contra·

314 1408 406 1482 rium,
424 1413 455 1470 et
470 1408 613 1488 quamvis
628 1425 738 1468 eorum
753 1407 857 1486 opinio
873 1408 912 1469 sit
922 1408 1024 1468 minus
1035 1425 1108 1485 pro-

313 1494 436 1572 babilis,
454 1500 500 1557 est
513 1495 615 1574 magis
624 1473 750 1555 'secura
764 1493 845 1555 ldem
859 1512 890 1554 n.
908 1498 937 1570 t,
955 1512 1027 1554 curn
1037 1493 1108 1572 plu·

314 1584 417 1657 ribus;
435 1588 466 1646 et
479 1586 526 1644 est
540 1601 653 1644 comm.
671 1584 842 1643 Doctorum
860 1583 1025 1643 sententia.

355 1675 403 1734 13.
428 1675 522 1734 Posse
547 1671 665 1734 visitari
689 1671 872 1746 Ecclesium,
898 1677 953 1731 aut
975 1670 1105 1747 Altaria,

315 1762 419 1823 adhuc
434 1777 505 1821 cum
520 1759 560 1823 sit
573 1759 701 1820 visitans
717 1762 804 1819 extra
814 1759 996 1834 Ecclesiam,
1012 1758 1106 1818 modo

316 1849 385 1929 quis
403 1847 565 1909 moraliter
591 1846 750 1909 altaribus
774 1846 874 1919 adsit3
898 1845 972 1926 quis
993 1846 1018 1905 si
1039 1845 1108 1906 hmo

315 1937 482 2014 praesentis
518 1933 633 1995 sufficit
669 1933 709 1994 ad
746 1932 935 1994 audiendam
968 1932 1105 2008 Missam,

317 2043 413 2104 quare
429 2042 491 2084 non
506 2023 640 2084 sufficiet
659 2023 700 2083 ad
720 2021 841 2085 Altaria
861 2022 1038 2083 visitanda?
1056 2019 1104 2082 Id.

316 2131 396 2173 arem.
414 2115 465 2173 51.

358 2205 406 2262 lt.
423 2202 491 2260 Non
513 2217 580 2261 esse
604 2198 815 2260 necessarium
839 2198 1023 2260 continuare
1037 2196 1109 2259 visi·

317 2289 450 2353 tationes
465 2287 603 2368 quinque
624 2286 846 2364 Ecclesiarum,
864 2291 918 2348 aut
937 2286 1106 2357 Altarium;

318 2377 373 2440 sed
387 2395 479 2456 posse
494 2375 691 2454 interrumpi,
708 2373 869 2446 visitando,
878 2373 940 2434 ulia
954 2392 1017 2434 una
1031 2375 1110 2435 bora

319 2469 350 2527 et
373 2463 437 2525 alia
463 2464 581 2536 eltera;
603 2462 679 2543 quia
701 2462 733 2522 in
756 2462 848 2523 Bulla
870 2479 933 2522 non
956 2462 1112 2541 reperitur

318 2553 389 2615 talis
403 2552 606 2614 continuatio
624 2549 686 2612 Sed
701 2553 863 2630 nequeunt
876 2548 995 2610 visitari
1016 2547 1110 2609 hodie

319 2640 439 2706 Altaria
453 2658 516 2702 una
540 2643 571 2701 et
589 2657 659 2700 cras
680 2637 752 2714 alia,
773 2640 808 2698 ut
828 2637 896 2699 vult
918 2636 1112 2709 Quintanad-

319 2747 449 2796 vennas,
466 2729 540 2808 quis
554 2725 756 2804 indulgentiae
770 2724 969 2803 assignantur
978 2741 1034 2802 pro
1045 2721 1112 2782 die-

319 2819 378 2881 bus
392 2817 543 2897 propriis,
560 2821 592 2876 et
606 2813 811 2893 indulgentia,
828 2833 898 2893 quae
918 2812 1011 2873 hodie
1031 2809 1112 2873 obti-

320 2909 422 2980 netur,
439 2922 501 2965 non
516 2901 707 2965 obtinebitur
730 2900 867 2962 crastina
889 2901 958 2966 die,
979 2899 1035 2959 sed
1050 2897 1112 2958 alia

320 2993 476 3054 distincta.
493 2992 551 3065 Oui
566 3007 641 3070 ergo
657 2988 812 3050 divideret
826 2987 908 3050 inter
922 2987 1113 3048 hodiernum

321 3086 352 3143 et
366 3080 539 3142 crastinum
554 3078 639 3139 diem
653 3076 863 3138 visitationem
879 3075 1044 3151 Altonum,
1061 3092 1112 3133 ne·

321 3186 382 3248 que
407 3167 603 3241 hodiernam,
633 3182 735 3243 neque
766 3163 935 3224 crastinum
959 3161 1132 3223 obtineret·

321 3255 559 3336 indulgentiam,
576 3253 651 3334 quia
670 3253 702 3314 in
731 3251 815 3314 nullo
837 3251 968 3312 istorum
990 3250 1114 3311 dierum

320 3344 486 3406 adhiberet
499 3342 648 3423 requisita
663 3342 704 3402 ad
718 3339 949 3419 Indulgentiam
970 3339 1114 3401 obtinen-

321 3433 406 3508 dum,
423 3448 536 3509 nempe
550 3430 677 3492 visitare
692 3427 829 3508 quinque
849 3427 978 3488 Altaria.

363 3523 411 3582 lt.
429 3519 609 3582 Orationem
627 3517 658 3576 in
679 3533 877 3596 quocumque
900 3515 999 3577 Alteri
1024 3515 1115 3576 habi-

322 3613 398 3684 tum,
414 3627 505 3688 posse
529 3625 596 3668 esse
619 3605 800 3681 mentalem,
827 3608 881 3666 aut
903 3604 1056 3667 vocalem.
1081 3607 1113 3666 Si

322 3694 438 3756 vocalis
465 3693 577 3769 suerit,
606 3692 703 3754 Trull.
729 3690 823 3753 docet
852 3691 995 3752 sufficere
1018 3691 1114 3752 semel

322 3787 416 3845 Pater
430 3787 534 3845 noster
549 3788 580 3844 et
592 3781 690 3843 semel
704 3783 771 3841 Ave
785 3779 895 3840 blaria.
913 3779 1027 3841 Mando
1042 3798 1116 3840 sua-

1160 1249 1276 1311 pensae,
1293 1232 1333 1293 de
1347 1232 1401 1294 tali
1416 1231 1613 1310 indulgentia
1624 1230 1810 1292 admonent.

1201 1321 1300 1396 Ultra,
1316 1323 1438 1381 certum
1460 1324 1524 1396 est,
1551 1319 1674 1400 quoties
1697 1321 1804 1396 potest
1826 1315 1938 1378 obtineri

1161 1408 1357 1488 indulgentie
1371 1408 1527 1470 visitando
1551 1408 1690 1487 quinque
1710 1403 1843 1480 Altaria,
1865 1421 1939 1484 posse
1979 1421 1981 1454 1

1162 1497 1257 1558 etiam
1276 1497 1357 1557 hanc
1378 1495 1606 1574 indulgentiam
1628 1493 1782 1573 applicari
1807 1490 1940 1553 defunctis
1979 1503 1981 1554 l

1161 1603 1218 1664 per
1232 1584 1361 1645 modum
1375 1583 1534 1662 suffragii3
1559 1583 1634 1662 quia
1656 1580 1805 1661 quamvis
1824 1580 1855 1640 in
1867 1579 1940 1640 Bulla
1979 1577 1981 1628 l

1161 1673 1278 1752 scripta
1295 1672 1404 1751 lingua
1425 1671 1560 1750 vulgari,
1580 1671 1641 1731 hoc
1664 1687 1727 1730 non
1753 1669 1937 1748 exprimatur,
1979 1663 1981 1700 l

1162 1760 1347 1840 exprimitur
1365 1763 1471 1820 tamen
1490 1758 1522 1819 in
1541 1758 1653 1820 Latina
1675 1757 1779 1818 Bulla.
1801 1753 1885 1820 Unde
1900 1770 1940 1812 re-
1980 1771 1981 1824 j

1162 1851 1315 1911 solvitur:
1979 1863 1981 1902 a

1203 1940 1231 1999 l.
1249 1937 1363 1998 Diebus
1376 1935 1448 2012 illis,
1465 1935 1497 1996 in
1512 1933 1625 2014 quibus
1639 1933 1748 1994 anima
1771 1951 1789 1993 e
1806 1933 1939 2011 Purgato

1161 2024 1208 2085 rio
1223 2024 1352 2102 eruitur,
1369 2041 1432 2084 una
1446 2025 1478 2084 et
1492 2021 1604 2082 eadem
1613 2019 1773 2081 Altarium
1782 2017 1938 2080 visitatione

1163 2111 1302 2172 obtinere
1317 2125 1509 2191 quemquam
1523 2109 1601 2169 duas
1616 2107 1778 2186 plenarias
1797 2105 1939 2183 indulgeu-
1979 2121 1981 2174 ξ

1162 2200 1231 2275 tias,
1248 2199 1343 2259 aliam
1357 2216 1413 2278 pro
1428 2197 1534 2258 anima
1544 2200 1576 2257 et
1589 2195 1684 2256 aliam
1698 2212 1759 2274 pro
1774 2213 1808 2256 se
1823 2194 1895 2272 ipso.

1202 2292 1231 2348 2.
1249 2288 1339 2360 Quod
1353 2286 1481 2366 reliquis
1495 2285 1677 2346 diebusnon
1687 2282 1937 2364 potestquisuua,
1979 2279 1981 2330 l

1163 2379 1195 2438 et
1209 2376 1321 2437 eadem
1335 2375 1489 2437 Altarium
1504 2373 1681 2436 visitatione
1700 2371 1845 2433 obtinere
1857 2371 1940 2431 indul·

1163 2465 1303 2543 gentiam
1317 2481 1374 2542 pro
1388 2462 1495 2524 anima
1508 2459 1697 2540 Purgatorii,
1716 2465 1750 2521 et
1771 2477 1829 2539 pro
1843 2477 1874 2520 se
1885 2460 1938 2538 ipso

1164 2552 1267 2629 simul,
1293 2552 1348 2612 sed
1370 2549 1575 2631 disjunctive,
1599 2548 1650 2609 vel
1677 2565 1805 2626 prose,
1829 2549 1875 2608 vel
1895 2563 1939 2626 pru
1979 2551 1981 2624 ,

1165 2659 1282 2703 anima.
1979 2663 1981 2686 2

1205 2732 1234 2791 3.
1258 2729 1347 2803 Quod
1368 2729 1408 2789 ad
1428 2726 1614 2790 obtinendas
1636 2724 1850 2805 indulgentias
1868 2721 1938 2798 istas

1165 2817 1216 2878 vel
1238 2835 1295 2896 pro
1319 2835 1371 2893 se,
1397 2815 1446 2876 vel
1470 2833 1527 2894 pro
1551 2811 1736 2889 animabus,
1763 2829 1827 2874 non
1849 2811 1941 2872 debeat
1978 2815 1981 2880 l

1166 2923 1268 2982 orare,
1293 2923 1396 2984 neque
1419 2921 1477 2982 pro
1502 2920 1551 2978 se,
1575 2918 1677 2980 neque
1701 2917 1759 2979 pro
1784 2899 1939 2972 animabus,
1979 2885 1981 2912 ¹

1166 2993 1222 3054 sed
1237 3011 1294 3073 pro
1310 2991 1442 3054 victoria
1455 2993 1566 3052 contra
1578 2987 1721 3048 infideles
1730 2991 1763 3048 et
1774 3003 1832 3068 pro
1845 2985 1941 3046 unione

1166 3080 1248 3141 inter
1262 3079 1454 3141 Christianos
1468 3075 1640 3154 Principes,
1657 3075 1733 3154 quia
1746 3075 1816 3136 bac
1830 3079 1874 3136 est
1884 3089 1940 3134 con·
1979 3085 1981 3142 j

1167 3168 1243 3230 ditio
1258 3168 1289 3228 in
1304 3167 1395 3229 Bulla
1412 3164 1567 3245 apposita.
1978 3167 1980 3232 j

1207 3260 1237 3318 t.
1254 3257 1344 3329 Quod
1366 3273 1438 3316 curn
1461 3254 1529 3313 haec
1548 3249 1744 3330 indulgentis
1764 3246 1862 3329 possit
1877 3244 1941 3308 obti-
1979 3251 1980 3324 3

1169 3344 1234 3405 neri
1249 3343 1353 3421 toties,
1369 3341 1491 3423 quoties
1512 3339 1633 3402 Altaria
1652 3338 1685 3398 in
1707 3337 1758 3398 die
1783 3335 1939 3407 visitantur,
1978 3351 1980 3410 g

1096 3489 1101 3500 .
1168 3433 1200 3494 in
1214 3432 1325 3494 diebus
1339 3432 1410 3507 illis,
1427 3428 1480 3510 qui
1496 3426 1643 3489 eruendis
1657 3444 1675 3486 e
1690 3423 1873 3504 Purgatorio
1888 3420 1941 3482 aui-
1979 3465 1980 3520 ,

1168 3521 1280 3583 mabus
1295 3539 1356 3582 non
1381 3519 1598 3597 assignantur,
1622 3514 1722 3595 possit
1741 3513 1811 3595 quis
1835 3511 1940 3572 visun

1169 3608 1289 3671 Altaria
1321 3606 1438 3688 pluries
1468 3610 1500 3666 et
1527 3602 1686 3682 applicare
1722 3598 1939 3680 indulgentiam,

1170 3716 1265 3758 unam
1280 3696 1350 3774 sibi,
1362 3697 1494 3757 alteram
1509 3692 1633 3768 anima,
1649 3693 1727 3762 eta.;
1740 3689 1851 3752 Mende
1865 3687 1891 3747 d.
1901 3687 1938 3757 22.

1170 3804 1251 3847 num.
1274 3790 1303 3849 9.

322 3873 386 3949 det,
401 3871 450 3933 bis
464 3871 505 3932 ad
520 3871 623 3931 minus
637 3868 765 3930 easdem
779 3867 936 3930 orationes
951 3867 1113 3930 dicendas.
1210 3879 1240 3937 5,
1261 3878 1295 3937 1„
1321 3873 1431 3936 diebus
1446 3872 1559 3953 quibus
1573 3869 1679 3931 anima
1700 3868 1830 3944 emitur,
1850 3863 1940 3926 eadem

322 3959 520 4023 Consuetudo
540 3957 705 4038 quinquies
728 3955 891 4034 repetendi
909 3955 1046 4032 easdem,
1069 3960 1117 4018 est
1171 3983 1234 4028 una
1247 3964 1402 4027 quartum
1415 3961 1592 4025 visitatione
1603 3975 1695 4038 posse
1705 3954 1940 4038 quemnbetduas

322 4048 498 4110 laudabilis.
515 4047 547 4110 Si
563 4045 661 4108 oratio
685 4045 725 4106 sit
745 4043 901 4119 mentulis,
926 4044 1042 4105 sufficit
1060 4045 1116 4105 du·
1171 4053 1291 4115 animas
1306 4071 1323 4114 θ
1337 4049 1522 4132 Purgatorio
1538 4065 1663 4123 eruere,
1680 4047 1705 4106 si
1720 4042 1938 4124 indulgentiam,

323 4157 393 4200 rare
407 4138 491 4199 idem
502 4141 635 4215 tempus,
649 4135 734 4216 quod
744 4132 872 4194 vocalis.
886 4132 943 4194 Vel
953 4151 1015 4194 una
1026 4151 1113 4211 ergo,
1172 4161 1267 4223 quam
1281 4141 1340 4202 sibi
1358 4139 1499 4202 obtinere
1523 4140 1662 4216 poterat,
1684 4133 1819 4214 applioer
1836 4129 1938 4194 anime.
1978 4133 1980 4206 j

322 4227 372 4287 vel
386 4225 449 4287 alia
462 4225 512 4302 sit,
529 4224 623 4285 debet
637 4222 746 4284 haberi
767 4222 897 4296 devote,
919 4221 1116 4300 sufficietque
1213 4229 1363 4304 (tumtur
1374 4227 1484 4309 primo,
1501 4243 1540 4287 an
1553 4223 1671 4306 quando
1684 4223 1748 4304 quis
1769 4221 1831 4282 0110
1843 4215 1939 4280 andelle

322 4313 446 4374 devotio
461 4313 514 4374 illa
528 4331 597 4392 quae
611 4311 789 4372 necessaria
805 4315 853 4370 est
867 4309 908 4369 ad
922 4309 1116 4371 satisfacieu-
1165 4326 1260 4400 potest
1283 4318 1413 4380 eximere
1434 4315 1564 4377 animam
1586 4332 1602 4374 e
1627 4309 1818 4393 perquerio,
1842 4307 1884 4368 021
1900 4300 1942 4366 riti
1977 4307 1979 4382 t

323 4402 399 4463 dum
427 4406 584 4479 PsaessePto
615 4396 780 4460 &Pdiessdae
808 4397 921 4474 Missssaer
951 4397 1002 4456 Vel
1026 4395 1117 4456 HOPiS
1172 4405 1387 4488 indulgentiam
1402 4403 1539 4480 obtinere,
1556 4393 1937 4466 ineratuvunnnsrltnnt,
1978 4389 1979 4468 f

322 4487 486 4552 Canonicis
509 4486 677 4549 recitandis
697 4485 787 4566 juxta
810 4485 973 4564 opiniones
998 4483 1114 4545 varias.
1169 4495 1343 4578 possiem,
1364 4499 1390 4554 et
1412 4491 1510 4553 eadem
1533 4485 1791 4551 visitationem
1813 4485 1940 4547 mmm

1171 4581 1351 4663 Purgatorio
1364 4580 1483 4662 serpae,
1502 4587 1556 4640 aut
1575 4576 1649 4638 duas
1675 4573 1871 4656 Indulgentiae
1881 4567 1941 4630 ons

1172 4691 1249 4739 nere,
1270 4665 1695 4751 circummanentium
1715 4682 1767 4745 per
1788 4659 1941 4724 indulcant
1977 4707 1979 4716 2

1172 4757 1204 4818 Ε
1205 4768 1216 4818 t
1228 4757 1409 4839 generaliter
1421 4757 1577 4839 quantur,
1594 4773 1634 4816 an
1647 4773 1715 4821 nno.
1730 4761 1757 4813 et
1768 4749 1860 4812 eaden
1873 4763 1941 4828 opert

1172 4849 1283 4930 possint
1295 4846 1422 4908 obtineri
1428 4845 1533 4926 plnres
1549 4841 1749 4924 Indulgentiae
1760 4855 1887 4900 nonense
1896 4851 1940 4916 per

1173 4936 1290 4998 dr'oersa
1304 4935 1445 4997 indulte?
1463 4937 1556 5013 Resp.
1582 4931 1777 4994 probabilem
1796 4945 1860 4988 esse
1871 4924 1940 4985 affir-
1978 4961 1979 5010 3

1174 5026 1323 5088 mativam
1337 5024 1535 5099 sententiam,
1552 5017 1814 5101 quemadmodum
1835 5031 1900 5088 uno,
1915 5010 1939 5107 et
1977 5015 1979 5094 ζ

1175 5117 1287 5177 eodem
1310 5131 1404 5192 opere
1428 5115 1531 5192 potest
1557 5108 1675 5189 duplici
1699 5102 1869 5184 obligationi
1884 5101 1938 5159 lien
1977 5097 1979 5190 }

1175 5203 1260 5282 satis,
1278 5202 1434 5282 praecipue
1449 5199 1474 5262 si
1490 5217 1569 5278 opus
1583 5215 1645 5258 uon
1660 5201 1742 5258 esset
1755 5190 1886 5256 iterabile
1897 5201 1939 5246 eo·
1976 5191 1979 5284 t

1175 5294 1246 5354 dem
1262 5293 1324 5367 die,
1349 5295 1386 5352 ut
1403 5289 1560 5371 jejunium
1584 5291 1616 5349 et
1638 5282 1826 5349 Commuuio.
1848 5282 1937 5354 ltaque
1976 5299 1978 5388 q

368 5388 493 5448 Certum
517 5388 579 5462 est,
606 5385 692 5465 quod
715 5382 827 5445 diebus
853 5381 977 5458 iisdem,
1007 5381 1121 5462 quibus
1176 5381 1301 5461 expedit
1315 5380 1432 5441 babere
1447 5376 1654 5440 intentionem
1667 5369 1820 5436 obtinendi
1837 5377 1934 5459 omnm
1976 5389 1978 5430 r

329 5477 435 5542 Roma
449 5473 540 5535 statio
564 5490 621 5551 pro
643 5470 789 5533 eruendis
808 5489 826 5530 e
850 5468 1036 5548 Purgatorio
1052 5468 1120 5530 ani·
1176 5474 1207 5531 et
1221 5485 1436 5550 quascumque
1450 5463 1673 5544 indulgentias,
1689 5478 1763 5543 quus
1780 5453 1871 5538 possit
1881 5463 1936 5530 qm!

549 4788 808 4850 ARTIGULUS
837 4787 894 4850 vl.

324 4977 371 5039 An
385 4975 585 5058 Indulgentic,
601 4993 691 5058 qnam
713 4973 820 5036 obtinet
843 4973 966 5036 visitans
987 4973 1117 5054 quinque

363 5067 525 5236 fflqqupu
549 5075 603 5127 unt
622 5065 761 5142 Altaria,
780 5063 871 5146 possit
901 5063 1047 5144 applicari
1069 5060 1121 5123 de-
