3976 6348
203 969 245 1016 Μ

207 1402 248 1448 909

272 525 330 584 232

269 707 400 769 fundum
415 711 546 787 venerit,
571 712 621 772 rel
644 712 771 773 tandem
793 713 924 792 agendae
947 712 976 772 in
993 712 1065 772 des-

270 796 482 876 perationem;
506 798 578 858 hinc
602 800 642 860 ad
665 801 804 878 prudens
825 800 989 862 arbitrium
1009 802 1065 861 Su·

271 885 403 964 periaris
425 886 560 965 pertinet-
583 888 782 950 considerare
803 889 1063 951 circumstantias,

315 972 421 1047 Ouoest.
461 977 528 1034 127.
565 1009 606 1020 -
638 975 785 1050 Quomodo
810 975 935 1057 petendo
967 976 1068 1036 Iloraoe

272 1059 459 1142 dispensabo,
480 1062 603 1144 etquid
630 1064 659 1122 iu
682 1064 817 1145 supplico
839 1065 879 1124 sit
903 1065 1069 1146 caprimen-

273 1148 418 1211 dumllt.
443 1154 560 1213 Praeter
582 1152 635 1213 illa
656 1172 725 1232 quea
744 1172 782 1213 ex
805 1155 952 1215 Busomb.
977 1152 1067 1213 retuli

273 1240 295 1298 l.
314 1242 341 1315 l,
359 1258 389 1299 n.
406 1242 475 1316 796,
494 1245 622 1320 tumque
638 1242 731 1302 etiam
754 1242 796 1302 ibi
818 1243 925 1303 addidi
945 1262 976 1303 n.
997 1245 1066 1317 797,

275 1327 421 1388 addenda
434 1333 507 1390 sunt
522 1329 572 1389 hic
587 1348 674 1409 seqq.

314 1415 374 1492 §t
397 1415 526 1487 Quando
547 1415 808 1494 impedimentum
830 1423 877 1480 est
898 1418 1068 1492 occultum,

275 1503 966 1586 scribituradS.Poeor'teutr'oru'om,potestque
977 1505 1070 1567 scribi

276 1611 295 1652 a
310 1609 508 1671 quacumque
523 1593 600 1652 etin
615 1611 814 1674 quacumque
830 1594 948 1673 lingua,
969 1613 1071 1673 neque

277 1679 328 1740 hio
344 1698 422 1758 opus
444 1685 491 1742 est
509 1681 569 1741 illis
591 1683 777 1760 sumptibus.
802 1685 836 1744 ln
858 1683 1001 1762 supplica
1016 1702 1072 1744 au-

277 1772 342 1829 tem
365 1769 530 1847 exponitur
552 1788 664 1847 casuS,
691 1771 934 1834 circumstantias
959 1771 1073 1832 debitae

279 1860 311 1918 ct
326 1874 440 1934 oausae,
458 1857 532 1918 item
553 1877 666 1919 nomen
683 1859 764 1920 illius
785 1861 825 1920 ad
850 1877 943 1940 quom
958 1860 1073 1921 remitti

279 1944 377 2006 debet
400 1945 603 2025 rescriptum,
627 1953 658 2007 ct
679 1947 788 2009 civitas
808 1949 960 2028 adquam
981 1948 1075 2010 debet

280 2032 384 2112 dirigi,
402 2033 445 2095 uti
461 2034 557 2096 habet
571 2053 705 2116 sequens
719 2036 892 2098 instructio.

280 2171 441 2235 Instructio
461 2173 660 2237 Puroclorurn
688 2185 716 2238 et
745 2176 995 2259 Confessorr'orum
1018 2200 1076 2261 pro

321 2261 434 2322 casibus
465 2282 591 2343 quorum
620 2265 760 2327 absolutio
784 2287 832 2328 seu
864 2267 1076 2350 dispensatius

323 2349 420 2413 Socra
433 2351 661 2416 Paeniteatrbrio
674 2355 846 2436 Apostolico
861 2357 1045 2440 impetratur.

323 2476 400 2542 Cum
415 2493 496 2553 saepe
512 2475 552 2536 sit
566 2476 759 2553 experientia
779 2483 991 2557 compertum,
1007 2480 1078 2560 plu-

284 2561 380 2624 rimas
405 2562 566 2642 utriusque
594 2582 686 2624 sexus
714 2564 829 2626 Christi
853 2567 973 2644 fideles,
997 2587 1078 2647 prae-

284 2652 376 2732 cipue
403 2649 434 2709 in
463 2651 642 2732 longinquis
669 2653 843 2732 degentes,
873 2673 1079 2718 censurarum

284 2737 437 2814 vinculis,
462 2744 607 2800 votorum
630 2741 891 2820 obligationibus,
917 2745 1079 2807 matrimo-

285 2826 410 2888 niorum
437 2825 689 2908 impedimentis,
716 2847 838 2892 necnon
866 2830 1080 2911 irregularita-

285 2919 370 2990 tum,
387 2917 419 2976 et
433 2933 563 2978 casuum
583 2935 711 2996 quaqua
729 2919 825 2980 mado
848 2925 1080 2982 reservatarum

285 3000 488 3080 ligaminibus
511 3003 676 3066 adstrictas
698 3006 739 3066 ad
763 3008 795 3068 S.
822 3007 936 3068 Sedem
951 3007 1080 3087 ejusque

287 3091 416 3151 Sacram
427 3088 694 3152 Poenitentiariam
703 3093 917 3171 spectantibus
932 3094 1078 3171 irretitas,

287 3177 318 3237 in
334 3177 394 3236 illis
407 3177 582 3254 lacrymose
597 3180 774 3258 persistere,
792 3185 823 3242 et
837 3182 992 3244 continuis
1006 3202 1081 3244 can-

287 3265 424 3326 scientia
452 3265 675 3344 agitationibus
702 3268 858 3330 laboriose
886 3271 1078 3349 perdurare,

288 3353 378 3434 cujus
391 3353 464 3416 mali
480 3373 575 3416 causa
590 3375 628 3416 ex
646 3357 800 3419 similibus
813 3358 977 3438 provenire
993 3359 1082 3420 inna-

288 3442 358 3518 tuit,

329 3529 453 3606 Prima,
471 3549 508 3592 ea
528 3533 613 3611 quod
632 3534 782 3612 Paroohi,
799 3536 849 3597 vel
868 3536 919 3598 alii
941 3537 982 3598 ad
1005 3555 1083 3616 quas

289 3617 469 3698 hujusmodi
485 3622 676 3684 Poenitentcs
690 3641 852 3686 recurrere
867 3625 1034 3705 contingit,
1052 3625 1084 3686 in

288 3705 388 3786 pagis,
401 3710 456 3768 aut
469 3707 545 3769 locis
560 3710 715 3772 ruralibus
730 3711 859 3791 degunt,
872 3718 902 3775 et
915 3714 999 3774 viam
1014 3731 1084 3775 mo·

289 3797 428 3876 dumque
443 3797 624 3857 recurrendi
640 3798 680 3858 ad
695 3801 858 3877 praelatam
874 3802 1003 3862 Sacram
1014 3804 1085 3862 Pae-

290 3883 502 3946 rritentiariam
517 3884 675 3964 ignorant,
688 3905 746 3947 nec
760 3887 897 3967 aliquem
912 3889 963 3949 hic
980 3892 1085 3950 Romae

290 3976 466 4052 agnoscunt
493 3973 534 4033 ad
553 3992 646 4053 quem
668 3975 911 4055 supplicationes
933 3977 1082 4056 dirigant,

291 4061 375 4122 unde
390 4059 582 4123 paenitentes
597 4063 762 4140 perplexos
783 4063 953 4141 dimittunt,
972 4065 1085 4145 quibus

291 4167 363 4210 oum
384 4150 426 4210 ad
444 4149 646 4212 Ordinarium
664 4151 835 4212 accedendi
857 4152 991 4232 (leminis
1005 4171 1086 4231 prae-

291 4236 410 4315 sertim)
432 4239 623 4300 verecundia
645 4245 700 4302 aut
729 4241 823 4302 timor
844 4240 963 4302 aditum
992 4241 1085 4302 inter-

292 4324 416 4400 cludat,
433 4325 597 4388 consilium
619 4327 748 4388 ulterius
768 4327 927 4408 requirere
947 4327 1086 4388 nescien-

291 4417 350 4488 tes,
367 4412 544 4474 remedium
558 4413 738 4492 desperant,
755 4419 786 4477 et
800 4416 830 4475 in
847 4414 1004 4493 praedictis
1018 4416 1087 4476 vin·

292 4500 382 4576 culis,
400 4500 660 4580 obligationibus,
677 4503 926 4582 impedimentis,
944 4503 1086 4564 inhabili-

293 4589 421 4665 tatibus,
447 4594 479 4651 et
501 4591 625 4652 casibus
647 4593 830 4670 reservatis,
854 4611 925 4654 cum
947 4593 1085 4673 pericula

293 4677 504 4740 damnationis
531 4678 760 4742 insordescunt.
792 4680 936 4742 Secundo
961 4681 1084 4758 evenit,

294 4765 379 4844 quod
393 4766 581 4844 prenitentes
596 4768 686 4847 egeni
701 4769 949 4848 recognitionem
958 4789 1014 4848 pro
1029 4769 1087 4830 sol-

292 4852 462 4917 licitatione
486 4859 518 4916 et
541 4855 648 4916 labore
672 4857 840 4936 agentium
870 4861 975 4919 Romae
1005 4875 1088 4919 com-

293 4940 498 5019 morantium,
515 4944 674 5006 exsolvere
697 4964 759 5006 nou
780 4947 928 5024 valentes,
945 4947 1089 5008 inconso-

293 5032 366 5108 lati,
383 5049 420 5092 ac
434 5032 632 5094 canscientia
650 5035 787 5096 motibus
801 5036 944 5098 concussi
959 5037 991 5097 iu
1006 5035 1089 5115 peri-

295 5120 402 5181 culoso
417 5123 500 5181 statu
515 5139 642 5182 manere
657 5126 831 5202 coguntur,
853 5127 884 5184 et
898 5123 977 5184 forte
992 5122 1088 5203 (qnod

296 5205 386 5286 pejus
401 5206 459 5284 est)
474 5205 533 5266 sibi
553 5209 760 5288 persuadent,
777 5211 880 5271 Sacrae
896 5208 1090 5270 Paenitentia*

297 5293 447 5354 Tribunal
470 5293 590 5373 aliquid
612 5294 690 5356 lucri
714 5313 771 5375 pro
799 5296 910 5359 litteris
933 5296 1090 5375 praedictis

300 5379 457 5457 racipere,
479 5399 550 5440 cum
570 5401 644 5443 vere
660 5385 764 5446 Sacra
779 5386 1021 5447 Poeuiteutiariae
1036 5387 1090 5448 bli-

301 5466 409 5544 nistri,
434 5486 492 5532 nec
515 5470 634 5552 aliquid
657 5474 800 5554 quamvis
823 5475 1007 5554 minimum,
1033 5494 1090 5538 nec

918 528 992 590 LlB.
1016 527 1068 589 Vl.
1092 526 1193 588 PARS
1214 526 1266 588 lll.

1121 711 1216 773 etiam
1239 715 1348 790 sponte
1373 712 1513 773 oblatum
1537 728 1677 790 unquam
1699 709 1856 789 recipiant,
1875 713 1900 772 et

1120 800 1217 878 gratis
1241 799 1347 861 amnia
1369 799 1562 876 exhibentes
1588 799 1731 878 singulas
1752 797 1793 858 ad
1813 815 1843 856 se
1862 814 1900 855 re-

1121 892 1281 949 currentes
1298 906 1410 948 serena
1424 888 1527 948 fronte
1542 888 1804 965 complectantur.

1162 976 1266 1038 'lartio
1283 976 1398 1038 accidit
1411 976 1507 1036 etiam
1522 993 1751 1056 nonnunquam
1765 992 1820 1053 per
1832 971 1903 1032 iasd-

1122 1064 1310 1125 verteutiam
1325 1063 1565 1142 exponentium,
1590 1069 1624 1124 ut
1642 1063 1754 1142 gratiae
1766 1062 1851 1142 juxta
1863 1077 1904 1119 ex·

1124 1150 1225 1227 posita
1240 1151 1374 1212 obtentas
1390 1151 1485 1212 irritae
1500 1151 1645 1226 evadant,
1667 1169 1704 1211 eo
1731 1151 1807 1230 quia
1828 1166 1905 1208 casus

1125 1242 1156 1299 et
1170 1239 1420 1302 circumstantias
1434 1239 1629 1300 necessarias
1650 1239 1821 1313 reticeant,
1837 1235 1906 1297 unde

1125 1327 1160 1385 fit
1191 1327 1274 1404 quad
1296 1327 1472 1389 litterarum
1494 1329 1693 1400 executores,
1718 1344 1793 1386 casu
1815 1327 1908 1403 postca

1127 1415 1347 1476 Paenitentiam
1363 1415 1553 1490 examinata,
1566 1433 1633 1475 rem
1648 1415 1740 1475 aliter
1760 1433 1793 1474 se
1808 1413 1909 1473 habere

1127 1519 1221 1580 quam
1237 1521 1418 1581 expressum
1438 1503 1540 1564 luerat
1563 1501 1771 1580 comperiant,
1795 1505 1825 1562 ct
1849 1517 1910 1579 gra-

1126 1589 1185 1650 tias
1214 1591 1413 1669 subreptitias
1445 1595 1500 1654 aut
1527 1590 1710 1669 abreptitios
1745 1607 1813 1650 esse
1835 1587 1910 1647 inva-

1129 1677 1225 1754 niant,
1243 1697 1339 1759 quare
1354 1679 1542 1758 prenitentes
1556 1678 1678 1739 confusi
1693 1681 1871 1750 remanent,
1885 1678 1911 1736 et

1129 1783 1183 1842 spe
1208 1784 1296 1828 norae
1318 1765 1558 1845 dispensationis
1579 1784 1613 1825 se
1632 1783 1742 1825 carere
1765 1765 1909 1842 putantes,

1129 1853 1160 1912 in
1176 1855 1334 1932 praedietis
1347 1855 1496 1930 vinculis,
1513 1853 1775 1933 obligationibus,
1792 1855 1849 1914 eto.
1863 1849 1913 1910 mi-

1130 1943 1305 2004 serabiliter
1322 1948 1495 2005 remanent.
1792 1999 1799 2013 ‚

1173 2033 1274 2103 Quare
1295 2038 1421 2110 gratum
1442 2033 1506 2092 Deo
1530 2034 1561 2091 et
1588 2029 1663 2091 utile
1684 2028 1914 2090 fidelibuslntu·

1131 2138 1202 2180 rum
1223 2139 1289 2180 esse
1311 2123 1472 2197 speratur,
1496 2118 1521 2179 si
1537 2117 1594 2180 istc
1614 2118 1729 2179 modus
1744 2113 1914 2179 recurrendi

1132 2209 1172 2269 ad
1194 2208 1296 2287 ipsam
1320 2209 1450 2270 Sacram
1474 2207 1745 2268 poenitentiarium
1769 2221 1915 2286 propans-

1131 2303 1193 2358 tur.

1174 2384 1360 2448 Confessarii
1376 2384 1492 2464 itaque,
1505 2402 1578 2446 cum
1590 2383 1785 2446 Poenitentes
1798 2379 1916 2444 vinculis

1133 2473 1270 2554 praefatis
1294 2473 1429 2535 irretitas
1453 2473 1548 2534 adse
1572 2473 1725 2534 accedere
1749 2471 1915 2550 contigerit,
1967 2469 1968 2490 ³

1133 2579 1263 2624 casuum
1279 2561 1444 2640 qualitates
1464 2567 1495 2622 et
1508 2561 1713 2640 prefatorum
1727 2577 1857 2622 casuum
1869 2558 1917 2619 cir·

1134 2651 1337 2712 cumstautias
1352 2651 1562 2725 considerent,
1579 2667 1755 2730 causasque
1770 2649 1918 2729 dispensa·

1134 2740 1255 2801 tionum
1285 2745 1339 2800 aut
1367 2739 1649 2802 commutationum
1682 2739 1874 2818 exprimant,
1894 2737 1920 2796 et

1135 2831 1267 2888 caveant
1290 2828 1433 2906 nequod
1458 2827 1616 2888 occultum
1640 2833 1689 2887 est
1711 2823 1920 2906 publicamin-

1135 2916 1234 2991 oiant,
1251 2914 1425 2993 prasertim
1444 2914 1671 2992 impedimenta
1685 2913 1811 2974 occulta
1824 2912 1921 2972 matri-

1136 3003 1332 3077 moniuorm,
1349 3020 1422 3062 nam
1437 3001 1563 3081 publica
1581 3001 1631 3062 rel
1651 3002 1692 3062 ad
1707 3001 1868 3079 publicum
1881 3016 1921 3058 re

1136 3095 1247 3167 decta,
1271 3109 1334 3152 non
1353 3091 1511 3170 pertinent
1528 3090 1569 3152 ad
1584 3092 1716 3152 Sacram
1730 3087 1921 3149 Poenitentia·

1136 3198 1227 3241 riam.

1176 3269 1215 3329 st
1237 3268 1281 3328 sio
1294 3267 1415 3347 praeiati
1430 3268 1627 3345 confessarii,
1644 3286 1700 3329 seu
1715 3267 1920 3339 Poenitantcs,

1137 3361 1285 3436 poterunt
1303 3375 1394 3417 casus
1417 3357 1563 3436 praefatos
1587 3374 1660 3417 cum
1684 3355 1775 3418 dictis
1798 3354 1923 3415 circum·

1137 3445 1258 3507 stantiis
1279 3442 1320 3525 et]
1333 3445 1434 3506 causis
1456 3464 1630 3525 exponere,
1654 3445 1721 3506 sive
1740 3443 1850 3516 latino,
1865 3439 1922 3501 sire

1140 3551 1337 3613 quocumque
1359 3534 1420 3594 alia
1441 3531 1591 3595 idiomate
1613 3533 1750 3612 propriae
1774 3528 1921 3610 regionis,

1140 3639 1211 3682 narn
1228 3623 1325 3684 Sacra
1339 3621 1575 3684 Poenitentiaria
1593 3640 1666 3682 suos
1681 3640 1720 3681 ex
1734 3631 1923 3700 quacumque

1140 3710 1269 3789 regione
1283 3709 1534 3772 Poenitentiarias
1549 3708 1770 3770 subordinatas
1785 3705 1887 3774 babet
1898 3705 1925 3761 et

1141 3798 1316 3876 exprimant
1333 3798 1462 3876 insuper
1483 3796 1514 3856 in
1535 3799 1597 3858 sine
1612 3794 1815 3875 expositionis
1828 3807 1922 3864 casus,

1140 3904 1265 3962 namen,
1291 3903 1481 3965 cognomen,
1507 3885 1558 3946 cui
1581 3885 1622 3946 sit
1641 3901 1765 3945 asacra
1779 3880 1923 3944 Paeniten-

1139 3975 1231 4037 tiaria
1245 3975 1491 4060 rescribendum,
1518 3975 1640 4036 otianmi
1656 3973 1761 4052 ipsum
1776 3987 1884 4032 nomen
1898 3971 1926 4025 ct
1970 4039 1975 4056 ι

1140 4080 1314 4142 cognomen
1329 4063 1370 4123 sit
1383 4061 1544 4136 fictitium3
1561 4062 1700 4141 itemque
1715 4059 1860 4131 modum,
1876 4071 1925 4133 per

1141 4167 1235 4232 quem
1258 4149 1419 4228 responsio
1442 4168 1554 4211 secura
1572 4148 1665 4228 dirigi
1688 4146 1797 4227 possit,
1819 4143 1926 4223 signifi-

1141 4239 1241 4300 cando
1257 4238 1389 4313 scilicet,
1405 4238 1526 4318 vulgari
1543 4237 1681 4312 nomine,
1699 4235 1860 4314 oppidum,
1875 4247 1925 4291 seu

1142 4325 1304 4387 Civitatem
1325 4330 1357 4387 et
1379 4325 1564 4405 Regionem,
1581 4342 1654 4386 aum
1668 4327 1748 4386 Data
1766 4319 1878 4382 mensis
1898 4320 1927 4378 et

1142 4414 1214 4475 anni
1230 4414 1261 4473 in
1277 4413 1360 4475 hunc
1375 4414 1504 4475 madum
1524 4433 1530 4475 :

1141 4547 1228 4608 lotus
1251 4547 1394 4628 inceptant
1413 4545 1585 4647 Epistulam
1611 4564 1660 4606 seu
1681 4541 1927 4626 Supplicolionem

1501 4653 1542 4696 sac
1565 4653 1574 4695 :

1168 4740 1430 4817 Eminentissima,
1447 4743 1478 4801 et
1492 4738 1762 4802 Reverendissime
1776 4735 1908 4800 Domine,

1184 4859 1221 4918 N.
1247 4855 1359 4917 Mulier
1378 4854 1480 4916 emisit
1499 4858 1607 4915 votnm
1626 4853 1759 4931 simplex
1773 4847 1923 4920 castitatis,

1143 4949 1250 5007 manet
1272 4944 1304 5004 iu
1325 4945 1464 5023 periculo
1479 4941 1726 5018 incontinentia,
1743 4940 1800 5002 nisi
1818 4937 1924 5004 nubae

1145 5033 1300 5112 supplicat
1318 5031 1378 5093 sibi
1397 5037 1504 5092 votum
1526 5029 1714 5091 commutari
1735 5029 1925 5090 adnitentum

1145 5119 1351 5181 contrahendi
1368 5118 1616 5180 matrimonium.

1174 5261 1202 5322 T
1199 5259 1341 5322 ermr'oout
1354 5259 1387 5320 E
1382 5260 1521 5342 pistoloru
1534 5279 1584 5321 seu
1597 5257 1842 5341 Suppliootionon
1854 5254 1906 5315 sic:

1185 5386 1338 5465 Dignatur
1364 5384 1542 5446 Eminentia
1564 5385 1678 5444 Vestra
1705 5381 1867 5444 rescribere
1887 5375 1924 5436 ad

1146 5477 1211 5538 NN.
1238 5479 1269 5536 et
1287 5473 1464 5555 exprimant
1488 5491 1603 5538 namen
1628 5477 1661 5536 ot
1683 5487 1852 5554 cognomen
1878 5481 1925 5528 cur
