3976 6348
717 523 769 584 DE
790 521 993 584 CENSURIS.
1615 529 1673 590 277

57 707 170 772 munitor
189 707 283 769 habet
305 707 400 770 talem
428 709 615 786 potestatem
643 725 819 786 annexam,
877 715 1053 787 reservata,
1079 713 1209 789 propter
1238 709 1498 791 impedimentum
1522 710 1590 793 ejus
1619 713 1672 794 qui

58 795 230 877 presumptio
252 798 285 857 et
298 797 452 874 possessio
476 795 535 858 erit
558 813 616 875 pro
640 796 820 876 superiore;
878 798 1028 876 incurrit,
1055 799 1106 860 vel
1128 799 1254 882 quando
1274 804 1404 878 propter
1425 797 1566 875 senium,
1591 815 1674 860 mor·

56 885 124 948 utin
144 883 230 944 simili
251 883 337 944 circa
358 889 547 962 potestatem
570 884 691 947 terendi
704 884 820 964 legem,
877 886 964 963 bum,
981 905 1102 963 sexum,
1118 886 1304 966 pauperiem
1328 887 1471 948 Pontifex
1494 905 1557 949 non
1570 890 1674 966 potest

56 973 104 1035 diri
116 973 135 1032 l.
150 975 176 1048 1,
192 989 223 1033 n.
239 974 310 1032 591.
878 975 976 1047 adiri;
1006 977 1084 1038 Bon.
1117 976 1139 1038 I.
1169 994 1194 1038 c.
1231 993 1269 1038 cx
1296 977 1373 1037 Nav.
1405 975 1520 1039 Sanoh.
1547 976 1670 1054 Avila,

13 1075 37 1124 ct
84 1059 135 1140 §⁶-
149 1058 178 1121 Si
192 1059 316 1121 dubites
329 1078 370 1120 an
384 1059 426 1121 sis
440 1060 554 1142 ligatus
574 1060 695 1142 majore
710 1080 751 1124 an
765 1061 824 1120 rni-
878 1065 957 1126 Kon.
976 1071 1036 1126 etc.
1612 1089 1619 1102 ·

14 1147 15 1150 ’
55 1164 115 1208 nore
127 1165 262 1224 censura,
279 1148 355 1208 item
370 1167 410 1209 an
424 1149 496 1210 latae
517 1150 568 1210 vel
581 1153 704 1211 tantum
719 1150 824 1210 feren·
918 1175 932 1211 a
952 1154 1211 1232 ResplILqulti
1226 1153 1573 1233 Religiosi,praesertim
1587 1157 1672 1218 Men·

54 1234 93 1294 de
111 1235 273 1313 mutandae,
298 1240 370 1298 tene
394 1235 478 1316 qnod
502 1237 606 1298 minus
626 1240 683 1313 est,
702 1237 776 1318 quie
790 1237 823 1296 in
879 1241 1029 1318 dicantes,
1053 1244 1185 1320 possunt
1206 1259 1244 1302 ex
1268 1241 1331 1302 suis
1350 1241 1521 1322 privilegiis
1537 1243 1580 1322 (in
1604 1242 1672 1306 foro

52 1323 127 1405 porn'r
145 1321 293 1404 torpatur
315 1331 355 1384 cst
377 1322 580 1404 interpretatio
602 1323 750 1403 sonanda,
775 1343 825 1384 se·
878 1332 984 1391 tamen
1008 1330 1129 1390 interno
1154 1327 1300 1408 tantum),
1322 1330 1449 1391 avariis
1464 1330 1602 1398 censuris
1618 1330 1674 1392 ab·

13 1457 14 1464 .
55 1411 169 1473 cundum
183 1411 268 1472 dicta
282 1410 303 1472 l.
330 1413 359 1488 I,
385 1429 416 1470 n.
434 1413 491 1474 596
507 1415 538 1473 et
556 1411 699 1490 pluribus
720 1411 824 1472 adbuc
879 1418 1010 1478 solvere.
1028 1418 1066 1480 V.
1083 1416 1173 1478 Dian.
1188 1436 1220 1497 p.
1241 1420 1271 1493 9,
1289 1425 1329 1477 tr.
1351 1421 1381 1494 l,
1406 1417 1443 1480 It.
1461 1421 1510 1480 63.
1537 1421 1674 1491 Quarca

54 1498 115 1560 ibid.
130 1517 159 1560 n.
174 1501 244 1560 826.
879 1505 1099 1584 Superioribus
1124 1504 1187 1566 suis
1211 1505 1264 1566 illa
1277 1506 1443 1586 privilegia
1463 1512 1583 1587 petant,
1599 1525 1672 1568 cum

86 1585 152 1659 Ouid
176 1585 346 1648 tenendum
371 1586 466 1649 sitin
494 1586 590 1648 dubio
614 1607 655 1648 an
679 1588 746 1648 sine
769 1591 823 1649 tuo
878 1593 919 1654 ad
947 1593 1158 1654 confessiones
1186 1593 1360 1656 audiendas
1394 1601 1613 1674 exponentur;
1644 1597 1676 1656 et

66 1674 178 1736 nudato
199 1677 249 1736 vel
270 1676 399 1737 consilio
423 1676 543 1754 positus
563 1676 673 1738 fuisset
696 1679 824 1738 allectus
878 1680 963 1742 circa
977 1700 1014 1742 ea
1028 1685 1196 1762 sequentes
1211 1682 1336 1762 regulas
1352 1689 1547 1764 sequantur:

86 1763 90 1772 '
116 1781 244 1824 censura
260 1763 450 1843 prohibitus,
474 1764 584 1826 dixin.
601 1769 652 1826 66.
669 1765 823 1826 Dodobin
918 1791 932 1828 n
951 1769 1068 1830 Primo.
1087 1770 1144 1842 Qui
1165 1769 1261 1830 babet
1281 1773 1468 1849 potestatem
1490 1772 1673 1834 absolvendi

132 1851 252 1914 nellatio
267 1853 307 1915 sit
320 1852 472 1931 legitima,
490 1852 553 1914 dixi
569 1871 599 1913 n.
618 1857 688 1917 112.
706 1856 750 1915 De
766 1853 825 1914 du·
878 1857 1049 1918 accusaris
1064 1857 1229 1919 reservatis
1243 1859 1420 1938 Episcopo,
1436 1878 1498 1922 non
1518 1865 1621 1942 potest
1641 1859 1673 1922 vi

157 1958 284 2000 rensnra
298 1941 338 2001 sit
352 1941 416 2002 lata
429 1945 514 2017 ante,
540 1958 581 2001 an
595 1947 667 2020 post
682 1942 823 2022 appella·
878 1944 960 2005 illins
974 1945 1136 2006 absolvere
1151 1963 1171 2005 a
1184 1947 1353 2007 reservatis
1367 1949 1471 2027 Papae.

187 2027 525 2108 *despondentes
552 2049 578 2091 c.
602 2028 694 2090 Almo
717 2037 821 2106 mater,
918 2055 932 2092 n
960 2031 1107 2094 Secundo.
1125 2033 1183 2105 Qui
1194 2032 1290 2094 habet
1304 2039 1491 2112 potestatem
1506 2035 1674 2099 absolven-

214 2137 243 2178 η.
259 2121 290 2179 5.
306 2120 350 2178 De
365 2118 461 2184 ¹dnbio
477 2136 517 2178 an
542 2119 677 2179 tenearis
703 2119 794 2180 satist
810 2153 826 2164 -
879 2122 909 2182 di
926 2141 945 2183 a
959 2123 1125 2184 reservatis
1140 2125 1243 2202 Papae,
1261 2139 1323 2182 non
1338 2129 1485 2186 censetur
1503 2143 1595 2206 possa
1617 2125 1673 2188 ab·

163 2223 284 2286 equam
299 2206 482 2283 absolvaris,
500 2205 603 2268 dicam
619 2226 650 2268 n.
669 2209 737 2268 172.
879 2211 999 2272 solvere
1024 2229 1043 2271 a
1066 2211 1205 2272 censuris
1219 2211 1316 2275 Bnllae
1338 2213 1450 2289 Coenae,
1468 2231 1505 2274 eo
1522 2214 1608 2295 quod
1623 2213 1672 2276 bae

880 2302 1067 2359 censeantur
1079 2298 1226 2378 majores,
1240 2315 1297 2358 nec
1311 2300 1535 2378 comprehendi
1551 2300 1584 2362 in
1600 2319 1673 2362 con·

880 2386 1020 2448 cessione
1034 2385 1194 2466 generali;
1211 2386 1302 2448 Dian.
1315 2406 1350 2468 p.
1368 2391 1398 2455 5,
1415 2395 1455 2449 tr.
1473 2391 1521 2466 12,
1538 2388 1604 2452 Res.
1620 2391 1671 2466 ct,

290 2506 549 2568 DUBIUMV
640 2481 642 2484 ’
880 2473 1396 2535 exSuar.etc.contraBossium.

13 2539 16 2672 Ι
552 2550 560 2566 ’
919 2583 933 2618 r
962 2562 1073 2622 Tertio.
1091 2560 1148 2634 Qui
1172 2559 1267 2620 habet
1281 2564 1468 2639 potestatem
1487 2562 1672 2625 absolvendi

13 2675 33 2784 t
136 2666 190 2742 ‘l‘
207 2667 322 2748 ‘'rt‘'
347 2666 496 2730 ⁰⁶³⁰²⁶⁶r⁶
523 2686 542 2730 ⁰
879 2647 1581 2816 i..iiiiiiiiiiiilbiiiiiii?..³
1595 2652 1671 2802 tlt
1732 2749 1740 2758 -

13 2805 15 2896 ξ
878 2825 960 2902 latis,
977 2825 1033 2886 etsi
1050 2824 1144 2906 aliqui
1160 2828 1276 2904 negent
1289 2823 1328 2884 de
1349 2827 1671 2889 excommunicatione

85 2936 98 2972 n
116 2917 203 2994 Resp.
219 2917 242 2976 1.
260 2917 286 2977 Α
309 2933 443 2976 censura
466 2915 531 2976 lata
553 2932 611 2993 per
634 2915 824 2976 sententiam
879 2916 1040 2973 contracta
1061 2915 1191 2990 propter
1212 2911 1367 2988 heresim,
1384 2911 1423 2972 de
1448 2931 1512 2992 qna
1530 2914 1582 2976 alii
1597 2933 1672 2995 pro·

13 3003 16 3078 t
49 3002 263 3082 particularem,
280 3002 438 3064 ordinarie
454 3002 481 3063 is
502 3006 625 3064 tanturn
646 3007 749 3082 potest
771 3003 825 3063 ab·
878 2999 1012 3060 habilius
1027 3000 1194 3075 affirmant,
1212 2999 1387 3078 praesertim
1410 3019 1466 3079 pro
1489 3003 1670 3081 regionibus

13 3087 15 3158 l
50 3092 155 3152 solvere
177 3092 228 3172 qui
252 3110 322 3152 eam
337 3091 418 3167 tulit,
440 3090 488 3152 vel
504 3090 572 3170 ejus
597 3090 755 3169 Superior,
777 3091 824 3151 vel
879 3087 1183 3167 septentrionalibus,
1201 3106 1258 3166 pro
1275 3087 1388 3167 quibus
1412 3088 1529 3170 alioqui
1544 3108 1671 3152 conces·

50 3197 202 3256 comessor,
218 3177 268 3239 vel
294 3176 466 3256 delegatus.
483 3176 532 3237 Ab
554 3194 593 3236 ea
611 3195 681 3256 quae
702 3176 763 3238 lata
778 3181 825 3236 est
878 3176 924 3236 sio
939 3175 969 3234 in
985 3193 1132 3253 magnam
1146 3179 1268 3252 partem
1283 3179 1365 3234 essct
1378 3174 1506 3237 inutilis.

50 3269 143 3328 stura
162 3264 331 3338 communi,
348 3266 397 3325 vel
413 3265 452 3324 ab
468 3264 595 3325 homine
620 3281 676 3342 per
698 3266 824 3323 senten·
917 3285 931 3321 r
960 3262 1083 3337 Quarta.
1101 3265 1234 3323 Possunt
1255 3262 1426 3341 Regulares
1446 3281 1504 3342 per
1526 3283 1584 3325 sua
1607 3265 1670 3346 pri·

13 3339 15 3392 ²
51 3355 113 3416 tiam
126 3354 312 3434 generalem,
338 3352 363 3412 si
384 3370 445 3412 non
470 3353 510 3414 sit
533 3355 703 3426 reservata,
720 3353 824 3428 potest
878 3351 1002 3429 vilegia‚
1013 3349 1141 3410 sicutab
1152 3349 1221 3410 aliis
1232 3349 1371 3410 censuris
1382 3353 1474 3429 Papae
1488 3355 1668 3432 reservatis,

13 3393 22 3514 i
50 3443 193 3504 absolvere
214 3440 316 3522 quivis
340 3441 392 3520 qui
417 3443 619 3502 censuratum
643 3443 745 3518 potest
768 3437 824 3498 ab·
877 3439 921 3500 ita
934 3439 1028 3498 etiam
1043 3438 1203 3499 absolvere
1219 3437 1321 3498 duello
1334 3442 1490 3502 certantes
1507 3439 1603 3520 (idem
1616 3442 1670 3504 dic

13 3521 16 3600 ξ
50 3530 154 3590 solrere
177 3549 197 3592 a
217 3529 421 3599 mortalibus3
445 3529 470 3588 si
494 3545 568 3588 vero
593 3527 633 3586 sit
651 3529 821 3602 reservata,
878 3528 917 3588 de
945 3527 1097 3587 similibus
1129 3526 1275 3606 casibus),
1306 3529 1376 3604 post
1411 3529 1670 3592 constitutionem

50 3618 352 3698 ordinaricetpcrse
373 3619 475 3697 potest
496 3615 822 3676 tantumrelaxariab
866 3614 973 3694 stem.
1006 3613 1092 3692 VIII,
1117 3614 1207 3675 sicuti
1231 3617 1378 3693 poterant
1400 3619 1570 3694 antaeum,
1587 3635 1670 3697 prae-

13 3685 18 3784 ἶ
50 3709 161 3767 auctme
180 3705 345 3784 legia,rcl
363 3703 430 3784 ejus
454 3719 652 3778 successore,
669 3703 718 3762 vel
739 3702 824 3762 dele·
877 3707 1021 3784 terqnam
1046 3703 1077 3762 in
1100 3702 1190 3763 Italia
1213 3705 1300 3762 extra
1326 3701 1477 3764 Urbem:
1512 3705 1607 3786 idque
1631 3724 1670 3768 ex

13 3787 16 3852 l
49 3798 120 3874 gam,
878 3791 1088 3852 declaratione
1112 3791 1275 3869 ipsiusmet
1301 3787 1392 3852 Cloe.
1423 3791 1507 3870 apud
1535 3792 1671 3856 Comite-

13 3859 17 3884 ³
81 3881 414 3946 ualetudinaria:
438 3882 513 3962 quin
535 3882 566 3942 in
589 3882 720 3945 articulo
737 3898 824 3942 mor·
876 3880 943 3939 lum
967 3878 989 3940 I.
1015 3881 1034 3940 6
1058 3878 1135 3938 Mor.
1163 3878 1273 3957 Regin.
1298 3877 1320 3939 l.
1341 3881 1390 3956 Pl,
1415 3899 1445 3940 a.
1461 3883 1519 3952 83;
1543 3880 1610 3943 rili.
1628 3887 1667 3944 tr.

50 3970 81 4032 tis
93 3971 186 4053 quiris
202 3971 356 4034 Sacerdos
370 3970 532 4032 absolvere
551 3976 655 4050 potest
673 3989 692 4032 a
713 3969 823 4050 quatis
878 3970 926 4044 15,
944 3987 969 4028 c.
986 3969 1151 4044 53Laym.
1169 3965 1192 4027 l.
1209 3967 1239 4043 3,
1256 3975 1296 4026 tr.
1311 3967 1341 4043 3,
1355 3985 1386 4047 p.
1407 3969 1437 4044 3,
1453 3986 1479 4029 c.
1496 3971 1527 4029 5.

50 4077 175 4122 sensura,
916 4079 930 4116 n
957 4059 1049 4134 Resp.
1066 4055 1117 4116 IV.
1135 4053 1247 4132 Ampla
1271 4053 1365 4114 etiarn
1387 4055 1467 4117 solet
1481 4055 1548 4118 dari
1564 4061 1669 4139 potes·

13 4129 15 4164 ⁵
81 4171 93 4205 r
115 4148 180 4210 Dixi
195 4149 232 4209 ll.
249 4145 310 4208 Per
322 4165 375 4208 se:
400 4147 474 4226 quia
488 4164 545 4224 per
566 4146 722 4224 accidens,
740 4151 772 4207 et
785 4167 823 4208 ex
876 4150 925 4204 tas
939 4163 958 4204 a
972 4143 1111 4205 censuris
1126 4140 1307 4202 absolvendi
1332 4140 1363 4199 in
1378 4142 1529 4220 Jubilaeis,
1546 4143 1578 4204 in
1602 4145 1669 4226 qui·

13 4165 16 4360 ξ
49 4235 195 4384 ἔήνῦῗςίο
210 4238 342 4384 plossunt
365 4233 460 4294 etiarn
476 4233 540 4310 alii,
565 4235 675 4312 Laym.
692 4233 714 4296 I.
736 4238 765 4312 1,
782 4243 820 4296 tr.
876 4233 935 4381 btus
953 4228 1669 4382 (1113θέ191οουὲἰιῖθταηὲἰιυὲηἐἷῃιιίἑίἳᾳυαηῒῐυω

13 4361 15 4378 .
107 4371 114 4385 ,
175 4343 201 4385 c.
239 4368 248 4383 .
878 4337 1037 4400 equomo
1061 4335 1189 4379 oconce
1214 4335 1294 4377 aur.
1335 4337 1344 4376 1
1380 4336 1411 4377 nr
1482 4337 1669 4400 aurpoes·

66 4341 105 4470 'ri
115 4371 206 4493 Re’sp.
222 4414 260 4475 ll.
277 4411 432 4489 Episcopi,
451 4411 623 4471 secundum
634 4411 720 4473 Trid.
736 4416 821 4490 att,
876 4411 925 4468 tas
948 4406 1128 4468 absolvendi
1153 4423 1173 4464 a
1200 4405 1323 4464 casibus
1351 4407 1518 4469 reservatis
1547 4411 1664 4487 Papae,

49 4504 101 4578 nt,
109 4498 468 4581 possunt:l.1lbsolvere
483 4498 514 4558 in
529 4499 597 4559 loro
612 4497 822 4574 conscientiae,
878 4495 973 4557 etiam
996 4494 1178 4556 conceditur
1200 4497 1338 4572 potestas
1363 4494 1546 4557 absolvendi
1565 4514 1669 4558 acen·

13 4581 18 4716 l
48 4605 96 4666 per
118 4606 149 4649 se
172 4587 222 4650 vel
243 4585 415 4662 vicar-ium,
441 4585 481 4646 ab
511 4585 656 4646 omnibns
684 4585 824 4648 censuris
878 4582 957 4644 suris
972 4586 1064 4661 Papae
1079 4581 1255 4658 reservans,
1269 4580 1343 4661 quia
1357 4580 1383 4642 is
1398 4599 1460 4642 non
1475 4583 1555 4645 solet
1569 4602 1670 4646 reser-

49 4675 173 4754 occnltis,
189 4674 285 4735 etiarn
298 4673 330 4733 in
344 4673 434 4734 Bulla
449 4691 547 4735 coenae
568 4675 662 4752 Papae
682 4691 824 4734 reserva-
877 4691 952 4733 vare
975 4689 1076 4747 casus,
1104 4669 1164 4729 nisi
1185 4669 1305 4730 rollone
1328 4688 1468 4730 censorae
1487 4670 1667 4752 adjunctae:

49 4762 91 4840 tia,
104 4766 231 4841 excepta
244 4761 367 4838 haeresi,
384 4779 480 4841 aqua
494 4779 550 4840 per
568 4761 688 4840 seipsos
702 4765 824 4822 tantum
877 4779 971 4840 porro
991 4759 1143 4820 absolutio
1167 4759 1240 4820 data
1264 4760 1421 4821 confitenti
1446 4760 1530 4822 bona
1551 4762 1613 4823 fide
1636 4761 1669 4822 in

49 4851 195 4914 absolvere
219 4855 350 4929 possunt
371 4851 534 4931 (quantum
559 4853 605 4911 est
628 4869 667 4910 ex
684 4849 713 4910 ri
730 4849 824 4930 hujus
877 4848 1021 4924 anilaro,
1047 4865 1119 4908 cum
1137 4847 1308 4908 intentione
1333 4847 1475 4909 lucrandi
1497 4849 1584 4928 illud,
1611 4849 1669 4912 etsi

48 4939 178 5020 Decreti).
195 4938 315 5000 Dicitur
335 4944 439 4999 autern
454 4957 587 4999 censura
609 4938 731 4998 occulta
755 4957 824 5016 quea
877 4941 986 5016 postca
1010 4934 1057 4995 vel
1080 4954 1137 4996 sun
1160 4935 1350 5014 negligentia
1372 4935 1423 4996 vel
1442 4941 1571 5016 propter
1584 4936 1669 4998 aliud

48 5033 195 5090 mntracta
209 5031 256 5088 est
270 5028 311 5088 ob
332 5027 481 5088 delictum
505 5045 567 5086 non
589 5025 750 5104 publicum
766 5045 824 5087 nec
878 5025 1136 5104 impedimentum
1161 5042 1222 5084 non
1243 5025 1393 5090 lucretur,
1417 5030 1465 5084 est
1478 5027 1593 5094 valida.
1611 5027 1670 5088 tol-

50 5113 82 5174 ad
105 5117 205 5176 lorum
232 5115 462 5177 contentiosum
490 5115 684 5189 deductum,
710 5119 764 5176 out
798 5117 823 5177 si
877 5113 974 5191 litque
990 5130 1178 5172 censuram:
1202 5129 1292 5172 secus
1306 5110 1332 5170 si
1347 5111 1387 5171 ab
1402 5111 1489 5173 initio
1504 5114 1670 5193 Indulgen-

51 5199 206 5266 tlednctnm
240 5203 310 5280 fnit,
345 5221 364 5263 e
395 5221 458 5281 qno
492 5221 563 5263 rens
598 5207 638 5262 ob
667 5201 824 5264 delectum
877 5201 938 5261 tias
961 5200 1074 5260 lucrari
1097 5199 1242 5276 noluorIt,
1269 5217 1305 5258 co
1330 5200 1413 5260 enim
1433 5201 1671 5280 casuprobabi·
1770 5225 1771 5228 ¹

49 5291 227 5368 ltmbationis
254 5291 312 5351 fuit
339 5290 518 5360 absolutus;
557 5291 634 5350 Bon.
665 5289 696 5350 d.
734 5293 762 5367 l,
792 5312 822 5372 q.
878 5289 998 5349 lineost
1018 5287 1671 5370 absolutioncmnonvalere,ettampcc-

50 5377 75 5452 3,
92 5397 117 5438 n.
134 5382 181 5455 15,
203 5384 234 5440 et
245 5398 278 5460 p.
299 5381 329 5454 Ξ,
354 5398 385 5439 n.
410 5382 439 5454 1,
464 5397 502 5438 er
515 5376 575 5438 deo.
602 5377 690 5439 Cord.
715 5387 768 5438 ete.
792 5383 821 5440 2.
879 5381 948 5437 cata
971 5381 1130 5436 reservata
1151 5393 1245 5454 quarn
1268 5392 1433 5436 censuram
1458 5375 1497 5436 de
1521 5395 1602 5438 novo
1618 5378 1670 5438 de·

49 5463 167 5528 Possunt
178 5468 274 5528 etiarn
286 5483 368 5546 saepo
379 5465 541 5528 absolvere
557 5484 716 5528 acensura
731 5469 824 5546 Papae
879 5465 952 5524 bere
968 5463 1033 5525 tolli
1049 5463 1088 5525 ab
1105 5479 1140 5522 eo
1157 5461 1209 5540 qui
1221 5463 1327 5540 potest
1337 5463 1451 5526 estrat
1457 5462 1613 5536 nbilaenm.
