3986 6350
307 525 366 586 428
1025 531 1142 596 LIBER
1169 533 1222 595 lX.

347 712 556 776 Confirmatur
578 715 608 775 3.
633 714 713 788 Quia
740 715 963 778 alienissimum
986 722 1034 780 est
1060 718 1100 780 ab
1155 717 1249 778 modo
1272 715 1415 792 latentes,
1440 714 1536 776 modo
1561 715 1738 792 negantes;
1764 715 1798 775 ut
1818 715 1925 778 suadet
1974 737 1976 776 ι

308 800 455 864 Ecclesiae
479 800 650 879 Sapientia,
676 805 864 880 potestatem
892 823 912 865 a
939 805 1100 884 quibusvis
1155 823 1218 866 uon
1233 803 1393 884 expedire,
1411 802 1496 882 quod
1520 801 1564 862 ita
1590 801 1702 862 crebro
1717 805 1924 880 repetantCon·

309 887 446 967 peccatis
460 887 653 964 absolvendi,
671 889 816 950 omnibus
829 890 1101 954 indiscriminatim
1155 891 1305 952 sessiones
1320 889 1484 970 generales
1501 908 1509 962 ;
1528 890 1562 950 ut
1576 887 1659 948 sinat
1673 889 1811 967 protrahi
1824 891 1927 951 Cocles

311 974 549 1050 Sacerdotibus,
580 975 674 1036 etiam
698 994 770 1037 cum
797 979 913 1040 adsunt
939 978 1042 1040 idonei
1071 983 1102 1039 et
1157 980 1277 1041 sionem
1305 979 1346 1040 ad
1375 977 1505 1038 diffusos
1532 976 1720 1053 discursus,
1751 995 1819 1057 qua
1843 977 1927 1038 verbis

309 1061 450 1142 legitimi,
477 1062 662 1124 concedere.
683 1065 762 1124 Nam
777 1064 803 1126 si
824 1065 932 1126 fideles
947 1066 978 1125 in
992 1065 1101 1126 mortis
1156 1068 1247 1128 valde
1269 1063 1500 1144 compendiosis
1524 1067 1632 1142 posset
1654 1065 1790 1142 peragi;
1817 1068 1848 1125 ut
1866 1064 1929 1124 leret
1975 1101 1976 1120 2

310 1149 441 1214 articulo
456 1149 615 1210 constituti
631 1154 662 1212 et
680 1157 801 1213 semota
825 1154 1008 1215 necessitate
1030 1171 1102 1232 pos·
1157 1156 1242 1217 idem
1257 1157 1421 1234 peccatum
1438 1151 1470 1212 in
1486 1152 1598 1212 eadem
1622 1151 1821 1212 Confessione
1837 1151 1928 1210 iterum
1974 1153 1977 1232 χ

310 1241 380 1300 sent
393 1236 596 1298 confessionis
607 1256 703 1300 causa
714 1240 885 1320 quemlibet
899 1241 1102 1304 Sacerdotem
1158 1247 1252 1322 atque
1271 1241 1383 1302 iterum
1406 1238 1554 1317 exprimi,
1581 1242 1613 1300 et
1640 1238 1769 1317 quidem
1795 1237 1857 1298 sine
1880 1239 1929 1298 ulla

310 1325 405 1388 etiam
433 1342 495 1384 nou
524 1326 733 1404 approbatum
761 1333 816 1389 aut
843 1346 976 1390 censura
998 1328 1103 1409 aliqua
1158 1329 1284 1391 omnino
1299 1327 1483 1388 necessitate
1503 1345 1510 1397 ;
1529 1329 1563 1386 ut
1577 1325 1809 1405 insurgentium
1825 1343 1930 1405 serupu-
1975 1319 1977 1348 ³

310 1413 465 1476 irretitum
486 1432 671 1488 accersere;
698 1417 819 1495 quoties
850 1417 1047 1496 contingeret
1069 1419 1105 1477 ut
1158 1418 1260 1478 lorum
1291 1414 1390 1475 nubes
1419 1413 1579 1494 disjiciat3
1618 1419 1653 1474 ut
1683 1413 1887 1492 pusillanimes
1908 1413 1930 1474 in
1975 1477 1977 1496 ,

311 1505 444 1566 salutem
468 1521 557 1564 suam
580 1503 612 1564 in
646 1504 705 1565 hoc
733 1505 913 1566 Decretorio
941 1508 1101 1566 momento
1158 1523 1247 1584 spem
1263 1503 1380 1566 Salutis
1394 1507 1518 1563 aeterna
1538 1501 1663 1580 erigat;
1681 1505 1717 1562 ut
1741 1500 1931 1562 remissionem
1975 1503 1977 1572 ᾖ

312 1591 473 1654 Sacerdoti
485 1591 588 1652 minus
603 1592 715 1653 idoneo
727 1594 968 1670 committerent,
980 1593 1029 1654 vel
1041 1610 1103 1652 non
1159 1592 1345 1672 injuriarum
1360 1591 1465 1650 animo
1486 1588 1627 1651 tenacius
1650 1589 1867 1650 inhaerentium
1878 1607 1931 1648 sua·

312 1679 387 1742 satis
402 1679 493 1740 docto
509 1679 534 1740 si
550 1698 612 1740 non
628 1681 830 1759 approbatus,
847 1683 896 1742 vel
921 1681 1063 1761 improbo
1078 1678 1104 1740 si
1160 1681 1232 1741 deat
1248 1699 1255 1752 ;
1281 1683 1315 1740 ut
1338 1677 1467 1738 inducat
1481 1677 1523 1737 ad
1536 1676 1644 1756 lugam
1668 1677 1862 1738 occasionum
1876 1693 1932 1753 pro·

313 1785 481 1846 suspensus
496 1769 550 1828 aut
568 1768 879 1829 excommunicatus?
1158 1767 1347 1836 ximarum;
1378 1768 1412 1825 ut
1439 1761 1575 1842 denique
1604 1763 1759 1824 sustineat
1790 1762 1932 1822 mulierum

355 1856 488 1936 objicies.
505 1854 719 1917 Indubitatum
743 1857 835 1917 estin
851 1873 925 1916 casu
940 1854 1105 1915 necessita·
1159 1855 1333 1920 levitatem,
1351 1851 1506 1913 inscitiam
1521 1869 1559 1912 ac
1574 1851 1827 1914 inconstantiam.

313 1942 354 2004 tis
373 1955 464 2022 posse
488 1943 660 2021 quemlibet
688 1944 891 2005 Sacerdotem
919 1943 1014 2004 etiam
1042 1960 1104 2003 non
1201 1945 1230 2002 2.
1248 1941 1311 2003 Etsi
1328 1940 1533 2019 poenitentem
1547 1958 1605 2017 per
1622 1957 1657 1998 se
1673 1940 1867 2000 confitentem
1879 1954 1933 2016 pec

315 2031 524 2109 approbatum
552 2035 607 2090 aut
634 2048 767 2092 censura
794 2031 960 2107 irretitum,
984 2030 1047 2090 imo
1076 2033 1107 2091 et
1166 2035 1246 2106 cata,
1273 2047 1407 2110 quorum
1430 2032 1502 2107 post
1521 2027 1669 2088 idoneum
1685 2045 1816 2089 examen
1829 2025 1933 2104 expedi·

315 2117 523 2198 degradatum
539 2117 641 2178 valide
661 2119 835 2180 absolvere.
862 2121 955 2196 ltesp.
979 2121 1103 2193 Fateor,
1164 2123 1231 2180 tam
1246 2116 1342 2178 habet
1356 2115 1554 2192 memoriam,
1576 2115 1689 2176 melius
1712 2119 1761 2177 est
1781 2133 1840 2176 non
1861 2114 1933 2174 iuter·
1977 2129 1978 2190 j

315 2208 371 2270 sed
386 2223 466 2284 nego
482 2205 514 2265 id
537 2205 671 2266 voluisse
691 2207 863 2268 Concilium
877 2205 909 2267 in
925 2206 1027 2284 capite
1041 2206 1107 2267 lau·
1162 2207 1300 2286 pellare,
1324 2204 1416 2284 juvat
1437 2208 1544 2266 tamen
1566 2203 1737 2284 aliquando
1760 2202 1934 2264 brevibuset
1977 2196 1979 2270 i

316 2295 389 2355 dato
414 2291 563 2366 delinire3
589 2293 735 2373 quodque
758 2297 881 2355 constat
902 2312 940 2353 ex
955 2296 1108 2372 perpetua
1162 2293 1286 2354 selectis
1300 2293 1407 2353 verbis
1421 2293 1556 2354 excitare
1574 2291 1615 2353 ad
1631 2292 1777 2352 dolorem
1791 2290 1822 2352 in
1834 2287 1933 2369 gravio

315 2381 463 2444 Ecclesiae
483 2382 572 2460 praxi
595 2385 627 2444 et
646 2382 785 2443 unanimi
808 2385 976 2444 Doctorum
1001 2400 1105 2458 sensu,
1162 2379 1250 2440 ribus
1264 2379 1411 2458 peccatis,
1427 2379 1565 2440 maxime
1580 2396 1653 2438 cum
1668 2377 1739 2457 quis
1754 2395 1816 2438 uon
1833 2377 1933 2437 videtur

317 2488 355 2530 ne
379 2488 441 2530 uno
464 2471 590 2550 quidem
610 2477 752 2550 excepto,
782 2489 844 2532 non
867 2474 934 2532 erat
952 2470 1002 2530 hic
1021 2470 1109 2531 locus
1163 2486 1277 2546 magno
1293 2487 1364 2528 cum
1380 2469 1493 2528 ellectu
1509 2465 1626 2528 doloris
1642 2465 1798 2527 confiteri.

317 2556 400 2618 istud
415 2557 594 2619 definiendi.
618 2561 775 2620 Praeterea
800 2561 1028 2636 Argumentum
1053 2557 1109 2617 hu·
1203 2559 1232 2616 3.
1246 2555 1277 2617 Si
1293 2554 1448 2633 paenitens
1462 2556 1574 2616 afferat
1587 2552 1707 2634 aliquid
1722 2570 1857 2626 enorme,
1875 2553 1933 2612 Coa
1977 2589 1979 2628 ι

314 2645 452 2727 jusmodi
468 2647 508 2706 ad
519 2645 772 2726 jurisdictionem
792 2651 922 2725 spectat,
945 2646 985 2707 de
1000 2663 1063 2726 qua
1077 2645 1109 2705 in
1164 2643 1311 2705 fessarius
1326 2647 1446 2720 caveat,
1465 2661 1503 2702 ne
1526 2642 1590 2702 ulla
1609 2641 1664 2702 det
1677 2640 1770 2719 sigua
1783 2637 1933 2700 admiratio

316 2736 510 2812 7Cap.non
532 2733 597 2813 agit
622 2735 805 2810 Concilium,
829 2735 884 2795 scd
909 2735 948 2794 de
975 2733 1110 2794 solaco·
1165 2733 1213 2793 nis
1240 2732 1289 2792 vel
1317 2730 1563 2810 indignationis;
1597 2727 1642 2788 sic
1667 2728 1752 2788 enim
1783 2727 1935 2788 deterreta
1978 2723 1980 2738 ¹

318 2837 411 2881 suum
425 2821 649 2882 reservatione.
673 2824 830 2882 Hactenus
854 2821 892 2881 de
913 2819 1110 2882 lurisdictio·
1165 2820 1348 2898 detegendis
1375 2818 1504 2899 reliquis
1521 2837 1529 2890 ;
1545 2815 1799 2894 increpationem
1813 2811 1934 2874 verodu-

318 2927 358 2969 ne
380 2913 411 2970 et
434 2909 508 2971 satis
525 2909 565 2970 ad
585 2910 779 2988 propositum
801 2913 952 2971 nostrum.
975 2911 1111 2970 Casuum
1164 2907 1290 2983 dorem,
1307 2907 1332 2967 si
1348 2926 1410 2987 qua
1425 2907 1464 2967 sit
1478 2923 1567 2983 opus,
1584 2902 1761 2982 aliquando
1777 2897 1934 2962 ditierretad
1978 2903 1980 2980 ι

319 2999 426 3056 autem
447 2995 552 3076 quiin
574 2996 634 3057 hac
661 2997 794 3057 materia
818 2995 943 3056 evenire
967 3004 1109 3074 possunt,
1166 2997 1261 3056 finem
1280 2994 1503 3057 Confessionis.
1530 2994 1650 3054 Caveat
1672 2990 1770 3050 etiam
1791 2990 1935 3068 siguaua-
1978 3039 1980 3082 3

320 3083 506 3146 solutionem
530 3083 668 3146 inveniet
688 3088 801 3146 Lector
822 3083 978 3145 studiosus
1003 3083 1033 3142 in
1053 3081 1111 3142 hac
1167 3103 1264 3145 nuum
1279 3085 1328 3145 vel
1349 3084 1477 3163 pedum,
1503 3081 1645 3160 aliosque
1668 3082 1774 3140 motus
1799 3073 1933 3155 corporis;
1978 3101 1980 3122 ι

319 3171 491 3249 Th⁰⁰l⁰llifl
513 3171 624 3233 m01'ali
639 3172 706 3234 hil).
728 3176 758 3250 6,
780 3190 811 3250 p.
837 3175 903 3248 tl,a
926 3188 1012 3230 num.
1035 3171 1112 3230 1548
1168 3191 1241 3234 nam
1256 3173 1492 3234 circumstantes
1516 3170 1664 3248 colligere
1686 3171 1741 3228 aut
1765 3166 1869 3227 saltem
1884 3181 1935 3224 sus
1979 3177 1981 3206 ι

320 3260 360 3322 ad
375 3278 461 3322 num.
480 3263 567 3324 1698.
1168 3260 1266 3357 picari
1287 3263 1419 3359 possunt
1445 3259 1486 3319 ad
1509 3257 1585 3357 talia
1608 3255 1701 3354 signa
1722 3253 1785 3314 dici
1816 3250 1936 3332 gravius

1169 3342 1935 3508 ‘lttitttttttttttttttt...n..

593 3553 615 3640 G
631 3551 655 3639 p
670 3551 767 3639 Pup
800 3553 847 3638 'L
1170 3522 1328 3600 appellare
1344 3521 1447 3582 verbis
1467 3519 1527 3579 illis
1542 3517 1734 3591 honorificis,
1752 3533 1820 3595 quaa
1841 3509 1935 3574 invenit

1170 3610 1328 3672 saeoularis
1342 3609 1475 3684 vanitas,
1486 3606 1542 3668 sed
1557 3599 1934 3682 compellendusiispolius,
1979 3613 1981 3686 ι

1171 3715 1252 3778 quae,
1264 3700 1388 3758 servato
1404 3697 1528 3770 decore,
1546 3694 1603 3756 etJ
1608 3691 1708 3753 udicis
1722 3691 1872 3770 loquentis
1884 3703 1937 3748 auo·

384 3778 419 3820 ur
438 3775 627 3822 rationulis
647 3775 681 3820 ar
697 3773 845 3820 rausum
861 3773 887 3818 iv
903 3772 1057 3818 utrumnam
1170 3784 1327 3846 toritatem
1348 3784 1534 3864 significent,
1552 3785 1584 3841 e,
1602 3779 1784 3860 poenipenfis
1808 3777 1935 3846 affectum,

495 3873 679 3922 Pssflflllffllffl
698 3871 940 3918 C⁰NFBS⁵¹⁰N¹⁰U⁵·
1173 3872 1441 3950 humilitatemque
1456 3871 1584 3931 foveant
1598 3871 1628 3928 et
1643 3869 1793 3946 augeant.

1979 3523 1981 3540 v

1979 3559 1981 3584 t

1979 3595 1981 3612 ι

1213 3964 1243 4022 5.
1267 3959 1398 4032 Quando
1420 3957 1577 4037 poenitens
1601 3954 1721 4034 aliquid
1739 3951 1861 4027 omittit,
1874 3943 1936 4028 qnod
1979 3927 1981 3950 ²

367 4054 474 4129 Owst·
499 4044 893 4123 25·-01lid0av⁶ndum
918 4044 1117 4106 tlobtervan·
1172 4047 1348 4124 necessario
1365 4046 1439 4107 addi
1454 4045 1559 4120 debet,
1576 4043 1603 4103 si
1628 4061 1667 4102 ex
1682 4041 1799 4120 scripto
1819 4039 1938 4099 conlitea-
1980 4057 1981 4124 j

325 4142 394 4204 dum
410 4140 435 4204 C
436 4139 595 4219 ousessorio
612 4138 642 4198 in
655 4135 808 4197 audiendis
825 4133 850 4196 C
851 4130 1084 4212 adsertionibus?
1172 4141 1234 4213 tur,
1251 4133 1464 4197 confessarius
1478 4130 1585 4192 statim
1600 4129 1786 4206 interroget,
1803 4143 1838 4186 ue
1854 4126 1938 4218 postet
1980 4199 1981 4202 Ἴ

366 4220 1115 4306 ltesp.seqq.:l.Audiatbonignecontitentem,
1172 4223 1326 4286 memoria
1350 4219 1497 4292 excidat';
1523 4215 1699 4280 tamenim
1730 4231 1794 4276 non
1816 4216 1938 4288 estpars·

327 4323 498 4397 caveatque
513 4333 552 4375 ne
567 4312 676 4375 durius
690 4309 894 4389 increpando,
912 4312 967 4368 aut
986 4308 1118 4386 loquen-
1173 4313 1278 4375 culum
1294 4328 1366 4371 eum
1390 4306 1539 4372 turbandi
1557 4325 1565 4379 ;
1592 4304 1618 4366 si
1642 4307 1751 4364 autem
1764 4303 1804 4363 de
1817 4294 1938 4360 memoria
1980 4309 1981 4314 ’

326 4407 366 4469 tis
379 4405 563 4466 memoriam
577 4401 812 4480 perturbatam
822 4395 1016 4459 erubescenti
1027 4395 1120 4455 silen-
1173 4401 1370 4474 confiteatur,
1395 4399 1548 4474 putetque
1573 4388 1791 4453 Couiessarius
1816 4405 1846 4447 se
1869 4398 1937 4463 potat

327 4496 406 4554 tium
429 4491 592 4569 imponat;
615 4489 678 4548 imo
695 4486 799 4565 potius
824 4484 966 4544 hortetur
988 4485 1118 4560 paterne
1173 4492 1283 4570 postea
1301 4483 1473 4558 recordari,
1500 4483 1605 4543 moute
1627 4478 1764 4540 retineat
1786 4465 1937 4551 circaquod

327 4580 369 4642 ad
391 4581 489 4640 totam
512 4575 650 4638 animam
678 4572 901 4634 effundendam
928 4587 1034 4631 coram
1054 4573 1117 4631 Deo
1173 4579 1338 4656 peccatum
1361 4574 1411 4649 sit,
1437 4577 1469 4632 et
1495 4572 1638 4648 expectet
1665 4583 1766 4646 usque
1794 4564 1831 4626 ad
1855 4562 1936 4629 tinem,

329 4667 454 4730 veniam
480 4663 692 4743 promittente.
725 4661 776 4723 Sic
804 4659 888 4719 euim
920 4675 977 4718 nos
1013 4661 1120 4718 monet
1174 4683 1213 4726 ne
1228 4661 1484 4741 interrumpendo
1500 4655 1673 4721 confundat
1694 4650 1871 4714 memoriam
1887 4660 1938 4725 pe·

329 4755 497 4834 Apostolus
511 4752 550 4812 ad
567 4753 665 4814 Galat.
678 4754 707 4813 6:
725 4749 854 4813 Fratres,
867 4745 921 4806 etei
930 4763 1119 4825 preoccupa·
1175 4751 1312 4814 nitentis.

331 4853 376 4905 tus
388 4842 482 4923 luerat
495 4840 579 4901 domo
593 4840 624 4900 in
642 4839 742 4921 aliquo
757 4836 872 4902 delicto,
893 4853 941 4894 vos
962 4834 1016 4914 qui
1030 4833 1121 4914 spiri·
1214 4843 1243 4899 6.
1260 4839 1295 4899 ln
1310 4834 1424 4897 actuali
1439 4831 1641 4896 Confessione
1657 4847 1695 4890 ne
1710 4827 1846 4902 misceat,
1860 4834 1936 4900 utque

331 4929 425 4993 tuales
438 4929 515 5004 estis,
531 4926 699 5009 hujusmodi
717 4924 851 4986 instruite
872 4923 905 4984 in
918 4923 1026 5003 spiritu
1047 4919 1122 4981 leni-
1175 4927 1335 5005 permittat
1348 4922 1473 4984 misceri
1486 4937 1649 4982 sermones
1670 4917 1711 4980 de
1726 4917 1819 4978 rebus
1834 4929 1886 4974 nou
1898 4924 1937 4968 ue·

331 5018 412 5095 totie,
427 5016 612 5078 considerans
627 5023 654 5076 te
667 5015 773 5096 ipsum,
789 5031 825 5073 ne
846 5019 872 5073 et
893 5008 1121 5072 retentatam
1175 5011 1319 5075 cessariis
1342 5011 1382 5071 ad
1406 5009 1665 5077 Sacramentum
1690 5003 1750 5065 sed
1773 5019 1823 5063 aas
1842 4993 1937 5058 dilleral

332 5125 394 5186 quo
410 5103 582 5167 notandum
598 5109 808 5182 estmagnam
830 5097 985 5177 inprimis
1004 5094 1121 5175 requiri
1177 5102 1277 5162 donec
1305 5098 1380 5161 data
1406 5098 1446 5159 sit
1473 5093 1629 5158 absolutio
1655 5110 1696 5152 ne
1725 5085 1938 5176 permiscentur

331 5193 515 5273 patientiam
542 5198 574 5253 et
598 5191 825 5272 benignitatem
860 5187 892 5248 in
927 5183 1122 5248 confessario
1176 5206 1267 5250 saera
1290 5205 1352 5248 non
1376 5185 1483 5247 sacris.
1510 5184 1543 5246 Si
1566 5179 1844 5262 superfluanarret
1861 5185 1938 5264 peni·
1980 5261 1981 5266 γ

333 5281 511 5357 mulierum,
537 5284 571 5342 ut
589 5279 696 5341 audiat
726 5295 837 5357 nugae,
861 5291 931 5356 quae
959 5274 1061 5335 solent
1082 5271 1123 5332 ab
1176 5281 1257 5352 tens,
1274 5291 1373 5353 eaque
1388 5272 1429 5333 ad
1443 5270 1677 5332 Confessionem
1693 5284 1758 5328 non
1771 5260 1934 5344 peronensi.
1980 5285 1981 5352 }

335 5369 409 5448 ipsis
423 5367 589 5430 admisceri
602 5368 633 5428 in
648 5366 716 5445 ipsa
730 5363 929 5427 Confessione
947 5379 954 5432 ;
972 5364 1006 5421 ut
1021 5358 1125 5437 expis-
1177 5383 1208 5425 v.
1225 5383 1256 5442 g.
1274 5359 1420 5422 historias
1444 5358 1580 5434 inutiles,
1597 5354 1787 5418 domesticas
1804 5341 1933 5430 querar-5,
1979 5359 1981 5418 ι

334 5458 435 5522 cetur·
462 5454 625 5516 veritatem
669 5469 802 5526 eorum,
832 5465 902 5530 quae
936 5446 1122 5522 declarant,
1178 5452 1227 5512 vel
1242 5448 1378 5530 negotia,
1396 5449 1470 5520 etc.;
1483 5461 1555 5506 eum
1565 5425 1932 5508 confessariusahrvupat
1980 5437 1981 5444 ’
