3976 6348
309 541 368 604 190

954 537 1027 600 LlB.
1051 537 1102 601 Vl.
1127 537 1227 602 PARS
1248 537 1300 602 lll.

308 726 398 788 satio.
414 723 528 806 Megari
549 729 654 787 autem
675 724 768 787 debet
794 725 878 804 quod
898 725 976 786 tales
993 724 1101 804 conju·
1153 742 1223 785 ecre
1247 726 1314 787 vuit
1333 724 1552 804 Semproniam
1576 724 1776 789 catholicam.
1801 723 1945 802 Ouaritnr

308 831 364 892 ges
386 814 528 875 conversi
551 815 671 892 possint
694 813 883 874 abinvicem
898 813 1014 891 divelli,
1032 817 1098 873 tum

1155 815 1168 872 1
1194 815 1241 872 An
1263 813 1295 872 id
1319 813 1458 892 permitti
1480 814 1580 891 possit
1597 814 1637 875 ah
1658 814 1825 876 Ordinario
1844 814 1946 875 catho-

309 900 383 982 qnia
396 902 557 979 probabile
573 905 619 962 est
633 901 788 981 ejusmodi
802 901 1002 962 matrimonia
1015 900 1100 960 vale·
1153 900 1224 976 lico,
1237 901 1413 978 prasertim
1428 903 1452 964 si
1468 921 1539 980 spes
1554 903 1593 962 sit
1608 901 1812 964 convertendi
1823 902 1945 978 Titium,

309 1007 353 1066 re,
380 991 411 1049 et
434 1009 500 1050 esse
523 1009 598 1050 vera
614 991 818 1050 Sacramenta
835 1009 841 1049 :
859 1007 934 1068 ergo
955 988 987 1047 in
1002 988 1098 1048 dnbio
1154 993 1185 1050 θῖ
1208 989 1294 1048 nulla
1316 1008 1388 1068 spes
1411 989 1635 1052 reconciliandi
1660 1009 1733 1050 enm
1758 1009 1832 1050 cum
1857 989 1948 1052 Gaia?

309 1077 456 1139 standum
483 1081 530 1139 est
557 1097 613 1156 pro
642 1078 771 1137 valore:
796 1081 863 1138 tum
891 1077 996 1152 etiam,
1027 1075 1101 1153 qnia
1154 1081 1183 1138 2.
1210 1077 1289 1149 Ouid
1313 1077 1339 1138 si
1362 1077 1583 1140 consistorium
1606 1078 1823 1140 Lutheranum
1844 1077 1947 1138 dissol-

308 1165 469 1244 probabile
484 1171 531 1226 θεῖ
545 1185 612 1226 θεεθ
623 1165 727 1226 valida
743 1169 774 1224 ot
787 1164 1026 1240 indissolubilia,
1039 1163 1101 1223 sal-

308 1254 426 1314 tamin
451 1255 569 1315 ratione
598 1257 776 1315 contractus
805 1253 923 1328 civilis,
955 1250 1099 1332 quamvis

309 1341 387 1402 forto
403 1359 465 1402 non
476 1342 538 1402 sint
548 1344 762 1416 Sacramenta,
774 1340 816 1402 uti
832 1341 974 1418 pluribus
989 1343 1104 1418 urgent

310 1429 454 1489 Staienus
471 1449 559 1510 snpra
573 1449 598 1490 c.
616 1433 634 1489 7
655 1437 683 1488 et
696 1432 725 1504 8,
744 1433 775 1489 et
800 1428 876 1489 Gob.
893 1448 923 1489 a.
940 1431 1008 1503 228,
1027 1444 1101 1505 orgo

309 1517 421 1578 iterum
446 1518 591 1578 standum
612 1517 671 1579 erit
690 1536 747 1595 pro
763 1516 1034 1577 indissolubilitate
1050 1534 1103 1575 eo·

310 1624 403 1684 rum,
432 1605 567 1665 maxime
597 1605 772 1665 secundum
797 1623 866 1664 cam
895 1604 1101 1678 sententiam,

310 1712 404 1773 quam
419 1713 457 1753 ex
471 1693 562 1754 Card.
580 1693 609 1752 in
623 1697 652 1769 Ξ),
669 1693 747 1768 crisi,
765 1691 831 1752 diss.
849 1696 878 1767 9,
892 1711 949 1752 aa.
973 1695 1043 1768 529,
1060 1695 1104 1752 te·

310 1781 362 1840 nui
377 1801 406 1841 a.
422 1783 492 1855 117,
510 1795 621 1857 nempe
637 1778 720 1857 qnod
736 1779 862 1858 qnando
879 1778 1040 1856 probabile
1057 1780 1106 1837 cst

309 1867 543 1928 matrimonium
564 1885 630 1926 esse
655 1872 685 1924 et
709 1883 772 1926 non
792 1883 858 1926 esse
874 1865 1014 1926 validum
1030 1883 1105 1925 cen-

310 1958 370 2017 seri
394 1956 507 2017 debeat
530 1959 614 2015 certo
637 1955 787 2032 validum,
810 1973 846 2014 eo
872 1955 956 2033 quod
980 1957 1107 2014 contra-

310 2045 418 2106 hentes
442 2043 538 2104 velint
556 2041 768 2103 omnimodam
784 2041 1102 2116 indissolubilitatem,

310 2132 451 2212 adeoque
475 2131 588 2191 cedant
610 2129 693 2190 ornni
712 2129 788 2208 juri,
806 2129 890 2208 quod
906 2149 941 2188 cx
958 2130 1104 2208 prohabi-

309 2219 395 2281 litate
419 2219 569 2279 nullitatis
593 2218 710 2277 habere
734 2222 862 2294 possent
875 2217 916 2276 ad
931 2215 1106 2277 dissolven-

311 2307 397 2368 dum.
415 2306 463 2367 Ad
484 2309 513 2383 3,
539 2306 610 2366 dico
630 2309 768 2365 mentem
790 2304 937 2365 Ecclesia
959 2321 1104 2364 essenon

309 2400 433 2457 tantum
452 2399 486 2456 ut
499 2394 623 2473 publice
639 2393 697 2454 sibi
714 2397 836 2453 constat
850 2394 888 2453 de
904 2391 1104 2453 matrimonio

310 2483 447 2562 legitime
462 2485 633 2556 contracto,
650 2479 787 2559 alioquin
803 2479 897 2541 etiarn
915 2478 1105 2557 inpartibus

311 2569 472 2631 catholicis
490 2568 646 2628 sufficeret
669 2567 854 2627 contrahere
869 2585 975 2626 coram
992 2563 1106 2642 Magis·

310 2661 405 2733 trata,
431 2657 486 2717 sed
510 2662 544 2716 ut
566 2655 624 2716 sibi
649 2655 688 2714 de
714 2655 772 2715 hoc
796 2659 918 2716 constet
941 2671 1105 2733 persuum

312 2745 524 2826 qualificatum
539 2741 732 2814 Ministrum;
758 2743 917 2803 Parochus
937 2743 1021 2802 enim
1042 2759 1104 2801 rron

312 2833 480 2894 adhibetur
493 2849 578 2891 mere
593 2835 743 2910 tanquam
759 2831 856 2906 testis,
874 2830 929 2890 sed
953 2849 1024 2891 curn
1040 2847 1106 2888 rna·

311 2921 493 2983 trimonium
513 2919 552 2980 sit
571 2920 821 2994 Sacramentum,
838 2918 979 2979 ilcclesia
993 2916 1102 2992 voluit,

312 3015 347 3071 ut
360 3008 418 3088 ipsi
434 3006 592 3068 assisteret
609 3005 681 3066 talis
695 3006 837 3067 Minister
857 3007 945 3067 istius
960 3003 1105 3066 solemni-

313 3096 395 3170 tatis,
412 3112 506 3175 qnem
520 3095 587 3154 vult
601 3111 668 3154 esse
683 3094 846 3173 proprium
860 3094 1048 3156 Parochum.
1059 3091 1108 3152 Ad

312 3189 342 3260 1,
359 3182 489 3243 admitto
511 3179 596 3260 quod
615 3179 802 3240 invincibilis
818 3181 994 3260 ignorantia
1009 3178 1107 3258 possit

313 3286 461 3332 excusare
486 3287 505 3328 a
528 3271 669 3347 peccato,
696 3269 751 3328 scd
775 3268 828 3328 illa
851 3286 913 3329 non
936 3271 1038 3347 potest
1053 3285 1106 3327 cos

313 3359 417 3420 lacere
433 3355 552 3418 habiles
572 3356 612 3416 ad
628 3356 889 3433 contrahendum,
907 3375 985 3437 quos
999 3355 1107 3416 hiccle-

314 3447 360 3507 sia
374 3445 511 3506 reddidit
525 3443 697 3516 inhabiles,
719 3448 753 3502 nt
771 3448 857 3522 patet
871 3443 902 3503 in
918 3442 1108 3521 consangui-

314 3535 391 3610 neis,
415 3534 469 3612 qni
490 3533 515 3592 si
539 3532 725 3592 contrahant
744 3533 839 3592 etiam
854 3532 1036 3611 ignorantes
1051 3530 1108 3590 irn-

315 3620 554 3700 pedimentum,
585 3618 720 3678 invalide
749 3618 938 3678 contrahunt
967 3639 974 3679 :
1006 3633 1107 3696 neque

316 3726 427 3768 verum
451 3711 498 3769 est
525 3706 609 3785 quod
637 3706 704 3766 heac
733 3706 911 3768 inhabilitas
933 3707 972 3768 sit
999 3721 1106 3784 poena,

315 3795 457 3875 adeoque
481 3794 597 3854 incurri
618 3812 681 3854 non
705 3795 803 3873 possit
826 3795 865 3856 ab
880 3794 1056 3874 ignorante,
1075 3797 1109 3852 ut

315 3884 422 3945 dixin.
439 3887 509 3944 525.
527 3885 623 3944 Porro
639 3883 770 3944 Parcchi
792 3884 903 3945 talium
918 3881 1109 3944 acatholico-

315 3989 385 4033 rum
400 3975 471 4032 sunt
485 3969 528 4032 illi
549 3973 692 4034 Pastores
707 3971 851 4032 catholici
875 3970 959 4032 intra
972 3985 1107 4050 qnorum

315 4059 500 4122 Parochiam
515 4059 668 4138 habitant,
686 4062 735 4122 vel
753 4079 772 4121 a
788 4059 901 4141 quibus
915 4058 1060 4122 catholici
1075 4057 1107 4117 in

315 4148 381 4210 istis
404 4147 480 4209 locis
494 4148 653 4227 accipiunt
666 4149 879 4210 Sacramenta.
898 4147 988 4220 Quod
1003 4150 1109 4207 autem

316 4235 442 4296 additur
455 4235 487 4295 in
502 4235 539 4295 iis
553 4235 630 4297 locis
651 4235 793 4297 contrahi
809 4236 910 4296 valide
932 4235 964 4294 in
987 4233 1107 4294 ratione

318 4326 496 4384 contractus
510 4323 620 4401 civilis,
638 4324 789 4403 imprimis
800 4324 859 4384 hoo
874 4323 1109 4402 negabuntom-

316 4409 1110 4491 nesrelatin.27ti,quidicuntrationemvalidicon-

316 4502 434 4560 tractus
457 4499 646 4561 matrimonii
668 4499 750 4560 inter
772 4499 880 4559 fideles
900 4517 962 4558 non
977 4516 1045 4559 esse
1060 4515 1111 4558 se-

316 4585 489 4664 parabilem
505 4587 657 4648 aratione
673 4587 878 4649 Sacramenti.
892 4587 1010 4647 Deinde
1026 4585 1110 4646 idem

316 4673 428 4733 melius
451 4677 585 4752 negatur
607 4674 647 4734 ab
670 4674 826 4750 omnibus,
849 4674 922 4753 quia
945 4674 997 4734 ubi
1022 4673 1111 4733 deest

316 4762 461 4839 proprius
476 4761 646 4838 Parochns,
664 4762 849 4822 contrahere
864 4762 1003 4822 volentes
1019 4761 1110 4821 inha-

316 4848 479 4910 bilitantur
492 4850 533 4910 ad
548 4868 777 4929 quemcumque
793 4853 987 4911 contractum
1002 4848 1111 4909 matri-

316 4935 497 5014 monialem,
522 4937 567 4998 uti
590 4935 774 4998 inhabilitati
799 4941 872 4998 sunt
890 4936 943 5014 illi,
961 4936 1013 5015 qui
1037 4939 1111 4998 sunt

317 5024 552 5102 consanguinei.
954 5011 960 5024 ’

250 5122 290 5167 rra
357 5111 418 5188 57.
445 5113 512 5172 Huc
535 5112 670 5192 pertinet
687 5111 800 5174 solutio
821 5112 978 5193 sequentis
994 5131 1107 5176 casus:

317 5197 416 5260 Titius
426 5200 623 5262 Lutheranus
637 5201 669 5261 in
684 5201 752 5262 loco
762 5201 948 5278 acatholico,
959 5201 1012 5263 ubi
1023 5201 1107 5263 Trid.

317 5294 479 5366 receptum
507 5294 575 5367 est,
606 5289 763 5351 contrahit
789 5289 1011 5351 Matrimoniun
1039 5309 1110 5352 cum

318 5377 392 5437 Gaia
414 5377 594 5440 Lutherana
616 5397 722 5440 coram
750 5377 944 5440 Praedicante
971 5399 977 5439 :
1004 5379 1070 5439 abit
1092 5395 1112 5438 a

318 5466 403 5542 (laia,
422 5468 453 5527 et
466 5470 557 5528 ratus·
568 5467 798 5531 Matrimonium
815 5485 882 5529 esse
897 5467 1038 5542 solubile,
1056 5465 1111 5526 dn·

1155 1163 1250 1225 visset
1264 1163 1350 1243 prius
1364 1165 1611 1242 matrimonium,
1632 1165 1716 1227 facta
1730 1165 1859 1245 utrique
1874 1164 1947 1244 parti

1156 1251 1281 1312 licentia
1295 1252 1367 1312 novi
1387 1252 1601 1314 Matrimonii?
1614 1257 1644 1314 3.
1663 1252 1742 1325 Quid
1757 1253 1782 1312 si
1799 1251 1878 1313 Gaia
1888 1250 1947 1329 jam

1157 1338 1295 1398 drrxisset
1316 1338 1438 1399 alium?
1456 1343 1486 1400 1.
1509 1338 1589 1411 Quid
1608 1341 1633 1400 si
1654 1340 1748 1400 etiam
1768 1337 1873 1398 Titius
1888 1335 1948 1416 jam

1157 1425 1296 1485 duxisset
1319 1427 1536 1505 Semproniam
1565 1427 1609 1487 rei
1638 1426 1803 1504 ignaram,
1831 1429 1950 1484 servata

1158 1511 1259 1572 forma
1273 1511 1357 1572 Trid.
1380 1531 1512 1594 eamque
1530 1513 1739 1592 cognovisset,
1761 1519 1792 1572 et
1809 1511 1950 1574 connire

1159 1604 1225 1672 ret,
1251 1619 1291 1660 an
1315 1600 1498 1662 Ordinarins
1527 1601 1700 1664 catholicus
1728 1606 1822 1680 coget
1846 1599 1887 1660 ab
1909 1600 1950 1659 in-

1159 1688 1260 1748 vicem
1283 1687 1435 1750 dissolvi?
1457 1690 1615 1766 Rationes,
1641 1709 1699 1750 cur
1722 1706 1783 1749 non
1809 1689 1951 1748 videatur

1159 1776 1339 1853 permittere
1367 1795 1457 1856 posse
1490 1783 1524 1839 ut
1556 1777 1654 1839 Titius
1682 1775 1854 1838 contrahat
1885 1792 1950 1835 cnm

1160 1865 1356 1943 Sempronia,
1382 1871 1455 1928 sunt
1477 1870 1669 1946 sequentes:
1692 1869 1720 1927 1.
1737 1865 1885 1944 ingentia
1908 1882 1951 1923 sa·

1160 1956 1297 2031 quantur
1317 1953 1476 2015 scandala.
1498 1959 1528 2017 2.
1550 1953 1750 2016 Profitehitur
1766 1953 1877 2030 palam
1891 1953 1950 2013 Ma-

1160 2039 1307 2102 trimonia
1325 2041 1546 2104 hereticorum
1566 2061 1634 2103 csse
1657 2041 1756 2116 irrita,
1772 2041 1826 2100 vel
1847 2040 1950 2100 saltem

1160 2127 1314 2205 solubilia,
1340 2148 1397 2208 per
1419 2129 1504 2209 quod
1524 2129 1672 2190 offendet.
1694 2131 1723 2189 3.
1745 2127 1887 2199 Quilibet
1900 2129 1950 2188 Lu-

1160 2215 1310 2278 theranus
1324 2237 1396 2279 cum
1411 2237 1468 2279 sna
1486 2219 1568 2279 male
1583 2221 1747 2279 contentus
1761 2217 1851 2277 volet
1865 2215 1951 2276 aliam

1160 2303 1328 2366 duceret.
1342 2307 1645 2368 Scandalizabuntur
1659 2304 1804 2366 catholici
1823 2303 1950 2364 rescien-

1160 2395 1206 2451 tes
1230 2391 1334 2454 adhuc
1357 2393 1463 2454 vivere
1487 2393 1593 2455 Gaiam
1617 2409 1747 2453 uxorem
1768 2389 1908 2472 primam
1924 2387 1950 2446 in

1159 2479 1357 2541 Matrimonio
1373 2481 1488 2559 passim
1505 2481 1611 2541 habito
1626 2485 1778 2560 tanquam
1792 2495 1883 2538 vero.
1900 2477 1950 2538 lla·

1159 2565 1260 2627 tiones
1283 2566 1315 2627 in
1339 2567 1516 2648 oppositum
1538 2573 1633 2629 sunt:
1656 2571 1684 2628 1.
1702 2567 1782 2639 Ouia
1799 2560 1951 2626 sententia

1159 2654 1369 2731 communior,
1396 2674 1465 2736 quae
1488 2655 1616 2716 videtur
1639 2655 1734 2716 etiam
1757 2653 1878 2730 verior,
1898 2655 1951 2713 stat

1159 2761 1216 2820 pro
1241 2743 1381 2803 nullitate
1405 2743 1498 2822 primi
1522 2743 1729 2818 Matrimonii,
1750 2740 1898 2820 adeoque
1911 2759 1951 2799 sa·

1160 2829 1299 2889 cundum
1322 2829 1556 2891 Matrimonium
1580 2829 1701 2892 censeri
1723 2827 1857 2889 debebit
1882 2826 1952 2888 rali-

1160 2916 1246 2978 dnm.
1272 2922 1301 2978 2.
1329 2919 1428 2978 Roma
1455 2918 1615 2979 decideret
1642 2935 1699 2997 pro
1727 2915 1788 2977 hoc
1816 2914 1951 2976 secundo

1160 3003 1358 3067 Matrimonia
1376 3025 1382 3065 :
1400 3025 1475 3086 ergo
1491 3012 1523 3068 et
1536 3007 1630 3067 debet
1644 3004 1843 3068 Ordinarins.
1861 3005 1898 3064 R.
1911 2999 1953 3062 At

1161 3097 1189 3154 1.
1207 3092 1241 3153 ld
1256 3091 1393 3172 permitti
1412 3113 1474 3156 non
1494 3113 1606 3174 possa,
1633 3093 1707 3172 quia
1730 3091 1898 3170 probabile
1912 3093 1952 3150 est

1161 3181 1298 3261 primum
1325 3181 1557 3244 Matrimonium
1586 3201 1654 3243 esse
1682 3181 1823 3242 validum
1851 3199 1858 3240 :
1884 3195 1951 3258 ergo

1162 3287 1244 3328 nunc
1260 3269 1406 3330 standum
1422 3275 1469 3332 est
1483 3289 1539 3350 pro
1555 3269 1622 3349 ejus
1641 3270 1760 3345 valore,
1781 3265 1952 3328 secundum

1162 3357 1442 3419 dicendane
1459 3362 1488 3419 2.
1509 3357 1675 3420 Dissolutio
1695 3356 1778 3416 facta
1798 3373 1819 3416 a
1838 3353 1951 3416 Consis

1162 3445 1241 3506 torio
1266 3445 1351 3506 nulla
1374 3450 1431 3508 est.
1452 3445 1502 3508 Ad
1518 3449 1547 3508 3.
1569 3449 1632 3506 Νθθ
1650 3445 1753 3505 obstat
1774 3443 1864 3522 quod
1885 3441 1953 3503 Gaia

1163 3533 1251 3593 alteri
1274 3535 1434 3613 nupserit,
1461 3535 1535 3615 quia
1557 3534 1694 3615 primum
1721 3530 1951 3594 Matrimonium

1163 3620 1263 3680 estin
1287 3625 1373 3682 certa
1400 3623 1606 3701 possessione.
1636 3619 1686 3680 Ad
1709 3623 1739 3680 1.
1771 3621 1837 3680 Νθθ
1866 3619 1951 3680 etiarn

1164 3709 1266 3768 obstat
1287 3711 1370 3788 quod
1391 3711 1594 3790 Sempronius
1613 3707 1737 3772 duxerit
1759 3707 1870 3782 aliam,
1887 3703 1952 3784 q‘uia

1165 3796 1223 3856 hoc
1238 3815 1300 3856 non
1316 3799 1395 3860 tollit
1413 3800 1552 3860 valorem
1571 3799 1662 3880 primi
1686 3795 1889 3876 possidentis,
1912 3789 1954 3854 Ad

1165 3888 1193 3944 1.
1212 3885 1374 3946 Rationem
1390 3888 1420 3947 in
1436 3889 1614 3968 oppositum
1633 3890 1720 3966 patet
1738 3903 1775 3944 ex
1791 3883 1895 3944 dictis.
1911 3879 1954 3940 Ar

1162 3975 1191 4032 2.
1211 3971 1242 4032 Si
1263 3973 1360 4034 Sedes
1383 3974 1563 4052 Apostolica
1586 3974 1814 4047 consuleretur,
1841 3989 1952 4050 praesu·

1163 4061 1313 4121 mondum
1332 4065 1482 4142 estquod
1501 4069 1635 4142 taceret,
1656 4064 1700 4124 uti
1716 4061 1830 4138 tacuit,
1849 4078 1953 4122 secun·

1164 4147 1238 4207 dum
1262 4147 1347 4209 dicta
1364 4168 1394 4210 a.
1416 4153 1486 4228 768,
1508 4153 1554 4211 lta
1573 4153 1738 4212 senscrunt
1754 4166 1883 4209 mecum
1896 4151 1952 4208 tres

1163 4238 1312 4296 Doctores
1327 4255 1408 4298 anno
1425 4241 1492 4299 170.

1204 4323 1222 4401 ἓ
1243 4327 1273 4385 8.
1299 4324 1401 4385 Etiam
1424 4324 1486 4386 huc
1508 4326 1644 4406 pertinet
1665 4323 1778 4388 solutio
1798 4321 1951 4404 sequentis
1971 4309 1987 4358 l

1165 4429 1255 4471 casus
1273 4431 1279 4471 ε
1297 4411 1388 4474 Cetius
1402 4412 1551 4492 Princeps
1570 4412 1707 4492 imperii,
1734 4411 1809 4472 olim
1833 4408 1951 4472 acatho-

1164 4500 1253 4575 licus,
1270 4518 1354 4560 nrrnc
1368 4500 1551 4577 catholicus,
1568 4519 1640 4562 cum
1655 4499 1850 4562 acatholicus
1865 4499 1950 4571 esset,

1164 4587 1318 4665 probabat
1345 4589 1543 4650 Matrimonia
1572 4589 1612 4649 ab
1640 4587 1797 4649 haereticis
1825 4584 1952 4647 subditis

1164 4674 1227 4733 suis
1242 4673 1319 4734 inita
1332 4692 1403 4734 cunr
1418 4675 1651 4753 impedimentis
1666 4693 1685 4734 a
1698 4677 1714 4736 J
1720 4693 1774 4734 ure
1789 4671 1951 4734 Ecclesias-

1164 4763 1225 4823 tico
1249 4762 1394 4840 inductis,
1421 4767 1450 4824 ot
1471 4781 1528 4843 pro
1553 4763 1701 4824 facultate
1722 4761 1763 4824 ad
1782 4761 1836 4821 illa
1854 4757 1952 4822 Matri·

1164 4851 1270 4912 monia
1293 4851 1444 4926 ineunda,
1472 4852 1598 4930 quando
1623 4849 1810 4912 occurrebat
1828 4845 1951 4926 impedi-

1164 4945 1305 5001 mentum
1319 4939 1457 5019 aliquod,
1470 4957 1527 5018 per
1537 4938 1731 5001 secretarios
1744 4955 1817 4998 suos
1832 4935 1953 5015 petebat

1165 5031 1283 5088 certam
1301 5043 1456 5086 summam
1475 5026 1628 5104 pecuniae.
1655 5025 1811 5100 Quaeritur
1831 5041 1871 5084 an
1892 5022 1952 5099 ipsc

1165 5133 1248 5174 nunc
1263 5113 1435 5175 catholicus
1455 5117 1486 5176 et
1507 5112 1574 5192 ejus
1595 5131 1793 5174 successores
1812 5105 1952 5172 catholici

1165 5200 1285 5279 possint
1299 5200 1440 5262 similiter
1454 5200 1582 5261 iacere?
1600 5200 1691 5262 Ratio
1711 5197 1890 5262 affirmandi
1910 5195 1951 5254 est

1165 5288 1240 5366 quia
1254 5287 1415 5366 probabile
1430 5295 1478 5349 est
1497 5307 1534 5349 ex
1553 5289 1705 5349 hactenus
1725 5287 1815 5350 dictis
1830 5299 1952 5346 conara·

1165 5376 1306 5438 tudinem
1320 5375 1351 5436 in
1367 5376 1411 5438 eis
1425 5377 1502 5438 iocis
1515 5377 1743 5457 praescripsisse
1758 5381 1868 5437 contra
1885 5369 1953 5434 talla

1166 5463 1391 5543 impedimenta
1414 5487 1420 5528 :
1445 5469 1483 5530 at
1504 5485 1576 5528 cum
1599 5465 1762 5545 Capitanei
1784 5462 1886 5525 bellici
1908 5476 1951 5522 ac·
