3986 6350
579 574 630 639 DE
650 575 816 639 uraldus
838 574 1112 641 coauussaau.
1611 587 1670 650 429

49 757 160 821 dicendo
175 775 254 839 opus
269 777 332 822 non
347 777 414 822 esse
434 779 582 823 enarrare
606 763 675 825 illas
690 763 824 824 circum·
918 765 947 823 ἱ).
975 763 1054 826 Sunt
1077 764 1178 825 multa
1205 783 1275 844 quoa
1302 765 1527 846 interroganda
1554 770 1673 850 passim

48 847 185 920 rhodon
211 848 401 930 quandoque
430 848 526 911 etiam
557 869 734 912 sermonem
761 851 822 911 alio
879 852 1083 913 confessariis
1119 854 1366 932 praescribuntur
1403 875 1422 918 a
1453 859 1671 936 Doctoribus3

49 935 172 1012 divertat,
196 937 333 1016 petendo
353 955 458 998 annon
482 937 542 999 hoc
566 941 616 1001 vel
639 940 717 1001 illud
736 939 824 1000 aliud
879 955 957 1017 quos
972 937 1052 1000 inter
1067 939 1207 999 nonnulli
1223 940 1336 1002 multos
1356 943 1517 1022 assignant
1540 945 1674 1008 interro·

49 1027 192 1102 peccatum
207 1023 379 1086 admiserit.
391 1025 424 1088 Si
439 1023 732 1106 incipiatpoenitens
747 1027 824 1087 alio·
878 1026 1030 1106 gationes,
1049 1045 1127 1106 quas
1142 1032 1213 1088 ante
1228 1028 1329 1106 ipsam
1343 1036 1546 1109 peccatorum
1567 1034 1675 1095 decla-

49 1128 106 1170 rum
117 1115 244 1189 peccata
258 1112 419 1192 detegere,
436 1115 542 1176 statim
557 1121 684 1176 moneat
697 1115 825 1177 Confes-
879 1112 1031 1174 rationem
1047 1116 1274 1178 aCcnfessario
1286 1119 1526 1196 'praemittendas
1541 1141 1609 1184 esse
1619 1121 1674 1182 de·

48 1197 142 1274 sadus,
157 1199 246 1260 atde
260 1199 330 1260 aliis
344 1204 459 1277 taceat,
477 1219 515 1262 ne
531 1202 695 1275 detrahat;
721 1206 753 1264 et
766 1220 823 1281 pro
877 1199 1019 1278 tendunt,
1046 1222 1074 1262 v.
1098 1222 1130 1282 g.
1155 1223 1194 1264 an
1218 1205 1375 1283 poenitens
1399 1209 1439 1269 ab
1462 1209 1573 1270 ultima
1591 1213 1673 1272 Gon-

48 1303 75 1345 se
94 1285 283 1347 confiteatur.
302 1286 334 1350 Si
357 1287 461 1350 minus
483 1307 587 1350 crasse
606 1296 638 1350 et
651 1289 754 1350 minus
769 1308 825 1368 pu·
879 1288 1011 1348 fossione
1036 1291 1260 1353 conscientiam
1283 1292 1451 1372 diligenter
1469 1295 1675 1358 discusserit?
1713 1325 1716 1328 ·

47 1371 104 1433 dice
122 1373 265 1452 quaedam
280 1379 410 1453 peccata
425 1377 570 1456 explicet,
596 1379 748 1440 doceatur
768 1378 826 1438 ho-
880 1375 928 1433 An
952 1373 1129 1452 impositam
1151 1377 1209 1437 sihi
1231 1379 1450 1456 poeniteutiam
1473 1383 1674 1445 exhibuerit?

50 1461 148 1522 nestius
163 1479 201 1522 ea
216 1462 334 1542 eloqui,
352 1482 390 1523 ne
410 1464 472 1526 alia
490 1465 557 1527 vice
572 1466 631 1528 sibi
653 1470 685 1529 et
698 1467 827 1528 Gonfcs-
880 1466 927 1521 An
937 1462 1122 1541 requisitum
1137 1465 1276 1526 dolorem
1291 1485 1328 1528 ac
1343 1470 1539 1548 propositum
1549 1470 1675 1532 afferat?

48 1548 116 1609 sario
128 1547 221 1611 faciat
236 1551 434 1614 scandalum.

79 1640 106 1696 l.
132 1635 286 1716 Denique,
316 1638 360 1698 sic
382 1637 524 1701 intendat
549 1640 763 1702 Confessarius
785 1640 826 1701 ad

49 1741 88 1799 eo,
111 1742 176 1804 quea
201 1725 360 1803 poenitens
383 1729 558 1805 confltetur,
583 1733 618 1790 ut
640 1731 709 1807 ipsa
729 1728 827 1807 possit

880 1635 1115 1716 obstringetur?
1138 1641 1249 1702 Utrum
1273 1643 1303 1701 in
1328 1642 1434 1723 aliqua
1452 1645 1605 1722 peccandi
1621 1662 1674 1706 oc-

880 1723 1004 1784 casione
1019 1731 1171 1804 versetur,
1190 1729 1229 1788 ad
1252 1747 1348 1808 quam
1371 1731 1592 1793 dimittendam
1611 1749 1674 1793 non

880 1551 929 1609 An
943 1547 1048 1627 aliqua
1061 1551 1106 1610 rei
1122 1553 1303 1632 temporalis
1311 1556 1466 1617 autfamre
1477 1557 1675 1619 restitutione
1799 1573 1812 1588 ⁵

50 1810 181 1872 continuo
197 1811 227 1871 in
245 1813 468 1891 compendium
483 1815 679 1893 contrahere,
692 1819 723 1876 et
738 1815 824 1895 quid,

50 1913 80 1954 ex
92 1916 147 1976 quo
162 1903 324 1976 nascatur,
340 1903 408 1961 tum
422 1917 611 1978 cognoscere
629 1920 742 1980 perse,
759 1905 826 1962 tum

49 1984 196 2061 poeniteuti
221 1986 356 2064 aperire,
383 1990 418 2048 ut
438 1987 561 2049 facilior
582 1989 621 2050 sit
636 1990 824 2066 emendatio,

49 2071 134 2150 posita
146 2073 186 2133 ad
202 2073 343 2135 radicem
365 2075 479 2137 securi.
497 2077 679 2136 Cavendum
694 2077 777 2138 enim
792 2077 824 2137 in

48 2159 142 2238 primis
164 2164 214 2222 est
235 2161 445 2238 confessario,
470 2181 509 2224 ne
530 2163 623 2224 nimis
637 2164 700 2226 cito
715 2165 829 2243 depro-

48 2251 123 2324 peret
147 2248 389 2328 Confessicnes,
419 2249 556 2312 maxime
584 2251 760 2329 sollicitus,
792 2257 828 2312 ut

48 2336 146 2398 multos
159 2337 279 2398 audiat.
301 2339 390 2400 Unde
405 2338 563 2418 sapienter
580 2345 689 2401 monet
711 2343 828 2402 Gerson

47 2441 73 2501 p.
86 2427 112 2498 2,
127 2443 156 2484 n.
172 2426 224 2501 32,
242 2426 281 2486 de
296 2430 362 2487 arte
378 2425 525 2487 audiendi
547 2427 685 2488 Confess.
704 2429 825 2490 Confrd.

880 1812 920 1872 sit
935 1813 1087 1889 paratus?
1110 1818 1158 1875 An
1180 1820 1271 1893 gerat
1293 1816 1471 1888 inimicitias
1495 1838 1574 1897 quas
1598 1819 1676 1881 nolit

881 1900 1061 1978 deponere?
1083 1904 1131 1962 An
1154 1903 1284 1963 crimine
1310 1905 1413 1985 aliquo
1444 1912 1603 1968 reservato
1625 1905 1676 1966 vel

881 2005 1014 2048 censura
1033 1988 1189 2068 obligatus
1204 1991 1268 2051 sit?
1287 1994 1325 2053 Et
1339 1993 1400 2054 alia
1424 1993 1517 2074 hujus
1538 1995 1673 2075 generis.

882 2079 955 2136 llrac
978 2081 1085 2137 tamen
1114 2081 1149 2138 ut
1175 2079 1347 2156 plurimum
1370 2081 1563 2161 interrogare
1587 2081 1675 2142 initio

882 2162 1092 2223 confessionis
1107 2182 1234 2225 necesse
1248 2184 1310 2226 non
1327 2171 1391 2241 est;
1408 2171 1477 2229 tum
1501 2168 1574 2248 quia
1592 2187 1675 2247 saepe

883 2248 998 2310 frustra
1023 2249 1055 2309 in
1086 2250 1124 2311 iis
1148 2256 1271 2332 tempus
1302 2258 1457 2315 tereretur
1490 2255 1561 2335 (ista
1591 2254 1676 2316 enim

883 2335 1030 2415 deinceps
1053 2357 1092 2398 ex
1114 2338 1183 2418 ipsa
1207 2341 1401 2402 confessione
1424 2341 1499 2404 satis
1519 2361 1676 2422 superque

883 2423 1065 2504 discantur),
1091 2430 1157 2487 tum
1181 2427 1256 2507 quia
1277 2446 1339 2488 non
1354 2447 1425 2490 raro
1441 2429 1533 2509 juvat
1548 2431 1678 2492 Contes-

884 2511 1003 2571 siouem
1032 2513 1152 2590 audire,
1182 2514 1239 2576 etsi
1268 2514 1346 2576 forte
1376 2521 1522 2578 secutura
1546 2536 1609 2578 non
1637 2517 1677 2578 sit

884 2599 1057 2675 absolutio;
1079 2601 1123 2663 sic
1144 2602 1227 2662 enim
1251 2603 1446 2666 confessario
1470 2607 1676 2684 poenitentem

884 2689 1026 2767 apposite
1050 2689 1237 2753 adhortandi
1262 2695 1355 2772 atque
1379 2695 1528 2755 monendi
1551 2694 1678 2756 dabitur

884 2777 988 2849 locus;
1006 2781 1037 2837 et
1051 2777 1120 2855 ipsa
1134 2782 1334 2856 peccatorum
1351 2780 1564 2843 declaratione
1575 2781 1678 2860 poeni-

883 2869 952 2924 tens
966 2864 1007 2924 ed
1021 2865 1162 2927 dolorem
1177 2868 1371 2947 requisitum,
1398 2869 1422 2929 si
1443 2869 1524 2931 forto
1539 2869 1608 2950 ejus
1623 2887 1678 2930 ex·

884 2970 956 3030 pers
970 2955 1145 3032 accesserit,
1161 2955 1220 3016 rite
1234 2957 1464 3035 praeparabitur
1486 2962 1580 3039 atque
1601 2956 1678 3018 faci·

885 3041 944 3101 lius
958 3041 1150 3121 adducetur,
1177 3049 1326 3122 superata
1348 3047 1521 3124 prasertim
1540 3046 1593 3107 illa
1615 3063 1677 3107 non

885 3128 946 3188 levi
962 3128 1155 3206 difficultate,
1172 3149 1242 3210 quae
1262 3131 1294 3192 in
1313 3131 1491 3212 detegendis
1506 3135 1597 3195 noxis
1612 3132 1678 3194 ani·

885 3216 928 3276 mi
942 3215 1117 3280 intercedit.
1138 3219 1218 3281 Illud
1238 3225 1345 3280 tamen
1368 3220 1567 3282 utilissimum
1590 3219 1679 3281 vide-

885 3308 947 3380 tur,
965 3306 1010 3380 ut,
1026 3305 1052 3365 si
1067 3305 1222 3384 poenitens
1237 3311 1328 3368 notus
1343 3307 1537 3370 Confessario
1552 3325 1615 3370 uon
1626 3307 1676 3386 sit,

82 3395 183 3470 θωπί.
217 3402 268 3460 9⁸1.
293 3397 475 3476 -Utrum,
501 3397 620 3480 quoodo
642 3407 671 3460 et
688 3395 832 3480 quomodo
885 3392 1427 3474 statiminterrogeturdetempore
1451 3397 1536 3476 quod
1552 3395 1681 3458 abulti·

49 3481 239 3565 Confessus-iao
253 3486 429 3548 Poenitentes
443 3488 626 3568 rbterroqqre
646 3489 802 3549 teneatur?
886 3499 939 3542 ma
953 3481 1154 3543 confessione
1169 3483 1310 3561 elapsum
1330 3481 1410 3556 fuit3
1433 3483 1465 3544 id
1480 3483 1563 3543 enim
1585 3487 1616 3544 et
1638 3482 1681 3544 ad

81 3573 169 3653 ltesp.
201 3593 291 3655 seqq.
311 3594 318 3635 :
337 3578 365 3635 l.
382 3578 465 3654 Lege
495 3575 611 3654 duplici
635 3575 832 3655 potissimum
886 3573 1087 3648 peccatorum
1102 3589 1281 3648 numerum,
1298 3573 1330 3632 et
1344 3571 1384 3631 ad
1400 3570 1503 3649 ipsum
1526 3571 1681 3650 preniten-

49 3661 177 3722 caritatis
203 3681 240 3723 ac
264 3661 436 3742 Religionis
454 3665 579 3724 tenetur
602 3663 678 3723 dare
702 3681 832 3741 operam
886 3657 925 3718 tis
950 3659 1066 3718 statum
1089 3656 1209 3718 facilius
1233 3657 1481 3737 dignoscendum
1509 3657 1680 3736 plurimum

49 3747 264 3826 confessarius,
286 3753 322 3812 ut
339 3749 474 3828 integra,
498 3750 604 3829 quoad
626 3751 692 3811 fieri
715 3754 829 3830 potest,
886 3745 1037 3806 conferet.
1546 3831 1552 3846 ⁸

48 3836 217 3911 penitentis
237 3837 279 3899 sit
295 3839 465 3900 accusatio.
484 3839 562 3899 Hinc
586 3838 611 3899 si
629 3839 832 3902 manifestum
925 3836 954 3894 3.
977 3833 1123 3894 Nonnulli
1142 3833 1311 3912 prohibent
1324 3853 1363 3894 ne
1378 3832 1593 3896 Confessarrus
1610 3849 1680 3913 poe-

48 3921 85 3981 ilh
96 3924 134 3985 sit
147 3926 294 4004 quaedam
308 3926 374 3986 sive
385 3926 516 4004 incuria,
527 3927 592 3988 sive
607 3927 739 4007 pudore,
756 3929 832 3989 dum
887 3921 1047 3999 nitentem,
1064 3922 1139 3982 dum
1153 3927 1284 4000 peccata
1298 3923 1436 4002 exponit,
1451 3922 1679 4001 interrogando

49 4027 136 4072 noxas
163 4011 284 4091 detegit
306 4012 420 4090 animi,
444 4013 587 4076 omittere
609 4016 829 4095 poenitentem,
887 4009 1072 4089 interpellet,
1089 4009 1143 4070 sed
1158 4011 1184 4070 si
1200 4029 1263 4090 qua
1276 4010 1481 4090 interrogatio
1501 4015 1556 4072 aut
1569 4009 1681 4071 admo-

49 4114 111 4176 qure
123 4103 232 4160 tamen
246 4099 369 4162 reticeri
384 4102 451 4162 sine
465 4106 596 4180 peccato
611 4121 674 4164 non
687 4107 830 4182 possunt,
888 4097 963 4158 nitio
990 4096 1202 4159 interserenda
1229 4117 1262 4158 se
1290 4099 1424 4175 offerat,
1451 4097 1566 4178 jubent
1593 4095 1680 4159 illam

49 4183 218 4266 quibusque
228 4186 287 4247 hoc
296 4187 482 4266 ipsogratiae
492 4183 717 4251 sacramentali
729 4190 833 4250 aditus
887 4184 1004 4246 differri
1028 4185 1132 4266 quoad
1153 4203 1252 4267 usquc
1275 4187 1443 4265 poenitens,
1470 4203 1680 4267 quaecumque

48 4269 289 4348 intercludatur;
323 4274 435 4336 suadet
470 4275 609 4355 profecto
638 4276 776 4339 charitas
799 4282 835 4338 ut
888 4272 1021 4334 dicenda
1039 4277 1215 4352 paraverat,
1233 4273 1426 4348 enuntiarit;
1447 4274 1503 4343 sed
1518 4273 1586 4335 haec
1606 4292 1683 4353 pro·

48 4359 195 4422 Sacerdos
210 4363 275 4422 tam
296 4379 394 4440 grave
415 4360 663 4440 incommodum,
680 4367 834 4444 quantum
888 4359 996 4421 bibitio
1012 4377 1074 4421 non
1100 4363 1147 4422 est
1167 4360 1377 4442 undequaque
1396 4361 1581 4442 probanda,
1607 4377 1682 4424 cum

47 4445 76 4506 in
94 4467 127 4510 se
148 4449 246 4511 situm
274 4455 330 4517 est,
356 4449 507 4528 appositis
533 4450 834 4531 interrogationibus
888 4467 950 4510 non
964 4448 1025 4509 levi
1039 4449 1239 4511 incommodo
1255 4449 1391 4512 obnoxia
1406 4450 1456 4511 sit.
1482 4451 1578 4511 Plura
1596 4450 1681 4510 enim

48 4533 209 4616 diligenter
221 4541 353 4599 avertat.
371 4540 447 4600 Cum
462 4557 538 4600 vero
552 4558 591 4601 er
612 4541 671 4601 hac
690 4541 834 4602 mutilata
888 4535 932 4596 sic
951 4536 1123 4598 differendo
1148 4556 1164 4598 e
1183 4537 1337 4600 memoria
1360 4538 1505 4600 excident
1518 4537 1683 4601 Confessa-

47 4630 243 4700 peecatorum
257 4624 469 4688 declaratione
483 4632 632 4708 sequatur
646 4628 834 4708 plerumque
888 4623 937 4700 rii,
953 4625 1126 4702 praesertim
1140 4625 1164 4686 si
1180 4627 1330 4704 prolixior
1353 4631 1384 4688 et
1397 4626 1572 4689 intricatior
1587 4624 1683 4688 fucrit

47 4711 163 4775 irritum
179 4713 291 4775 confici
306 4715 564 4790 Sacramentum3
582 4716 679 4796 exigit
693 4735 749 4778 suo
762 4716 834 4796 jure
888 4711 1057 4774 Confessio.
1069 4715 1178 4793 ltaque
1193 4714 1364 4776 consultius
1379 4713 1506 4774 omnino
1521 4713 1591 4790 erit,
1605 4731 1682 4792 quc·

48 4800 173 4880 Religio,
191 4805 227 4864 ut
248 4803 443 4864 Sacramenti
465 4803 606 4866 Minister
624 4809 688 4867 tam
703 4804 834 4883 impium
888 4800 946 4861 ties
960 4819 1010 4860 res
1025 4799 1137 4880 exiget,
1153 4803 1359 4882 poenitentem
1372 4802 1569 4881 interrogare
1583 4802 1682 4864 valde

48 4887 162 4950 admitti
184 4907 247 4950 non
262 4891 409 4969 patiatur.
427 4893 529 4964 Quare
553 4892 620 4973 ejus
643 4897 835 4973 suntpartes
888 4891 1089 4968 pcccatorum
1113 4907 1265 4968 numero,
1290 4891 1341 4952 vel
1369 4891 1408 4951 de
1429 4890 1587 4972 adjunctis
1611 4907 1683 4970 quaa

47 4974 136 5036 variis
159 4981 193 5038 et
214 4977 364 5057 appositis
378 4979 675 5060 interrogationibus
697 4979 832 5058 efficere,
888 4975 1009 5055 peccati
1032 4981 1086 5039 aut
1109 4979 1247 5056 speciem
1262 4979 1438 5057 immutent,
1464 4982 1519 5041 aut
1544 4980 1684 5057 augeant

48 5065 249 5142 utpoeuitens
268 5065 345 5126 nihil
369 5066 495 5128 omnino
518 5068 607 5144 celet,
625 5067 708 5148 quod
724 5068 755 5127 in
770 5085 837 5147 poe·
889 5081 1066 5142 numerum,
1091 5065 1141 5127 rel
1165 5067 1203 5127 de
1227 5066 1379 5146 peccandi
1408 5066 1622 5129 occasionibus
1650 5065 1683 5125 in

48 5149 182 5213 nitentiae
217 5153 420 5216 Sacrameoto
458 5155 683 5215 declarandum
717 5158 836 5217 Auctor
890 5152 1003 5232 quibus
1025 5153 1144 5215 versari
1171 5153 1435 5233 deprehenditur,
1461 5154 1512 5216 uel
1540 5153 1682 5234 quandiu

47 5235 108 5316 ipse
145 5241 424 5302 sacramentorum
455 5240 596 5304 Christus
632 5241 833 5320 praescripsit.
890 5256 910 5300 a
937 5242 1021 5300 certo
1046 5239 1176 5300 crimine
1195 5239 1226 5300 in
1248 5239 1332 5321 quod
1354 5241 1468 5320 sapius
1491 5242 1598 5320 lapsus
1622 5243 1680 5316 est,

47 5323 130 5386 Unde
159 5345 293 5406 peccare
320 5328 459 5408 graviter
486 5329 689 5391 Sacerdotem
717 5329 776 5390 hac
805 5329 836 5389 in
891 5326 1076 5390 abstinuerit
1091 5347 1099 5402 ;
1116 5328 1148 5388 id
1162 5329 1247 5390 euim
1260 5329 1446 5409 plerumque
1469 5326 1683 5390 necessarium

47 5427 78 5471 re
98 5431 215 5491 parum
236 5417 381 5480 sedulum
404 5416 560 5481 unanimis
588 5420 636 5480 est
666 5419 837 5480 Doctorum
891 5420 948 5492 est,
974 5420 1009 5475 ut
1035 5415 1188 5496 intelligat
1214 5417 1440 5495 confessarius,
1459 5417 1554 5480 sit-ne
1578 5415 1683 5479 absol-

48 5502 211 5566 sententia.
891 5503 1011 5566 vendas
1029 5503 1185 5584 poenitens
1199 5509 1254 5568 eut
1272 5505 1503 5570 dimittendus?

47 2513 72 2571 3.
85 2509 265 2591 Elipc'tiliuo
277 2522 317 2575 est
333 2532 442 2594 paucos
454 2512 559 2577 audire
582 2515 721 2597 complete
742 2535 829 2597 quom

47 2598 140 2660 multos
152 2601 335 2682 imperfecte.

292 2907 457 2994 tlltl
495 2909 572 2996 ΙΙΙ.

96 3133 129 3177 llll
146 3131 336 3180 NECESSITATE
358 3131 393 3178 ET
412 3132 545 3177 hsstflobo
568 3131 770 3178 laranaocla'ot

345 3228 531 3276 amandarat
