3968 6346
340 588 363 656 C
683 591 803 656 tubex
825 583 997 656 CASUUM.
1314 583 1337 655 (i
1618 585 1653 649 tl

41 780 158 842 6661611,
172 783 262 844 peccat
275 779 428 842 venialiter,
442 792 498 829 nou
513 791 585 842 vero,
605 779 627 830 si
643 779 670 830 id
685 793 741 830 non
763 779 805 830 in-

41 851 123 911 tendat,
133 851 250 914 quamvis
264 851 316 900 1166
330 849 377 899 661
391 863 439 914 per
452 849 586 912 accidens,
601 863 628 899 n.
645 853 714 900 1181.

42 920 226 1041 'effffissisionis
235 922 316 972 bonae
331 922 475 984 qualitates
484 921 754 984 comprehenduntur
764 921 810 970 his

65 1095 211 1160 sctumptee,
219 1095 324 1146 1611111111
339 1096 478 1159 Confessio,
491 1111 568 1160 puro,
583 1097 677 1160 fideles,

63 1167 132 1230 itque
142 1166 267 1231 frequens,
283 1166 351 1216 uado
365 1166 612 1227 occurrentium,
623 1166 769 1216 verecundo.

63 1237 159 1299 triepta,
171 1239 300 1286 16661661
313 1235 491 1302 lacrymabilis,
507 1238 655 1298 6666161616,

63 1305 299 1356 romanensem
312 1309 336 1356 ci
349 1307 382 1356 sit
394 1320 486 1370 parcre
496 1309 598 1371 parato.

64 1412 81 1458 l.
102 1409 138 1460 Sit
154 1409 275 1474 Simplex,
296 1413 326 1460 ut
347 1409 417 1459 nihil
432 1423 485 1460 non
502 1411 684 1461 necessarium
703 1409 746 1461 vel
762 1411 809 1460 im·

40 1479 156 1542 pertinens
168 1479 357 1530 admisceatur.
375 1482 398 1530 2.
413 1481 530 1542 Humilis,
545 1481 713 1532 61661666
731 1482 808 1544 agni-

39 1549 159 1599 11666666
173 1550 370 1612 6166116666
387 1551 448 1601 fuco
464 1552 619 1614 verborum,
630 1556 723 1616 aperto
738 1551 809 1615 capi-

39 1619 146 1679 1666116
165 1620 292 1683 genibus,
312 1619 402 1683 gladio
424 1620 558 1684 deposito,
577 1625 627 1671 ete.
643 1623 665 1670 3.
686 1623 763 1682 Poro,
779 1623 810 1670 ut

39 1687 408 1740 6616116661616611666.1.
426 1689 525 1752 Fidelis,
541 1696 572 1742 ut
598 1691 633 1740 sit
654 1692 712 1740 siue
732 1703 809 1740 men·

39 1757 101 1806 dacio
121 1763 145 1808 at
164 1757 289 1820 falsitate,
310 1761 360 1808 etc.
380 1762 403 1809 5.
423 1760 558 1824 Frequens,
578 1761 808 1824 6166166666.

39 1829 154 1889 1116661
175 1833 285 1892 peccata
306 1829 376 1880 clare
400 1830 615 1892 manifestentur,
633 1832 714 1881 sicuti
735 1843 810 1880 com·

40 1898 103 1948 ruisse
118 1902 184 1948 sunt.
199 1901 222 1949 'l.
239 1900 364 1961 Decreta,
379 1904 410 1950 ut
424 1901 561 1950 neminem
576 1906 673 1966 prietes
687 1915 713 1952 se
733 1915 810 1950 accu-

39 1967 213 2029 6616111661,
228 1972 260 2018 ut
275 1967 322 2019 661
337 1969 394 2019 sina
409 1975 483 2021 metu
501 1972 810 2035 11666666166611666

39 2041 115 2098 sponte
128 2051 181 2099 sua,
196 2051 251 2088 non
268 2039 449 2102 interrogatus
462 2045 571 2103 peccata
590 2041 685 2092 edicat
701 2043 724 2092 9.
736 2041 810 2090 Vere-

38 2107 111 2168 cunda,
124 2111 153 2157 ut
173 2105 327 2158 6611611116
342 2109 472 2170 honestis,
491 2111 527 2159 ita
545 2115 645 2172 tamen,
663 2113 693 2160 ut
707 2111 809 2174 species

40 2178 124 2239 peccati
137 2178 315 2242 intelligatur.
327 2181 486 2244 1011116616,
499 2183 528 2230 61
543 2181 614 2230 nihil
627 2181 809 2231 necessarium

39 2247 165 2297 omittatur.
181 2250 218 2297 11.
244 2247 402 2310 secretam
424 2249 551 2300 1666661
566 2250 601 2299 ad
617 2264 711 2301 aurem
726 2250 810 2300 solino

38 2317 174 2369 Sacerdotis.
190 2321 229 2368 12.
241 2319 432 2383 Locryocadilis,
448 2323 478 2369 ut
492 2320 538 2369 flat
552 2335 614 2370 cum
633 2321 740 2370 siucero
759 2321 810 2370 dc·

38 2386 82 2436 lore
95 2391 119 2436 et
133 2389 277 2451 proposito.
295 2391 332 2438 13.
347 2389 500 2451 accelerato,
522 2394 554 2439 ut
567 2403 622 2439 uon
637 2391 684 2440 616
704 2389 811 2439 616616-

39 2459 78 2506 161.
93 2459 227 2520 11661111,
246 2463 278 2510 ut
288 2461 598 2524 propterverecundiam
613 2460 683 2510 nibil
700 2462 808 2510 6611116-

38 2528 116 2578 116161
129 2528 263 2592 pallietur.
276 2532 314 2580 15.
329 2531 464 2592 Accusare,
481 2536 510 2581 ut
528 2530 575 2582 661
589 2536 718 2596 tanquam
733 2547 749 2582 a
764 2545 809 2581 reo

38 2609 110 2646 eoram
130 2597 221 2648 ludica
244 2613 277 2649 ex
303 2600 454 2650 intentione
476 2601 671 2662 absolutionis,
695 2606 745 2652 etc.
770 2604 808 2652 16.

38 2667 113 2717 Parere
122 2671 221 2733 661616,
242 2673 274 2719 ut
300 2671 434 2734 paenitens
457 2673 566 2733 paratus
589 2671 625 2721 sit
643 2671 809 2721 confessario

38 2735 128 2787 obedire
142 2743 189 2789 ete.
204 2741 221 2789 l.
241 2741 266 2800 6,
285 2754 310 2803 p.
326 2743 350 2802 2,
361 2754 388 2790 6.
404 2743 473 2790 1196.

61 2807 190 2871 confessio,
206 2809 338 2860 6166161
353 2811 406 2860 666
422 2812 570 2862 1611166666
592 2813 673 2872 bono,
687 2813 810 2876 aliquan·

37 2875 124 2925 16666
140 2878 214 2928 obest
230 2879 329 2939 valeri,
345 2877 576 2942 666611666161
595 2880 648 2930 fine
664 2881 810 2931 intrinseco

37 2947 103 3006 malo,
116 2948 132 2996 l.
145 2949 169 3009 6,
182 2963 208 3012 p.
223 2952 250 3010 2,
267 2963 341 2999 666.
366 2951 434 2999 1161.
450 2949 535 3000 Debet
550 2965 606 3001 csse
622 2951 810 3002 Sacramenta·

37 3015 173 3080 11616661,
195 3033 260 3068 cnm
283 3019 376 3068 animo
398 3020 550 3082 accipiendi
572 3021 771 3071 absolutionem
793 3035 810 3071 a

39 3090 147 3148 presente
162 3089 318 3150 Sacerdote,
334 3103 360 3137 n.
379 3091 448 3149 1292,
463 3103 478 3138 a
494 3103 521 3138 ιι.
538 3092 606 3140 1999.

36 3155 229 3276 vdssnlessionis
246 3159 386 3222 integritus
401 3160 480 3223 quale
496 3161 672 3224 praerequimt
686 3175 809 3212 examen.

56 3261 61 3273 .
92 3241 185 3278 66111611.

62 3295 183 3347 Confessio
196 3298 339 3361 generalis.
355 3299 386 3349 V.
403 3299 532 3349 Generalis
546 3300 685 3363 Confessio.

60 3365 184 3417 Confessio
198 3369 320 3419 invalida
335 3383 391 3419 6666
415 3372 503 3433 potest
527 3384 560 3419 ex
584 3371 687 3435 duplici
711 3371 809 3436 capite,

37 3436 148 3498 6116661
161 3443 236 3502 parte
252 3439 422 3500 Confessarii,
434 3440 456 3489 si
468 3441 511 3490 rel
519 3441 740 3503 iurisdictionem
755 3455 809 3491 non

37 3503 126 3568 1611611,
137 3509 179 3558 161
203 3511 364 3572 impeditam
380 3524 428 3574 per
450 3512 607 3572 censuram,
623 3511 697 3573 item,
718 3513 740 3562 si
756 3512 810 3562 lor-

36 3585 95 3626 166
108 3579 320 3630 substantialiter
328 3581 446 3642 vitiavit,
462 3582 505 3630 vel
519 3595 574 3630 non
589 3583 708 3632 intendit
720 3582 810 3632 absol-

36 3657 97 3708 1616,
111 3649 151 3698 161
170 3651 279 3700 661166
298 3655 439 3714 peccatum
458 3651 600 3702 intellexit.
625 3653 749 3703 Secundo
777 3666 811 3702 ex

38 3721 100 3778 parte
112 3721 276 3783 paenitentis,
287 3721 310 3770 si
324 3721 376 3773 fuit
390 3723 649 3786 excommunicatus,
660 3725 682 3773 si
699 3723 810 3774 mortale

12 3789 13 3792 ’
38 3789 114 3851 benit,
128 3791 171 3840 vel
184 3793 218 3842 de
243 3806 275 3842 eo
290 3791 356 3842 16166
376 3807 404 3842 66
426 3794 572 3843 accusavit.
588 3795 655 3843 1166
674 3795 695 3844 61
711 3798 810 3844 morta-

37 3853 89 3907 liter
100 3861 234 3924 negligens
257 3860 310 3911 luit
332 3862 361 3912 iu
385 3863 564 3912 examinanda
588 3863 768 3924 Conscientia,
788 3863 810 3914 si

36 3937 82 3978 non
94 3927 169 3980 luerit
185 3931 307 3992 attritus,
325 3932 348 3980 si
372 3931 443 3983 nolit
464 3932 558 3982 tollere
577 3934 764 3995 occasionem,
785 3939 813 3984 et

36 4003 207 4064 communiter,
222 4003 245 4052 si
261 4007 401 4066 peccatum
416 4004 521 4053 carnale
545 4003 682 4054 confessus
706 4006 742 4055 sit
762 4020 811 4056 suo

37 4070 155 4134 complici,
169 4077 220 4123 etc.
239 4073 257 4122 1.
271 4075 296 4134 6,
307 4087 333 4136 p.
348 4077 372 4134 2,
388 4088 415 4123 6.
433 4076 500 4124 1293.

61 4138 188 4192 Confessio
201 4145 305 4207 peccati
320 4144 444 4195 mortalis
458 4145 581 4195 nondum
596 4146 696 4196 directe
706 4147 812 4197 absolu·

37 4206 62 4268 ti,
82 4211 266 4263 universaliter
288 4214 440 4277 loquendo,
465 4216 551 4280 repeti
575 4217 665 4278 debet,
690 4231 717 4266 n.
743 4219 811 4268 1296.

34 4277 78 4338 061
89 4282 222 4334 comesses
238 4288 278 4334 est
300 4284 430 4346 invalide,
446 4286 636 4350 undecumque
657 4289 814 4352 provenerit

12 4383 13 4386 ,
35 4346 192 4413 iambditss3
220 4353 295 4416 item,
320 4355 366 4417 661
390 4355 479 4405 valide
503 4356 628 4419 quidem,
652 4359 814 4409 6666611111

34 4417 114 4494 aliqua
127 4423 261 4484 mortalia,
276 4423 319 4473 161
332 4424 512 4475 confessarius
530 4427 621 4489 aliqua
635 4441 691 4477 666
706 4427 813 4478 1616116·

34 4489 68 4536 xil
79 4489 111 4539 ob
124 4492 282 4542 surditatem
296 4494 340 4544 vei
354 4495 435 4545 61166
444 4504 814 4559 6666666666666666,16-

34 4561 103 4608 netas
114 4563 201 4613 adbuc
215 4564 337 4616 confiteri
353 4566 473 4617 invalida
498 4567 629 4629 confessa,
646 4569 756 4631 omissa,
770 4569 814 4618 161

34 4639 82 4679 166
92 4631 225 4684 intellecta
239 4649 255 4684 a
269 4636 449 4698 confessario,
463 4640 490 4687 et
504 4637 586 4687 simul
599 4639 697 4689 addere
717 4653 816 4690 nume-

34 4709 86 4748 116
107 4702 325 4766 confessionum,
352 4719 413 4769 quse
441 4707 576 4769 sacrilegae
606 4708 730 4771 fuerunt,
758 4721 814 4758 nou

13 4831 14 4834 Ἴ
31 4771 217 4850 seruitiorum,
233 4788 293 4838 qnae
308 4777 419 4826 1661661
433 4779 538 4827 tautum
549 4777 685 4841 invalidae,
701 4794 727 4830 n.
745 4781 813 4830 1291.

34 4837 78 4898 061
93 4845 315 4908 semidormienti,
331 4848 374 4898 vel
389 4848 521 4899 distracto
531 4849 601 4899 mala
611 4849 663 4900 tide
678 4850 815 4901 coufessus

34 4915 76 4970 est,
89 4915 193 4964 tenetur
207 4917 408 4968 confessionem
427 4921 511 4968 totam
530 4923 651 4982 repetere
667 4940 674 4981 t
692 4920 726 4970 66
742 4921 815 4971 1666

34 4979 136 5044 breim,
153 4987 200 5048 qui
212 4987 282 5038 mala
296 4988 348 5038 666
363 4990 490 5052 quesivit
504 4990 702 5040 confessarium
719 4992 814 5042 indoe-

34 5053 94 5114 1616,
108 5059 167 5116 616.,
185 5069 241 5106 666
261 5073 325 5109 1616
347 5061 369 5109 61
392 5060 464 5110 11666
485 5058 538 5110 666
557 5061 604 5110 1611
620 5061 757 5112 666166666
771 5063 815 5124 611,

34 5123 78 5170 cte.
93 5128 202 5175 161263.
224 5127 273 5188 061
288 5129 364 5178 finita
379 5129 547 5179 confessione
562 5130 691 5193 intelligit
705 5132 815 5181 Confes-

34 5193 125 5244 aariam
146 5196 238 5260 aliqua
261 5211 317 5249 non
340 5201 500 5264 percepisse,
519 5202 621 5252 neseiat
638 5205 816 5265 66166666

35 5259 75 5313 iiia
95 5267 165 5329 sint,
184 5271 293 5319 tenetur
311 5270 514 5321 confessionem
536 5272 672 5324 ordinarie
686 5277 816 5337 repetere,

33 5341 84 5414 tn.
99 5339 166 5388 1219.
182 5339 235 5398 061
249 5343 388 5404 peccatum
398 5354 432 5391 ex
446 5355 535 5392 errore
553 5343 704 5394 mortaliter
723 5343 816 5408 culpa·

34 5401 77 5455 bili
91 5408 189 5471 omisit,
205 5411 248 5460 rel
263 5424 407 5462 nnmerum
421 5417 469 5462 aut
482 5413 565 5463 aliam
575 5415 816 5478 circumstantiam,

35 5481 175 5530 1666666116
185 5493 241 5532 non
255 5484 559 5536 teneturConfessiones
575 5486 751 5538 intermedias
766 5487 816 5538 bo-

120 5568 228 5623 tunm.

861 791 896 828 na
911 777 963 828 666
978 781 1005 828 61
1018 777 1137 841 legitime
1153 776 1235 828 factas
1250 780 1380 842 repetere,
1397 776 1425 824 in
1441 774 1541 840 quibus
1557 787 1591 822 ex
1605 787 1654 823 ua-

863 848 944 899 turali
959 849 1097 899 oblivione
1116 848 1252 899 defectum
1275 848 1352 898 illum
1367 860 1423 897 non
1442 847 1494 897 fuit
1507 845 1655 904 confessus,

863 921 912 968 cto.
927 933 954 968 6.
971 921 1039 969 1293.
1055 919 1105 980 061
1122 919 1324 982 inculpabiliter
1341 918 1657 982 61166666116666166-

864 990 939 1051 tiam,
955 991 1038 1040 etiam
1055 991 1172 1054 speciem
1187 993 1338 1039 mutantem
1353 989 1454 1049 omisit,
1470 1000 1525 1038 nou
1549 989 1657 1035 tenetur

864 1063 951 1110 totum
970 1063 1110 1123 peccatum
1130 1064 1261 1123 repetere,
1278 1060 1300 1109 si
1325 1058 1556 1109 circumstantiam
1581 1055 1657 1105 11166

864 1129 976 1179 seorsim
991 1129 1157 1179 sufficienter
1174 1128 1310 1178 declarare
1326 1129 1420 1192 possit,
1430 1141 1505 1177 num.
1521 1127 1589 1176 1299.
1604 1123 1657 1184 061

863 1203 952 1250 661166
976 1199 1008 1250 66
1032 1199 1140 1249 mortali
1159 1199 1186 1248 in
1209 1199 1382 1248 Confessione
1402 1198 1510 1259 omisso,
1533 1195 1656 1258 negative

863 1269 979 1330 dubitat,
991 1282 1025 1318 an
1041 1268 1108 1318 illud
1123 1269 1246 1318 omiserit
1264 1281 1297 1317 61
1307 1268 1478 1328 1616666616,
1493 1280 1529 1316 66
1539 1279 1572 1315 ex
1583 1267 1657 1328 justa

864 1351 953 1399 causa,
971 1342 1079 1389 tenetur
1093 1352 1153 1387 cum
1169 1338 1216 1388 illo
1231 1337 1399 1402 reliquorum
1414 1337 1572 1386 mortalium
1586 1335 1657 1384 Con-

864 1409 1009 1460 fessionem
1029 1413 1160 1473 repetere,
1176 1422 1250 1458 uum.
1270 1411 1338 1458 1212.
1355 1409 1383 1459 Si
1398 1407 1479 1457 homo
1494 1405 1569 1456 rudis
1585 1419 1659 1469 gros·

864 1479 933 1528 siore
959 1477 1039 1527 modo
1060 1477 1141 1526 etiam
1164 1477 1283 1526 Parocho
1308 1476 1417 1526 indocto
1440 1477 1477 1526 sit
1499 1474 1655 1534 confessus,

863 1547 1031 1611 probabilius
1045 1559 1101 1596 uon
1123 1549 1232 1595 tenetur
1249 1549 1343 1608 postea
1364 1546 1513 1596 instructus
1531 1543 1657 1593 distincte

864 1617 955 1666 omnia
968 1621 1076 1678 peccata
1094 1620 1226 1680 repetere,
1235 1617 1257 1665 si
1273 1615 1455 1666 confessarius
1469 1613 1547 1664 facile
1562 1614 1656 1678 depre-

863 1687 981 1737 hendere
1008 1687 1101 1750 possit,
1126 1686 1192 1749 6616
1216 1685 1301 1735 facere
1325 1685 1422 1736 solitus
1444 1685 1489 1746 ait,
1510 1685 1559 1733 etc.
1582 1695 1658 1732 unm.

864 1760 933 1808 1213.
945 1757 995 1816 061
1011 1756 1182 1820 culpabiliter
1196 1758 1236 1806 est
1250 1757 1351 1806 oblitus
1365 1755 1532 1820 paenitentiae
1547 1753 1599 1802 sibi
1614 1753 1657 1802 in·

862 1828 976 1891 junctae,
990 1840 1046 1876 non
1060 1829 1168 1876 tenetur
1183 1826 1244 1876 ideo
1261 1829 1369 1889 peccata
1392 1825 1513 1875 confessa
1527 1828 1657 1887 repetere,

863 1899 1028 1947 6661215.
1048 1897 1100 1956 061
1123 1896 1325 1959 inculpabiliter
1347 1896 1439 1946 omisit
1460 1894 1584 1954 mortale,
1607 1894 1658 1943 hoc

863 1979 919 2016 nou
934 1967 1087 2016 necessario
1101 1966 1177 2015 addit
1192 1967 1220 2014 in
1243 1965 1328 2016 altera
1343 1965 1526 2026 Confessione,
1542 1977 1570 2012 se
1585 1963 1659 2013 scili·

863 2040 906 2086 cet
916 2035 990 2085 illius
1006 2035 1087 2085 luisse
1103 2035 1227 2097 oblitum,
1244 2049 1270 2084 n.
1288 2035 1356 2085 1211.
1373 2035 1424 2094 061
1439 2036 1538 2098 repetit
1553 2031 1660 2083 Confes-

864 2107 954 2155 sioues
969 2105 1102 2154 invalidas
1115 2105 1187 2168 apud
1203 2104 1401 2155 Confessarium
1416 2106 1555 2154 diversum
1573 2116 1589 2151 a
1603 2101 1660 2166 pri·

864 2189 917 2236 mo,
933 2179 1041 2226 tenetur
1051 2176 1142 2225 omnia
1152 2175 1278 2225 distincte
1290 2179 1316 2226 61
1330 2175 1489 2240 singulatim
1501 2173 1574 2238 apud
1586 2175 1658 2222 bunc

863 2249 998 2309 repetere;
1008 2247 1030 2294 si
1041 2259 1104 2295 vero
1114 2244 1186 2309 apud
1202 2247 1327 2296 eumdem
1342 2247 1540 2298 Confessarium
1556 2248 1582 2294 61
1592 2245 1660 2294 Con-

863 2315 992 2366 fessiones
1007 2315 1111 2378 priores
1125 2315 1226 2364 fuerint
1242 2329 1305 2366 1616
1320 2315 1536 2376 sacramentales,
1547 2318 1575 2364 et
1589 2313 1659 2364 Con-

863 2385 989 2435 fessarius
1012 2385 1101 2435 adbuc
1131 2386 1258 2436 notitiam
1285 2387 1405 2450 aliquam
1432 2389 1605 2450 peccatorum
1631 2383 1660 2432 iu

864 2456 999 2520 prioribus
1014 2456 1234 2506 confessionibus
1248 2457 1382 2506 dictorum
1401 2455 1509 2514 babeat,
1526 2452 1660 2504 satislacit

864 2527 892 2574 in
906 2538 1005 2588 genere
1019 2525 1136 2576 dicendo
1148 2544 1155 2576 1
1166 2529 1241 2576 etiem
1252 2540 1391 2576 1116666166
1401 2525 1432 2575 de
1446 2523 1560 2574 omuibus
1570 2537 1660 2588 116666·

865 2597 896 2645 111
916 2595 1020 2644 cotetae
1043 2595 1089 2645 tibi
1101 2597 1230 2659 confessis,
1246 2611 1321 2646 num.
1338 2597 1407 2657 1299,
1422 2609 1438 2644 6
1455 2608 1529 2644 666.
1547 2595 1615 2657 1216.
1632 2593 1659 2644 Si

864 2680 928 2716 1616
947 2666 1129 2716 confessarius
1152 2667 1254 2717 nullam
1279 2667 1396 2731 amplius
1422 2679 1516 2715 eorum
1535 2665 1661 2714 notitiam

864 2737 972 2797 habeat,
987 2751 1037 2786 nec
1051 2737 1241 2800 poenitentiam
1259 2738 1441 2800 imposuisset,
1453 2739 1593 2786 teneretur
1606 2749 1661 2800 6161-

864 2807 954 2854 611666
969 2807 997 2853 16
1012 2808 1118 2854 166166
1142 2806 1237 2856 saltem
1260 2807 1388 2856 distincte
1409 2809 1530 2868 repetere
1551 2808 1662 2870 peecata

863 2876 977 2926 antchac
1001 2876 1130 2938 confessa,
1161 2879 1294 2938 quantum
1318 2889 1425 2925 6666666
1446 2879 1516 2925 66661
1538 2875 1573 2925 ad
1599 2875 1660 2936 hoc,

864 2952 895 2998 ut
910 2961 943 2996 ex
957 2947 983 2995 11
995 2947 1178 2998 confessionis
1192 2949 1289 3010 partim
1304 2947 1456 3011 prseteritae,
1476 2946 1576 3010 partim
1591 2958 1662 3008 prse-

864 3019 949 3068 sentis
964 3017 1146 3067 confessarius
1166 3019 1302 3081 judicium
1323 3019 1419 3068 saltem
1443 3017 1585 3066 confusum
1609 3017 1661 3065 ite-

866 3103 926 3139 166
941 3088 1055 3137 formare
1070 3092 1169 3150 posset,
1184 3091 1211 3136 et
1225 3089 1416 3139 Poenitentiam
1440 3099 1587 3150 congruam
1609 3085 1661 3134 im-

865 3172 977 3223 ponere,
989 3161 1039 3208 etc.
1054 3171 1128 3206 num.
1142 3159 1210 3207 1219.

897 3229 1034 3279 Confessio
1059 3229 1147 3278 ualida
1163 3227 1208 3278 sed
1228 3228 1361 3291 informis,
1376 3242 1431 3278 non
1451 3231 1491 3278 est
1505 3227 1661 3278 necessario

865 3300 1021 3363 repetenda,
1036 3299 1054 3348 l.
1067 3301 1091 3359 6,
1109 3313 1134 3363 p.
1149 3301 1173 3360 2,
1189 3312 1205 3347 6
1219 3313 1294 3349 666.
1307 3302 1376 3350 1296.

898 3371 1036 3429 Confessio
1060 3371 1202 3435 Religiosis
1225 3369 1293 3422 facta
1316 3375 1356 3422 est
1378 3371 1478 3434 valida,
1503 3371 1520 3422 l.
1547 3373 1571 3433 6,
1595 3385 1621 3435 p.
1637 3373 1661 3432 2,

865 3444 979 3492 61295.

895 3511 1034 3563 Confessio
1051 3512 1199 3562 venialium
1215 3512 1393 3577 probabiliter
1407 3512 1489 3562 etiam
1513 3512 1663 3577 requiritur

864 3583 898 3634 ad
927 3583 1089 3633 lucrandum
1103 3584 1261 3645 lubilaeuru,
1276 3584 1356 3632 sicuti
1375 3582 1443 3632 etad
1458 3582 1599 3634 lucrandas
1618 3583 1664 3631 ln-

864 3654 1028 3718 dulgentias,
1048 3653 1065 3704 1.
1089 3656 1113 3715 6,
1137 3667 1163 3717 p.
1178 3656 1202 3715 2,
1225 3669 1241 3704 6
1264 3667 1339 3704 666.
1357 3655 1425 3703 1111.
1449 3653 1584 3717 Sacrilego
1604 3665 1662 3703 non

865 3723 973 3784 suflicit,
989 3737 1016 3773 n.
1033 3725 1102 3774 1116.

865 3809 877 3844 6
909 3793 1045 3845 Confessio
1060 3794 1162 3858 peccati
1177 3807 1210 3844 ex
1220 3793 1389 3845 Conscientia
1401 3806 1512 3844 6116666
1527 3794 1663 3844 commissi

865 3865 923 3914 6611
937 3866 1018 3914 661161
1032 3865 1149 3914 6166666
1166 3885 1172 3915 =
1196 3866 1255 3914 l'cci
1267 3865 1307 3914 vet
1318 3865 1365 3914 icoc
1379 3864 1444 3913 illud
1457 3867 1597 3928 peccatum,
1612 3877 1663 3927 pec-

866 3937 922 3984 tens
944 3948 984 3982 mc
1005 3935 1093 3998 focepe
1109 3937 1198 3983 contro
1212 3935 1367 3998 Procopium
1393 3933 1433 3983 vet
1452 3936 1539 3982 contro
1561 3947 1665 3998 procem

866 4005 1054 4069 obligationem,
1071 4004 1088 4053 l.
1106 4007 1129 4064 l,
1145 4017 1171 4054 11.
1189 4008 1211 4054 l.

898 4074 1036 4125 Confessio
1052 4075 1213 4126 mortalium
1238 4074 1443 4138 prsercquiritur
1460 4076 1523 4124 ante
1541 4074 1666 4124 Commu-

867 4147 977 4196 uiouem
997 4145 1016 4194 l.
1040 4147 1065 4207 6,
1081 4160 1107 4210 p.
1126 4147 1432 4207 1,666.511,6666.
1456 4145 1513 4206 633,
1535 4146 1588 4194 all.
1613 4144 1664 4204 061

868 4217 974 4267 dubitat
998 4230 1035 4266 66
1058 4216 1178 4280 peccarit
1202 4215 1361 4277 mortaliter,
1381 4214 1478 4264 16166
1499 4215 1611 4264 mortale
1630 4213 1666 4264 sit

868 4288 918 4338 1116
933 4286 1082 4348 confessus,
1099 4289 1209 4336 tenetur
1225 4285 1347 4335 confiteri
1361 4288 1425 4335 aute
1439 4283 1665 4335 communionem

869 4371 895 4408 n.
911 4359 965 4406 511.
986 4357 1121 4407 contritio
1135 4360 1199 4406 ante
1215 4356 1441 4406 communionem
1455 4359 1482 4404 et
1501 4355 1664 4405 (1616111666-

868 4443 932 4479 666
947 4427 1045 4478 6616611
1059 4427 1109 4490 1111,
1126 4429 1172 4492 661
1188 4432 1229 4477 661
1244 4427 1272 4476 16
1287 4429 1359 4476 61616
1374 4425 1479 4490 peccati
1494 4427 1626 4487 mortalis,
1641 4427 1664 4475 si

870 4502 905 4550 611
920 4499 1066 4550 necessitas
1080 4498 1235 4549 celebrandi
1250 4497 1293 4546 rel
1308 4497 1538 4558 communicandi,
1553 4500 1580 4546 61
1594 4497 1664 4548 desit

868 4570 1062 4631 Confessarius,
1091 4570 1344 4620 661166666161
1372 4572 1464 4618 autem
1488 4571 1545 4617 tum
1569 4567 1662 4617 deesse

869 4641 946 4703 copia
961 4638 1129 4700 confessarii,
1146 4640 1168 4689 si
1185 4640 1282 4689 absens
1305 4640 1364 4688 sine
1388 4652 1488 4701 magna
1504 4637 1664 4688 difficultate

870 4711 996 4774 spectatis
1010 4710 1222 4760 circumstantiis
1235 4709 1305 4760 adiri
1319 4722 1375 4758 non
1390 4710 1476 4773 possit
1488 4709 1532 4758 161
1548 4721 1603 4758 666
1620 4707 1667 4758 ad-

870 4781 973 4830 sitnisi
993 4781 1102 4843 ignarus
1118 4780 1267 4841 idiomatis,
1290 4780 1333 4830 161
1353 4780 1545 4844 jurisdictione
1560 4794 1664 4840 carens,

870 4851 913 4901 vel
928 4852 1189 4913 excommunicatus,
1204 4851 1247 4901 161
1262 4851 1306 4900 661
1321 4865 1377 4902 666
1392 4852 1478 4915 possis
1492 4849 1613 4902 66661611
1628 4853 1666 4901 si·

870 4935 904 4971 ne
923 4923 999 4986 gravi
1019 4923 1118 4972 damno
1143 4927 1201 4983 tuo,
1215 4923 1259 4973 rel
1273 4923 1374 4984 alieno,
1389 4923 1412 4972 si
1436 4923 1536 4973 habeas
1559 4925 1664 4972 tantum

870 5005 963 5041 casum
977 4997 1156 5054 1666116166,
1170 5007 1221 5042 666
1236 4997 1328 5057 pareat
1337 4993 1428 5044 aditus
1438 4992 1472 5043 ad
1483 4993 1664 5057 Superiorem,

871 5063 921 5110 etc.
940 5075 966 5110 n.
984 5063 1039 5122 511,
1055 5063 1109 5112 531.
1126 5064 1275 5114 Necessitas
1284 5068 1377 5113 autem
1387 5063 1608 5113 communicandi
1623 5062 1666 5114 161

872 5132 1029 5182 celebrandi
1045 5136 1086 5182 est
1099 5135 1245 5184 necessitas
1258 5135 1348 5198 gravis
1362 5134 1406 5184 vel
1421 5148 1564 5198 6166661.
1580 5148 1605 5197 g.
1622 5147 1666 5198 pc·

870 5201 989 5252 1166166
1003 5204 1108 5267 661116,
1123 5205 1167 5255 161
1181 5208 1212 5255 61
1225 5209 1399 5256 consecretur
1413 5207 1505 5256 Hostia
1520 5219 1569 5270 pro
1585 5206 1667 5256 mori-

870 5276 942 5334 turo,
967 5274 1043 5334 item,
1071 5275 1094 5324 si
1118 5275 1286 5326 Sacrificium
1309 5275 1353 5324 161
1376 5276 1539 5326 Communia
1564 5277 1666 5340 absque

870 5343 946 5406 gravi
961 5344 1088 5395 scandalo
1102 5346 1145 5398 vel
1164 5346 1275 5398 166616
1296 5348 1411 5398 notabili
1427 5349 1517 5400 omitti
1533 5361 1589 5398 nou
1604 5363 1667 5414 pos·

871 5414 968 5464 selsel
985 5416 1032 5466 616
1047 5417 1150 5468 6166111
1165 5419 1286 5482 deberet,
1298 5421 1374 5480 item,
1386 5420 1410 5469 si
1424 5421 1563 5471 Perochus
1577 5434 1611 5471 ex
1625 5421 1667 5470 oi-

872 5484 933 5536 6616
948 5487 1082 5538 celebrare
1097 5489 1216 5552 deberet,
1231 5490 1275 5541 vel
1296 5491 1474 5554 probabiliter
1488 5493 1571 5544 ctiam
1586 5492 1667 5555 alius,

1574 5583 1589 5634 9
